time,price,volume,match_type,id
2024-07-19 09:14:40,23750.0,85500,ATO/ATC,224500998
2024-07-19 09:14:42,23700.0,100,Sell,224501198
2024-07-19 09:14:42,23700.0,800,Sell,224501197
2024-07-19 09:14:42,23700.0,100,Sell,224501196
2024-07-19 09:14:42,23700.0,100,Sell,224501195
2024-07-19 09:14:42,23700.0,900,Sell,224501194
2024-07-19 09:14:42,23700.0,100,Sell,224501187
2024-07-19 09:14:42,23700.0,200,Sell,224501192
2024-07-19 09:14:42,23700.0,300,Sell,224501188
2024-07-19 09:14:42,23700.0,100,Sell,224501189
2024-07-19 09:14:42,23700.0,100,Sell,224501193
2024-07-19 09:14:42,23700.0,300,Sell,224501191
2024-07-19 09:14:42,23700.0,1000,Sell,224501190
2024-07-19 09:14:44,23700.0,800,Sell,224501283
2024-07-19 09:14:45,23700.0,100,Sell,224501297
2024-07-19 09:14:51,23750.0,500,Buy,224501361
2024-07-19 09:15:00,23750.0,2000,Buy,224501498
2024-07-19 09:15:01,23700.0,100,Sell,224501506
2024-07-19 09:15:03,23750.0,400,Buy,224501549
2024-07-19 09:15:09,23750.0,200,Buy,224501747
2024-07-19 09:15:11,23750.0,100,Buy,224501804
2024-07-19 09:15:19,23750.0,2000,Buy,224501992
2024-07-19 09:15:22,23750.0,2000,Buy,224502056
2024-07-19 09:15:22,23750.0,2600,Buy,224502055
2024-07-19 09:15:22,23750.0,100,Buy,224502054
2024-07-19 09:15:22,23750.0,3700,Buy,224502057
2024-07-19 09:15:22,23750.0,100,Buy,224502052
2024-07-19 09:15:22,23750.0,500,Buy,224502051
2024-07-19 09:15:22,23750.0,900,Buy,224502050
2024-07-19 09:15:22,23750.0,100,Buy,224502053
2024-07-19 09:15:26,23700.0,4200,Sell,224502187
2024-07-19 09:15:26,23700.0,400,Sell,224502186
2024-07-19 09:15:26,23700.0,1000,Sell,224502175
2024-07-19 09:15:26,23700.0,800,Sell,224502174
2024-07-19 09:15:26,23700.0,300,Sell,224502173
2024-07-19 09:15:26,23700.0,1200,Sell,224502171
2024-07-19 09:15:26,23700.0,800,Sell,224502170
2024-07-19 09:15:26,23700.0,100,Sell,224502169
2024-07-19 09:15:26,23700.0,100,Sell,224502168
2024-07-19 09:15:26,23700.0,200,Sell,224502167
2024-07-19 09:15:26,23700.0,500,Sell,224502172
2024-07-19 09:15:26,23700.0,200,Sell,224502166
2024-07-19 09:15:27,23700.0,2000,Sell,224502202
2024-07-19 09:15:28,23700.0,400,Sell,224502237
2024-07-19 09:15:33,23750.0,200,Buy,224502349
2024-07-19 09:15:37,23700.0,4000,Sell,224502439
2024-07-19 09:15:38,23700.0,800,Sell,224502464
2024-07-19 09:15:39,23750.0,500,Buy,224502485
2024-07-19 09:15:39,23700.0,100,Sell,224502486
2024-07-19 09:15:40,23700.0,100,Sell,224502510
2024-07-19 09:15:42,23700.0,8400,Sell,224502568
2024-07-19 09:15:42,23700.0,300,Sell,224502569
2024-07-19 09:15:42,23700.0,2000,Sell,224502570
2024-07-19 09:15:42,23700.0,9300,Sell,224502571
2024-07-19 09:15:43,23700.0,4200,Sell,224502593
2024-07-19 09:15:44,23700.0,800,Sell,224502619
2024-07-19 09:15:45,23700.0,100,Sell,224502649
2024-07-19 09:15:46,23700.0,300,Sell,224502658
2024-07-19 09:15:50,23700.0,1000,Sell,224502757
2024-07-19 09:15:50,23700.0,800,Sell,224502756
2024-07-19 09:15:50,23700.0,300,Sell,224502755
2024-07-19 09:15:50,23700.0,1200,Sell,224502753
2024-07-19 09:15:50,23700.0,1400,Sell,224502752
2024-07-19 09:15:50,23700.0,5000,Sell,224502751
2024-07-19 09:15:50,23700.0,500,Sell,224502754
2024-07-19 09:15:51,23700.0,500,Sell,224502782
2024-07-19 09:15:51,23700.0,600,Sell,224502790
2024-07-19 09:15:51,23700.0,23000,Sell,224502788
2024-07-19 09:15:51,23700.0,100,Sell,224502787
2024-07-19 09:15:51,23700.0,5000,Sell,224502786
2024-07-19 09:15:51,23700.0,1000,Sell,224502785
2024-07-19 09:15:51,23700.0,100,Sell,224502784
2024-07-19 09:15:51,23700.0,100,Sell,224502783
2024-07-19 09:15:51,23700.0,500,Sell,224502781
2024-07-19 09:15:51,23700.0,400,Sell,224502789
2024-07-19 09:15:51,23700.0,500,Sell,224502779
2024-07-19 09:15:51,23700.0,400,Sell,224502762
2024-07-19 09:15:51,23700.0,3500,Sell,224502773
2024-07-19 09:15:51,23700.0,5000,Sell,224502774
2024-07-19 09:15:51,23700.0,4200,Sell,224502763
2024-07-19 09:15:51,23700.0,200,Sell,224502776
2024-07-19 09:15:51,23700.0,100,Sell,224502777
2024-07-19 09:15:51,23700.0,400,Sell,224502778
2024-07-19 09:15:51,23700.0,100,Sell,224502775
2024-07-19 09:15:51,23700.0,700,Sell,224502780
2024-07-19 09:15:52,23750.0,800,Buy,224502798
2024-07-19 09:16:03,23700.0,2000,Buy,224503015
2024-07-19 09:16:08,23650.0,100,Sell,224503120
2024-07-19 09:16:09,23700.0,100,Buy,224503158
2024-07-19 09:16:16,23650.0,600,Sell,224503361
2024-07-19 09:16:16,23650.0,400,Sell,224503362
2024-07-19 09:16:16,23650.0,1000,Sell,224503363
2024-07-19 09:16:17,23650.0,400,Sell,224503377
2024-07-19 09:16:24,23700.0,4000,Buy,224503516
2024-07-19 09:16:24,23700.0,3500,Buy,224503517
2024-07-19 09:16:25,23700.0,1000,Buy,224503533
2024-07-19 09:16:42,23700.0,1200,Buy,224504001
2024-07-19 09:16:42,23700.0,1800,Buy,224504002
2024-07-19 09:16:54,23650.0,100,Sell,224504319
2024-07-19 09:16:54,23650.0,500,Sell,224504320
2024-07-19 09:16:54,23650.0,300,Sell,224504321
2024-07-19 09:16:54,23650.0,100,Sell,224504322
2024-07-19 09:16:54,23650.0,200,Sell,224504323
2024-07-19 09:17:01,23600.0,300,Sell,224504500
2024-07-19 09:17:01,23600.0,3900,Sell,224504499
2024-07-19 09:17:01,23600.0,400,Sell,224504498
2024-07-19 09:17:01,23600.0,700,Sell,224504493
2024-07-19 09:17:01,23600.0,100,Sell,224504490
2024-07-19 09:17:01,23600.0,700,Sell,224504491
2024-07-19 09:17:01,23600.0,300,Sell,224504489
2024-07-19 09:17:01,23600.0,300,Sell,224504492
2024-07-19 09:17:01,23600.0,1100,Sell,224504487
2024-07-19 09:17:01,23600.0,500,Sell,224504481
2024-07-19 09:17:01,23600.0,100,Sell,224504482
2024-07-19 09:17:01,23600.0,200,Sell,224504483
2024-07-19 09:17:01,23600.0,500,Sell,224504488
2024-07-19 09:17:01,23600.0,400,Sell,224504485
2024-07-19 09:17:01,23600.0,100,Sell,224504486
2024-07-19 09:17:01,23600.0,200,Sell,224504484
2024-07-19 09:17:02,23600.0,1700,Sell,224504533
2024-07-19 09:17:02,23600.0,100,Sell,224504534
2024-07-19 09:17:02,23600.0,200,Sell,224504535
2024-07-19 09:17:03,23600.0,300,Sell,224504577
2024-07-19 09:17:08,23600.0,100,Buy,224504762
2024-07-19 09:17:08,23650.0,100,Buy,224504763
2024-07-19 09:17:13,23550.0,1000,Sell,224504886
2024-07-19 09:17:13,23550.0,2100,Sell,224504907
2024-07-19 09:17:13,23550.0,1000,Sell,224504906
2024-07-19 09:17:13,23550.0,1000,Sell,224504905
2024-07-19 09:17:13,23550.0,100,Sell,224504904
2024-07-19 09:17:13,23550.0,400,Sell,224504903
2024-07-19 09:17:13,23550.0,800,Sell,224504885
2024-07-19 09:17:13,23550.0,500,Sell,224504883
2024-07-19 09:17:13,23550.0,1200,Sell,224504882
2024-07-19 09:17:13,23550.0,700,Sell,224504881
2024-07-19 09:17:13,23550.0,100,Sell,224504880
2024-07-19 09:17:13,23550.0,500,Sell,224504879
2024-07-19 09:17:13,23550.0,100,Sell,224504878
2024-07-19 09:17:13,23550.0,300,Sell,224504884
2024-07-19 09:17:14,23600.0,700,Sell,224504915
2024-07-19 09:17:14,23550.0,1300,Sell,224504919
2024-07-19 09:17:15,23600.0,400,Sell,224504946
2024-07-19 09:17:22,23600.0,100,Sell,224505196
2024-07-19 09:17:31,23600.0,500,Buy,224505453
2024-07-19 09:17:31,23600.0,1000,Buy,224505454
2024-07-19 09:17:36,23600.0,1000,Buy,224505591
2024-07-19 09:17:41,23500.0,500,Sell,224505764
2024-07-19 09:17:41,23500.0,1000,Sell,224505763
2024-07-19 09:17:41,23500.0,200,Sell,224505762
2024-07-19 09:17:41,23500.0,2000,Sell,224505761
2024-07-19 09:17:41,23500.0,200,Sell,224505760
2024-07-19 09:17:41,23500.0,300,Sell,224505759
2024-07-19 09:17:41,23500.0,900,Sell,224505758
2024-07-19 09:17:41,23500.0,2000,Sell,224505755
2024-07-19 09:17:41,23500.0,100,Sell,224505756
2024-07-19 09:17:41,23500.0,800,Sell,224505757
2024-07-19 09:17:41,23550.0,600,Sell,224505750
2024-07-19 09:17:41,23500.0,3000,Sell,224505751
2024-07-19 09:17:41,23500.0,300,Sell,224505754
2024-07-19 09:17:41,23500.0,100,Sell,224505753
2024-07-19 09:17:41,23500.0,100,Sell,224505752
2024-07-19 09:17:42,23500.0,3500,Sell,224505791
2024-07-19 09:17:42,23500.0,500,Sell,224505792
2024-07-19 09:17:43,23500.0,1500,Sell,224505808
2024-07-19 09:17:43,23500.0,300,Sell,224505809
2024-07-19 09:17:43,23500.0,100,Sell,224505810
2024-07-19 09:17:43,23500.0,100,Sell,224505811
2024-07-19 09:17:43,23500.0,1000,Sell,224505812
2024-07-19 09:17:43,23500.0,300,Sell,224505813
2024-07-19 09:17:44,23500.0,600,Sell,224505855
2024-07-19 09:17:45,23500.0,100,Sell,224505872
2024-07-19 09:18:00,23500.0,4000,Sell,224506299
2024-07-19 09:18:00,23500.0,5000,Sell,224506300
2024-07-19 09:18:00,23500.0,1000,Sell,224506301
2024-07-19 09:18:01,23500.0,700,Sell,224506334
2024-07-19 09:18:01,23500.0,900,Sell,224506332
2024-07-19 09:18:01,23500.0,2100,Sell,224506325
2024-07-19 09:18:01,23500.0,300,Sell,224506333
2024-07-19 09:18:04,23500.0,100,Buy,224506508
2024-07-19 09:18:05,23500.0,100,Buy,224506544
2024-07-19 09:18:07,23500.0,1300,Buy,224506591
2024-07-19 09:18:10,23500.0,500,Buy,224506676
2024-07-19 09:18:20,23500.0,100,Buy,224506960
2024-07-19 09:18:28,23500.0,1000,Buy,224507227
2024-07-19 09:18:30,23500.0,500,Buy,224507273
2024-07-19 09:18:35,23500.0,100,Buy,224507417
2024-07-19 09:18:47,23450.0,800,Sell,224507755
2024-07-19 09:18:47,23450.0,2000,Sell,224507769
2024-07-19 09:18:47,23450.0,1800,Sell,224507768
2024-07-19 09:18:47,23450.0,400,Sell,224507767
2024-07-19 09:18:47,23450.0,200,Sell,224507754
2024-07-19 09:18:47,23450.0,1200,Sell,224507749
2024-07-19 09:18:47,23450.0,700,Sell,224507752
2024-07-19 09:18:47,23450.0,300,Sell,224507751
2024-07-19 09:18:47,23450.0,500,Sell,224507750
2024-07-19 09:18:47,23450.0,100,Sell,224507745
2024-07-19 09:18:47,23450.0,1300,Sell,224507748
2024-07-19 09:18:47,23450.0,100,Sell,224507753
2024-07-19 09:18:48,23400.0,200,Sell,224507795
2024-07-19 09:18:48,23400.0,500,Sell,224507794
2024-07-19 09:18:48,23400.0,2600,Sell,224507793
2024-07-19 09:18:48,23400.0,100,Sell,224507791
2024-07-19 09:18:48,23400.0,500,Sell,224507792
2024-07-19 09:18:48,23400.0,500,Sell,224507789
2024-07-19 09:18:48,23400.0,300,Sell,224507788
2024-07-19 09:18:48,23400.0,100,Sell,224507787
2024-07-19 09:18:48,23400.0,100,Sell,224507786
2024-07-19 09:18:48,23450.0,100,Buy,224507785
2024-07-19 09:18:48,23400.0,1600,Sell,224507790
2024-07-19 09:18:53,23450.0,300,Buy,224507954
2024-07-19 09:18:59,23500.0,400,Buy,224508144
2024-07-19 09:18:59,23500.0,9600,Buy,224508145
2024-07-19 09:18:59,23500.0,500,Buy,224508153
2024-07-19 09:19:08,23500.0,1000,Buy,224508457
2024-07-19 09:19:09,23450.0,800,Sell,224508487
2024-07-19 09:19:09,23450.0,1000,Sell,224508488
2024-07-19 09:19:09,23450.0,300,Sell,224508486
2024-07-19 09:19:09,23500.0,3000,Buy,224508489
2024-07-19 09:19:09,23450.0,1200,Sell,224508484
2024-07-19 09:19:09,23450.0,1000,Sell,224508483
2024-07-19 09:19:09,23450.0,200,Sell,224508482
2024-07-19 09:19:09,23450.0,500,Sell,224508485
2024-07-19 09:19:09,23450.0,200,Sell,224508481
2024-07-19 09:19:10,23450.0,4200,Sell,224508495
2024-07-19 09:19:10,23450.0,200,Sell,224508494
2024-07-19 09:19:10,23450.0,200,Sell,224508493
2024-07-19 09:19:34,23450.0,100,Sell,224509175
2024-07-19 09:19:38,23450.0,100,Sell,224509253
2024-07-19 09:19:40,23400.0,7300,Sell,224509315
2024-07-19 09:19:40,23400.0,300,Sell,224509314
2024-07-19 09:19:40,23450.0,300,Sell,224509313
2024-07-19 09:19:40,23450.0,100,Sell,224509311
2024-07-19 09:19:40,23450.0,2500,Sell,224509312
2024-07-19 09:19:40,23450.0,500,Sell,224509309
2024-07-19 09:19:40,23450.0,500,Sell,224509308
2024-07-19 09:19:40,23450.0,500,Sell,224509307
2024-07-19 09:19:40,23450.0,3000,Sell,224509306
2024-07-19 09:19:40,23450.0,400,Sell,224509305
2024-07-19 09:19:40,23450.0,100,Sell,224509310
2024-07-19 09:19:50,23400.0,500,Sell,224509636
2024-07-19 09:19:50,23400.0,600,Sell,224509640
2024-07-19 09:19:50,23400.0,100,Sell,224509639
2024-07-19 09:19:50,23400.0,500,Sell,224509638
2024-07-19 09:19:50,23400.0,2000,Sell,224509637
2024-07-19 09:19:50,23400.0,200,Sell,224509635
2024-07-19 09:19:50,23400.0,200,Sell,224509632
2024-07-19 09:19:50,23400.0,200,Sell,224509633
2024-07-19 09:19:50,23400.0,100,Sell,224509631
2024-07-19 09:19:50,23400.0,200,Sell,224509630
2024-07-19 09:19:50,23400.0,200,Sell,224509629
2024-07-19 09:19:50,23400.0,2700,Sell,224509628
2024-07-19 09:19:50,23400.0,100,Sell,224509634
2024-07-19 09:19:56,23400.0,100,Sell,224509842
2024-07-19 09:19:56,23400.0,3700,Sell,224509851
2024-07-19 09:19:56,23400.0,100,Sell,224509850
2024-07-19 09:19:56,23400.0,1000,Sell,224509849
2024-07-19 09:19:56,23400.0,3700,Sell,224509848
2024-07-19 09:19:56,23400.0,700,Sell,224509847
2024-07-19 09:19:56,23400.0,600,Sell,224509843
2024-07-19 09:19:56,23400.0,300,Sell,224509841
2024-07-19 09:19:56,23400.0,600,Sell,224509836
2024-07-19 09:19:56,23400.0,800,Sell,224509839
2024-07-19 09:19:56,23400.0,100,Sell,224509840
2024-07-19 09:19:56,23400.0,2400,Sell,224509831
2024-07-19 09:19:56,23400.0,300,Sell,224509832
2024-07-19 09:19:56,23400.0,100,Sell,224509833
2024-07-19 09:19:56,23400.0,1000,Sell,224509835
2024-07-19 09:19:56,23400.0,900,Sell,224509837
2024-07-19 09:19:56,23400.0,700,Sell,224509838
2024-07-19 09:19:56,23400.0,2400,Sell,224509834
2024-07-19 09:19:57,23450.0,800,Buy,224509870
2024-07-19 09:20:00,23400.0,800,Sell,224509987
2024-07-19 09:20:14,23400.0,300,Sell,224510331
2024-07-19 09:20:15,23450.0,500,Buy,224510401
2024-07-19 09:20:19,23450.0,500,Buy,224510481
2024-07-19 09:20:21,23450.0,2000,Buy,224510548
2024-07-19 09:20:34,23400.0,1800,Sell,224510920
2024-07-19 09:20:34,23400.0,200,Sell,224510918
2024-07-19 09:20:34,23400.0,1000,Sell,224510919
2024-07-19 09:20:39,23450.0,100,Buy,224511078
2024-07-19 09:20:44,23450.0,500,Buy,224511241
2024-07-19 09:20:47,23400.0,2000,Sell,224511317
2024-07-19 09:20:47,23400.0,100,Sell,224511316
2024-07-19 09:20:47,23400.0,900,Sell,224511315
2024-07-19 09:20:47,23400.0,1000,Sell,224511314
2024-07-19 09:20:47,23400.0,100,Sell,224511313
2024-07-19 09:20:47,23400.0,1000,Sell,224511312
2024-07-19 09:20:47,23400.0,300,Sell,224511311
2024-07-19 09:20:47,23400.0,1000,Sell,224511310
2024-07-19 09:20:47,23400.0,100,Sell,224511309
2024-07-19 09:20:47,23400.0,1800,Sell,224511307
2024-07-19 09:20:47,23400.0,200,Sell,224511300
2024-07-19 09:20:47,23400.0,100,Sell,224511301
2024-07-19 09:20:47,23400.0,3000,Sell,224511302
2024-07-19 09:20:47,23400.0,100,Sell,224511308
2024-07-19 09:20:47,23400.0,300,Sell,224511304
2024-07-19 09:20:47,23400.0,5000,Sell,224511305
2024-07-19 09:20:47,23400.0,1000,Sell,224511306
2024-07-19 09:20:47,23400.0,2000,Sell,224511303
2024-07-19 09:20:50,23400.0,1100,Sell,224511373
2024-07-19 09:20:50,23400.0,1000,Sell,224511374
2024-07-19 09:20:50,23400.0,400,Sell,224511375
2024-07-19 09:20:50,23400.0,100,Sell,224511376
2024-07-19 09:20:50,23400.0,500,Sell,224511377
2024-07-19 09:20:50,23400.0,800,Sell,224511378
2024-07-19 09:20:50,23400.0,3200,Sell,224511379
2024-07-19 09:20:50,23400.0,100,Sell,224511380
2024-07-19 09:20:51,23400.0,100,Buy,224511414
2024-07-19 09:20:54,23450.0,500,Buy,224511489
2024-07-19 09:20:55,23400.0,500,Sell,224511497
2024-07-19 09:20:57,23400.0,300,Buy,224511543
2024-07-19 09:21:18,23400.0,100,Sell,224512071
2024-07-19 09:21:18,23400.0,500,Sell,224512072
2024-07-19 09:21:28,23450.0,2400,Buy,224512450
2024-07-19 09:21:28,23450.0,1400,Buy,224512451
2024-07-19 09:21:28,23450.0,1200,Buy,224512452
2024-07-19 09:21:29,23400.0,500,Sell,224512492
2024-07-19 09:21:37,23450.0,400,Buy,224512696
2024-07-19 09:21:38,23450.0,200,Buy,224512764
2024-07-19 09:21:38,23450.0,1100,Buy,224512767
2024-07-19 09:21:38,23450.0,900,Buy,224512766
2024-07-19 09:21:38,23450.0,4200,Buy,224512763
2024-07-19 09:21:38,23450.0,1000,Buy,224512765
2024-07-19 09:21:38,23450.0,1000,Buy,224512761
2024-07-19 09:21:38,23450.0,400,Buy,224512762
2024-07-19 09:21:38,23450.0,800,Buy,224512760
2024-07-19 09:21:38,23450.0,300,Buy,224512759
2024-07-19 09:21:38,23450.0,100,Buy,224512758
2024-07-19 09:21:40,23400.0,500,Sell,224512824
2024-07-19 09:21:41,23400.0,1100,Sell,224512849
2024-07-19 09:21:53,23450.0,200,Buy,224513167
2024-07-19 09:21:59,23400.0,200,Sell,224513293
2024-07-19 09:22:02,23450.0,700,Buy,224513400
2024-07-19 09:22:02,23450.0,9300,Buy,224513401
2024-07-19 09:22:13,23400.0,500,Sell,224513713
2024-07-19 09:22:13,23400.0,200,Sell,224513712
2024-07-19 09:22:13,23400.0,500,Sell,224513711
2024-07-19 09:22:13,23400.0,100,Sell,224513710
2024-07-19 09:22:13,23400.0,200,Sell,224513709
2024-07-19 09:22:13,23400.0,3000,Sell,224513708
2024-07-19 09:22:13,23400.0,5000,Sell,224513707
2024-07-19 09:22:13,23400.0,100,Sell,224513706
2024-07-19 09:22:13,23400.0,100,Sell,224513704
2024-07-19 09:22:13,23400.0,10000,Sell,224513705
2024-07-19 09:22:13,23400.0,2700,Sell,224513701
2024-07-19 09:22:13,23400.0,4400,Sell,224513700
2024-07-19 09:22:13,23400.0,1100,Sell,224513699
2024-07-19 09:22:13,23400.0,7000,Sell,224513698
2024-07-19 09:22:13,23400.0,1900,Sell,224513697
2024-07-19 09:22:13,23400.0,1000,Sell,224513696
2024-07-19 09:22:13,23400.0,1000,Sell,224513695
2024-07-19 09:22:13,23400.0,1700,Sell,224513694
2024-07-19 09:22:13,23400.0,3000,Sell,224513703
2024-07-19 09:22:13,23400.0,300,Sell,224513702
2024-07-19 09:22:18,23400.0,500,Buy,224513837
2024-07-19 09:22:18,23400.0,100,Buy,224513840
2024-07-19 09:22:18,23400.0,100,Buy,224513841
2024-07-19 09:22:34,23350.0,100,Sell,224514173
2024-07-19 09:22:37,23400.0,1000,Buy,224514263
2024-07-19 09:22:38,23400.0,1000,Buy,224514265
2024-07-19 09:22:39,23400.0,1000,Buy,224514287
2024-07-19 09:22:44,23400.0,200,Buy,224514464
2024-07-19 09:22:45,23400.0,500,Buy,224514467
2024-07-19 09:22:45,23400.0,500,Buy,224514468
2024-07-19 09:22:46,23400.0,1300,Buy,224514483
2024-07-19 09:23:35,23450.0,1000,Buy,224515741
2024-07-19 09:23:51,23450.0,1000,Buy,224516091
2024-07-19 09:23:54,23450.0,100,Buy,224516165
2024-07-19 09:24:10,23450.0,100,Buy,224516487
2024-07-19 09:24:17,23450.0,100,Buy,224516594
2024-07-19 09:24:20,23450.0,1000,Buy,224516692
2024-07-19 09:24:27,23450.0,200,Buy,224516812
2024-07-19 09:24:32,23450.0,100,Buy,224516936
2024-07-19 09:24:36,23450.0,1000,Buy,224517048
2024-07-19 09:24:37,23450.0,100,Buy,224517069
2024-07-19 09:24:38,23450.0,700,Buy,224517089
2024-07-19 09:24:38,23450.0,1400,Buy,224517088
2024-07-19 09:24:38,23450.0,900,Buy,224517087
2024-07-19 09:24:38,23450.0,800,Buy,224517086
2024-07-19 09:24:38,23450.0,1200,Buy,224517085
2024-07-19 09:24:43,23450.0,500,Buy,224517209
2024-07-19 09:24:44,23450.0,500,Buy,224517224
2024-07-19 09:24:44,23450.0,300,Buy,224517225
2024-07-19 09:24:44,23450.0,800,Buy,224517226
2024-07-19 09:24:44,23450.0,100,Buy,224517227
2024-07-19 09:24:47,23450.0,900,Buy,224517297
2024-07-19 09:24:47,23450.0,400,Buy,224517298
2024-07-19 09:24:47,23450.0,900,Buy,224517299
2024-07-19 09:24:48,23450.0,500,Buy,224517314
2024-07-19 09:24:52,23450.0,4000,Buy,224517435
2024-07-19 09:24:52,23450.0,2000,Buy,224517434
2024-07-19 09:24:52,23450.0,100,Buy,224517433
2024-07-19 09:24:52,23450.0,1000,Sell,224517436
2024-07-19 09:24:52,23450.0,1700,Buy,224517431
2024-07-19 09:24:52,23450.0,2800,Buy,224517429
2024-07-19 09:24:52,23450.0,2000,Buy,224517432
2024-07-19 09:24:52,23450.0,1000,Buy,224517430
2024-07-19 09:24:59,23450.0,1500,Sell,224517555
2024-07-19 09:25:49,23500.0,200,Buy,224518637
2024-07-19 09:25:52,23450.0,4000,Sell,224518700
2024-07-19 09:25:57,23450.0,2000,Sell,224518963
2024-07-19 09:25:59,23500.0,200,Buy,224519038
2024-07-19 09:26:04,23500.0,1000,Buy,224519110
2024-07-19 09:26:09,23500.0,200,Buy,224519348
2024-07-19 09:26:17,23500.0,1000,Buy,224519497
2024-07-19 09:26:19,23500.0,6600,Buy,224519559
2024-07-19 09:26:23,23450.0,200,Sell,224519653
2024-07-19 09:26:44,23500.0,100,Buy,224520191
2024-07-19 09:26:51,23500.0,500,Buy,224520488
2024-07-19 09:26:55,23450.0,800,Sell,224520581
2024-07-19 09:26:55,23450.0,1000,Sell,224520582
2024-07-19 09:26:55,23450.0,300,Sell,224520580
2024-07-19 09:26:55,23450.0,1200,Sell,224520578
2024-07-19 09:26:55,23450.0,1400,Sell,224520577
2024-07-19 09:26:55,23450.0,500,Sell,224520579
2024-07-19 09:26:56,23450.0,400,Sell,224520598
2024-07-19 09:26:56,23450.0,2100,Sell,224520599
2024-07-19 09:26:56,23450.0,500,Sell,224520600
2024-07-19 09:26:56,23450.0,1000,Sell,224520601
2024-07-19 09:26:56,23450.0,200,Sell,224520602
2024-07-19 09:26:56,23450.0,400,Sell,224520603
2024-07-19 09:27:00,23500.0,1400,Buy,224520733
2024-07-19 09:27:04,23500.0,700,Buy,224520860
2024-07-19 09:27:11,23500.0,1000,Buy,224521034
2024-07-19 09:27:12,23500.0,13000,Buy,224521084
2024-07-19 09:27:14,23500.0,1000,Buy,224521136
2024-07-19 09:27:14,23500.0,500,Buy,224521137
2024-07-19 09:27:17,23500.0,600,Buy,224521224
2024-07-19 09:27:17,23500.0,100,Buy,224521223
2024-07-19 09:27:17,23500.0,200,Buy,224521222
2024-07-19 09:27:17,23500.0,200,Buy,224521220
2024-07-19 09:27:17,23500.0,300,Buy,224521219
2024-07-19 09:27:17,23500.0,8500,Buy,224521218
2024-07-19 09:27:17,23500.0,100,Buy,224521221
2024-07-19 09:27:20,23500.0,200,Buy,224521281
2024-07-19 09:27:22,23500.0,600,Buy,224521374
2024-07-19 09:27:22,23500.0,400,Buy,224521375
2024-07-19 09:27:24,23500.0,500,Buy,224521435
2024-07-19 09:27:25,23500.0,200,Buy,224521469
2024-07-19 09:27:28,23500.0,100,Buy,224521585
2024-07-19 09:27:28,23500.0,500,Buy,224521586
2024-07-19 09:27:28,23500.0,300,Buy,224521587
2024-07-19 09:27:28,23500.0,100,Buy,224521588
2024-07-19 09:27:28,23500.0,500,Buy,224521590
2024-07-19 09:27:29,23500.0,200,Buy,224521633
2024-07-19 09:27:29,23500.0,100,Buy,224521634
2024-07-19 09:27:30,23500.0,700,Buy,224521676
2024-07-19 09:27:30,23500.0,900,Buy,224521674
2024-07-19 09:27:30,23500.0,400,Buy,224521675
2024-07-19 09:27:33,23500.0,1000,Buy,224521810
2024-07-19 09:27:34,23500.0,100,Buy,224521845
2024-07-19 09:27:34,23500.0,200,Buy,224521846
2024-07-19 09:27:35,23500.0,800,Buy,224521891
2024-07-19 09:27:37,23500.0,1000,Buy,224521974
2024-07-19 09:27:39,23500.0,400,Buy,224522024
2024-07-19 09:27:39,23500.0,100,Buy,224522025
2024-07-19 09:27:42,23500.0,1000,Buy,224522147
2024-07-19 09:27:42,23500.0,100,Buy,224522148
2024-07-19 09:27:44,23500.0,200,Buy,224522213
2024-07-19 09:27:49,23500.0,600,Buy,224522445
2024-07-19 09:27:49,23500.0,300,Buy,224522444
2024-07-19 09:27:49,23500.0,200,Buy,224522418
2024-07-19 09:27:50,23500.0,100,Buy,224522489
2024-07-19 09:27:51,23500.0,600,Buy,224522513
2024-07-19 09:27:51,23500.0,100,Buy,224522514
2024-07-19 09:27:51,23500.0,300,Buy,224522515
2024-07-19 09:27:55,23500.0,700,Buy,224522656
2024-07-19 09:27:58,23500.0,500,Buy,224522850
2024-07-19 09:27:58,23500.0,1500,Buy,224522851
2024-07-19 09:27:58,23500.0,100,Buy,224522852
2024-07-19 09:27:58,23500.0,200,Buy,224522853
2024-07-19 09:27:58,23500.0,2100,Buy,224522854
2024-07-19 09:27:58,23500.0,9100,Buy,224522855
2024-07-19 09:27:58,23500.0,100,Buy,224522856
2024-07-19 09:27:58,23500.0,200,Buy,224522857
2024-07-19 09:27:58,23500.0,200,Buy,224522859
2024-07-19 09:27:58,23500.0,400,Buy,224522862
2024-07-19 09:27:58,23500.0,200,Buy,224522861
2024-07-19 09:27:58,23500.0,100,Buy,224522849
2024-07-19 09:27:58,23500.0,200,Buy,224522863
2024-07-19 09:27:58,23500.0,200,Buy,224522864
2024-07-19 09:27:58,23500.0,200,Buy,224522865
2024-07-19 09:27:58,23500.0,100,Buy,224522866
2024-07-19 09:27:58,23500.0,200,Buy,224522867
2024-07-19 09:27:58,23500.0,1000,Buy,224522868
2024-07-19 09:27:58,23500.0,100,Buy,224522869
2024-07-19 09:27:58,23500.0,100,Buy,224522870
2024-07-19 09:27:58,23500.0,200,Buy,224522860
2024-07-19 09:27:58,23500.0,100,Buy,224522848
2024-07-19 09:27:58,23500.0,200,Buy,224522858
2024-07-19 09:27:58,23500.0,100,Buy,224522846
2024-07-19 09:27:58,23500.0,1100,Buy,224522813
2024-07-19 09:27:58,23500.0,100,Buy,224522814
2024-07-19 09:27:58,23500.0,2600,Buy,224522816
2024-07-19 09:27:58,23500.0,100,Buy,224522817
2024-07-19 09:27:58,23500.0,3200,Buy,224522818
2024-07-19 09:27:58,23500.0,1500,Buy,224522819
2024-07-19 09:27:58,23500.0,2100,Buy,224522820
2024-07-19 09:27:58,23500.0,2100,Buy,224522821
2024-07-19 09:27:58,23500.0,100,Buy,224522834
2024-07-19 09:27:58,23500.0,100,Buy,224522835
2024-07-19 09:27:58,23500.0,200,Buy,224522815
2024-07-19 09:27:58,23500.0,400,Buy,224522837
2024-07-19 09:27:58,23500.0,100,Buy,224522836
2024-07-19 09:27:58,23500.0,1000,Buy,224522845
2024-07-19 09:27:58,23500.0,200,Buy,224522844
2024-07-19 09:27:58,23500.0,700,Buy,224522843
2024-07-19 09:27:58,23500.0,1000,Buy,224522847
2024-07-19 09:27:58,23500.0,4200,Buy,224522841
2024-07-19 09:27:58,23500.0,800,Buy,224522842
2024-07-19 09:27:58,23500.0,300,Buy,224522840
2024-07-19 09:27:58,23500.0,100,Buy,224522839
2024-07-19 09:27:58,23500.0,600,Buy,224522838
2024-07-19 09:27:59,23500.0,900,Buy,224522994
2024-07-19 09:27:59,23500.0,100,Buy,224522993
2024-07-19 09:27:59,23500.0,100,Buy,224522991
2024-07-19 09:27:59,23500.0,100,Buy,224522932
2024-07-19 09:27:59,23500.0,400,Buy,224522992
2024-07-19 09:28:00,23500.0,100,Buy,224523034
2024-07-19 09:28:01,23500.0,2000,Buy,224523083
2024-07-19 09:28:02,23500.0,300,Buy,224523091
2024-07-19 09:28:02,23500.0,200,Buy,224523092
2024-07-19 09:28:02,23500.0,200,Buy,224523097
2024-07-19 09:28:02,23500.0,800,Buy,224523098
2024-07-19 09:28:02,23500.0,100,Buy,224523112
2024-07-19 09:28:02,23500.0,300,Buy,224523119
2024-07-19 09:28:02,23500.0,200,Buy,224523120
2024-07-19 09:28:03,23500.0,1000,Buy,224523135
2024-07-19 09:28:03,23500.0,500,Buy,224523136
2024-07-19 09:28:03,23500.0,1300,Buy,224523133
2024-07-19 09:28:03,23500.0,100,Buy,224523132
2024-07-19 09:28:03,23500.0,100,Buy,224523134
2024-07-19 09:28:03,23500.0,100,Buy,224523131
2024-07-19 09:28:04,23500.0,400,Buy,224523155
2024-07-19 09:28:04,23500.0,200,Buy,224523156
2024-07-19 09:28:04,23500.0,100,Buy,224523157
2024-07-19 09:28:04,23500.0,200,Buy,224523158
2024-07-19 09:28:04,23500.0,1100,Buy,224523159
2024-07-19 09:28:04,23500.0,100,Buy,224523173
2024-07-19 09:28:05,23500.0,500,Buy,224523192
2024-07-19 09:28:06,23500.0,400,Buy,224523247
2024-07-19 09:28:06,23500.0,500,Buy,224523261
2024-07-19 09:28:06,23500.0,100,Buy,224523283
2024-07-19 09:28:06,23500.0,300,Buy,224523284
2024-07-19 09:28:06,23500.0,200,Buy,224523285
2024-07-19 09:28:07,23500.0,1000,Buy,224523326
2024-07-19 09:28:08,23500.0,400,Buy,224523364
2024-07-19 09:28:08,23500.0,800,Buy,224523365
2024-07-19 09:28:08,23500.0,300,Buy,224523363
2024-07-19 09:28:08,23500.0,200,Buy,224523361
2024-07-19 09:28:08,23500.0,900,Buy,224523360
2024-07-19 09:28:08,23500.0,100,Buy,224523362
2024-07-19 09:28:09,23500.0,500,Buy,224523384
2024-07-19 09:28:09,23500.0,200,Buy,224523401
2024-07-19 09:28:09,23500.0,200,Buy,224523402
2024-07-19 09:28:09,23500.0,100,Buy,224523403
2024-07-19 09:28:09,23500.0,200,Buy,224523404
2024-07-19 09:28:09,23500.0,100,Buy,224523405
2024-07-19 09:28:09,23500.0,200,Buy,224523406
2024-07-19 09:28:11,23500.0,1100,Buy,224523489
2024-07-19 09:28:11,23500.0,100,Buy,224523488
2024-07-19 09:28:11,23500.0,200,Buy,224523487
2024-07-19 09:28:11,23500.0,200,Buy,224523463
2024-07-19 09:28:11,23500.0,900,Buy,224523485
2024-07-19 09:28:11,23500.0,300,Buy,224523464
2024-07-19 09:28:11,23500.0,200,Buy,224523486
2024-07-19 09:28:12,23500.0,500,Buy,224523502
2024-07-19 09:28:12,23500.0,100,Buy,224523509
2024-07-19 09:28:13,23500.0,1000,Buy,224523528
2024-07-19 09:28:13,23500.0,100,Buy,224523527
2024-07-19 09:28:14,23500.0,1600,Buy,224523573
2024-07-19 09:28:14,23500.0,200,Sell,224523567
2024-07-19 09:28:14,23500.0,100,Buy,224523556
2024-07-19 09:28:14,23500.0,600,Buy,224523555
2024-07-19 09:28:14,23500.0,300,Buy,224523554
2024-07-19 09:28:14,23500.0,500,Buy,224523553
2024-07-19 09:28:14,23500.0,300,Buy,224523552
2024-07-19 09:28:14,23500.0,5600,Buy,224523544
2024-07-19 09:28:14,23500.0,100,Buy,224523550
2024-07-19 09:28:14,23500.0,300,Buy,224523545
2024-07-19 09:28:14,23500.0,400,Buy,224523546
2024-07-19 09:28:14,23500.0,200,Buy,224523551
2024-07-19 09:28:14,23500.0,600,Buy,224523548
2024-07-19 09:28:14,23500.0,400,Buy,224523547
2024-07-19 09:28:14,23500.0,400,Buy,224523549
2024-07-19 09:28:15,23500.0,700,Sell,224523592
2024-07-19 09:28:16,23500.0,100,Sell,224523620
2024-07-19 09:28:25,23550.0,200,Buy,224523890
2024-07-19 09:28:25,23550.0,1400,Buy,224523891
2024-07-19 09:28:25,23550.0,1200,Buy,224523892
2024-07-19 09:28:25,23550.0,500,Buy,224523893
2024-07-19 09:28:25,23550.0,300,Buy,224523894
2024-07-19 09:28:25,23550.0,800,Buy,224523895
2024-07-19 09:28:25,23550.0,600,Buy,224523896
2024-07-19 09:28:28,23550.0,1000,Buy,224524072
2024-07-19 09:28:28,23550.0,4200,Buy,224524071
2024-07-19 09:28:28,23550.0,400,Buy,224524070
2024-07-19 09:28:28,23550.0,1000,Buy,224524069
2024-07-19 09:28:28,23550.0,800,Buy,224524068
2024-07-19 09:28:28,23550.0,300,Buy,224524067
2024-07-19 09:28:28,23550.0,1200,Buy,224524065
2024-07-19 09:28:28,23550.0,1400,Buy,224524064
2024-07-19 09:28:28,23550.0,4200,Buy,224524063
2024-07-19 09:28:28,23550.0,400,Buy,224524062
2024-07-19 09:28:28,23550.0,400,Buy,224524061
2024-07-19 09:28:28,23550.0,500,Buy,224524066
2024-07-19 09:28:29,23550.0,3300,Sell,224524130
2024-07-19 09:28:30,23550.0,600,Sell,224524164
2024-07-19 09:28:31,23600.0,400,Buy,224524204
2024-07-19 09:28:31,23600.0,300,Buy,224524205
2024-07-19 09:28:31,23600.0,200,Buy,224524206
2024-07-19 09:28:31,23600.0,100,Buy,224524207
2024-07-19 09:28:31,23550.0,100,Sell,224524208
2024-07-19 09:28:32,23550.0,12100,Sell,224524305
2024-07-19 09:28:32,23550.0,200,Sell,224524292
2024-07-19 09:28:34,23550.0,2500,Sell,224524393
2024-07-19 09:28:35,23550.0,500,Sell,224524438
2024-07-19 09:28:36,23550.0,100,Sell,224524467
2024-07-19 09:28:38,23600.0,1300,Buy,224524546
2024-07-19 09:28:38,23600.0,1200,Buy,224524547
2024-07-19 09:28:38,23600.0,500,Buy,224524548
2024-07-19 09:28:38,23600.0,300,Buy,224524549
2024-07-19 09:28:38,23600.0,800,Buy,224524550
2024-07-19 09:28:38,23600.0,900,Buy,224524551
2024-07-19 09:28:43,23600.0,100,Buy,224524705
2024-07-19 09:28:43,23600.0,400,Buy,224524706
2024-07-19 09:28:43,23600.0,500,Buy,224524707
2024-07-19 09:28:45,23600.0,2000,Buy,224524786
2024-07-19 09:28:46,23600.0,1000,Buy,224524807
2024-07-19 09:28:47,23600.0,200,Buy,224524834
2024-07-19 09:28:47,23600.0,100,Buy,224524833
2024-07-19 09:28:47,23600.0,800,Buy,224524832
2024-07-19 09:28:47,23600.0,1200,Buy,224524829
2024-07-19 09:28:47,23600.0,500,Buy,224524830
2024-07-19 09:28:47,23600.0,700,Buy,224524827
2024-07-19 09:28:47,23600.0,300,Buy,224524831
2024-07-19 09:28:47,23600.0,1400,Buy,224524828
2024-07-19 09:28:48,23600.0,700,Buy,224524860
2024-07-19 09:28:48,23600.0,300,Buy,224524861
2024-07-19 09:28:49,23600.0,100,Buy,224524937
2024-07-19 09:28:49,23600.0,400,Buy,224524938
2024-07-19 09:28:50,23600.0,500,Buy,224524965
2024-07-19 09:28:52,23600.0,3300,Buy,224525018
2024-07-19 09:28:52,23600.0,1700,Buy,224525019
2024-07-19 09:28:53,23600.0,200,Buy,224525074
2024-07-19 09:28:53,23600.0,1000,Buy,224525073
2024-07-19 09:28:53,23600.0,300,Buy,224525071
2024-07-19 09:28:53,23600.0,1000,Buy,224525072
2024-07-19 09:28:54,23600.0,300,Buy,224525107
2024-07-19 09:28:54,23600.0,200,Buy,224525108
2024-07-19 09:28:54,23600.0,100,Buy,224525102
2024-07-19 09:28:55,23600.0,1000,Buy,224525120
2024-07-19 09:28:56,23600.0,100,Buy,224525164
2024-07-19 09:28:56,23600.0,200,Buy,224525165
2024-07-19 09:28:56,23600.0,100,Buy,224525166
2024-07-19 09:28:56,23600.0,100,Buy,224525167
2024-07-19 09:28:56,23600.0,1000,Buy,224525168
2024-07-19 09:28:56,23600.0,600,Buy,224525169
2024-07-19 09:28:56,23600.0,200,Buy,224525170
2024-07-19 09:28:57,23600.0,400,Sell,224525190
2024-07-19 09:29:01,23650.0,100,Buy,224525366
2024-07-19 09:29:01,23650.0,4200,Buy,224525365
2024-07-19 09:29:01,23650.0,400,Buy,224525364
2024-07-19 09:29:01,23650.0,1000,Buy,224525363
2024-07-19 09:29:01,23650.0,500,Buy,224525360
2024-07-19 09:29:01,23650.0,300,Buy,224525361
2024-07-19 09:29:01,23650.0,1400,Buy,224525358
2024-07-19 09:29:01,23650.0,100,Buy,224525357
2024-07-19 09:29:01,23650.0,800,Buy,224525362
2024-07-19 09:29:01,23650.0,1200,Buy,224525359
2024-07-19 09:29:09,23650.0,200,Buy,224525649
2024-07-19 09:29:10,23650.0,700,Buy,224525659
2024-07-19 09:29:10,23650.0,300,Buy,224525660
2024-07-19 09:29:10,23650.0,200,Buy,224525663
2024-07-19 09:29:11,23650.0,900,Buy,224525702
2024-07-19 09:29:16,23650.0,400,Buy,224525867
2024-07-19 09:29:16,23650.0,1600,Buy,224525866
2024-07-19 09:29:17,23650.0,500,Buy,224525939
2024-07-19 09:29:17,23650.0,300,Buy,224525928
2024-07-19 09:29:18,23650.0,200,Buy,224525962
2024-07-19 09:29:19,23650.0,200,Buy,224525982
2024-07-19 09:29:19,23650.0,200,Buy,224525999
2024-07-19 09:29:24,23650.0,500,Buy,224526184
2024-07-19 09:29:24,23650.0,200,Buy,224526204
2024-07-19 09:29:25,23650.0,800,Buy,224526245
2024-07-19 09:29:25,23650.0,800,Buy,224526244
2024-07-19 09:29:25,23650.0,500,Buy,224526242
2024-07-19 09:29:25,23650.0,100,Buy,224526241
2024-07-19 09:29:25,23650.0,300,Buy,224526243
2024-07-19 09:29:26,23600.0,300,Sell,224526270
2024-07-19 09:29:26,23600.0,700,Sell,224526271
2024-07-19 09:29:28,23650.0,100,Buy,224526320
2024-07-19 09:29:28,23650.0,200,Sell,224526326
2024-07-19 09:29:28,23650.0,500,Buy,224526322
2024-07-19 09:29:28,23650.0,500,Buy,224526321
2024-07-19 09:29:28,23650.0,100,Buy,224526319
2024-07-19 09:29:28,23650.0,2100,Buy,224526315
2024-07-19 09:29:28,23650.0,100,Buy,224526317
2024-07-19 09:29:28,23650.0,200,Buy,224526316
2024-07-19 09:29:28,23650.0,4200,Buy,224526314
2024-07-19 09:29:28,23650.0,400,Buy,224526313
2024-07-19 09:29:28,23650.0,200,Buy,224526312
2024-07-19 09:29:28,23650.0,400,Buy,224526318
2024-07-19 09:29:34,23650.0,1000,Sell,224526523
2024-07-19 09:29:34,23650.0,800,Sell,224526524
2024-07-19 09:29:34,23650.0,200,Sell,224526535
2024-07-19 09:29:34,23650.0,5000,Sell,224526536
2024-07-19 09:29:34,23650.0,4000,Sell,224526537
2024-07-19 09:29:34,23650.0,6000,Sell,224526538
2024-07-19 09:29:35,23650.0,3500,Sell,224526585
2024-07-19 09:29:36,23650.0,700,Sell,224526638
2024-07-19 09:29:37,23650.0,100,Sell,224526675
2024-07-19 09:29:42,23700.0,500,Buy,224526885
2024-07-19 09:29:42,23700.0,1000,Buy,224526825
2024-07-19 09:29:44,23650.0,200,Sell,224526930
2024-07-19 09:29:47,23700.0,400,Buy,224526991
2024-07-19 09:29:47,23700.0,3000,Buy,224527009
2024-07-19 09:29:47,23700.0,1100,Buy,224527008
2024-07-19 09:29:47,23700.0,600,Buy,224527007
2024-07-19 09:29:47,23700.0,500,Buy,224527005
2024-07-19 09:29:47,23700.0,200,Buy,224527004
2024-07-19 09:29:47,23700.0,200,Buy,224527003
2024-07-19 09:29:47,23700.0,1500,Buy,224527002
2024-07-19 09:29:47,23700.0,200,Buy,224527001
2024-07-19 09:29:47,23700.0,600,Buy,224527006
2024-07-19 09:29:47,23700.0,4200,Buy,224526999
2024-07-19 09:29:47,23700.0,200,Buy,224527000
2024-07-19 09:29:47,23700.0,1400,Buy,224526992
2024-07-19 09:29:47,23700.0,1200,Buy,224526993
2024-07-19 09:29:47,23700.0,500,Buy,224526994
2024-07-19 09:29:47,23700.0,1700,Buy,224526990
2024-07-19 09:29:47,23700.0,300,Buy,224526995
2024-07-19 09:29:47,23700.0,800,Buy,224526996
2024-07-19 09:29:47,23700.0,1000,Buy,224526997
2024-07-19 09:29:47,23700.0,400,Buy,224526998
2024-07-19 09:29:52,23700.0,1000,Buy,224527141
2024-07-19 09:29:54,23700.0,1000,Buy,224527203
2024-07-19 09:29:57,23700.0,2000,Buy,224527283
2024-07-19 09:29:59,23700.0,100,Buy,224527370
2024-07-19 09:30:00,23700.0,6900,Buy,224527409
2024-07-19 09:30:00,23700.0,2000,Buy,224527410
2024-07-19 09:30:00,23700.0,100,Buy,224527411
2024-07-19 09:30:00,23700.0,1000,Buy,224527412
2024-07-19 09:30:00,23700.0,500,Buy,224527420
2024-07-19 09:30:00,23700.0,100,Buy,224527421
2024-07-19 09:30:00,23700.0,200,Buy,224527422
2024-07-19 09:30:02,23700.0,500,Buy,224527481
2024-07-19 09:30:04,23700.0,500,Buy,224527545
2024-07-19 09:30:05,23700.0,200,Buy,224527583
2024-07-19 09:30:05,23650.0,600,Sell,224527593
2024-07-19 09:30:06,23650.0,100,Sell,224527606
2024-07-19 09:30:10,23700.0,1600,Buy,224527759
2024-07-19 09:30:10,23700.0,100,Buy,224527760
2024-07-19 09:30:10,23700.0,100,Buy,224527761
2024-07-19 09:30:10,23700.0,3200,Buy,224527762
2024-07-19 09:30:11,23700.0,100,Buy,224527833
2024-07-19 09:30:22,23700.0,200,Buy,224528452
2024-07-19 09:30:25,23700.0,100,Buy,224528633
2024-07-19 09:30:29,23700.0,1000,Buy,224528802
2024-07-19 09:30:32,23700.0,200,Buy,224528897
2024-07-19 09:30:33,23700.0,500,Buy,224528966
2024-07-19 09:30:33,23700.0,200,Buy,224528965
2024-07-19 09:30:36,23650.0,200,Sell,224529066
2024-07-19 09:30:43,23700.0,4200,Buy,224529393
2024-07-19 09:30:43,23700.0,200,Buy,224529397
2024-07-19 09:30:43,23700.0,300,Buy,224529394
2024-07-19 09:30:43,23700.0,4200,Buy,224529395
2024-07-19 09:30:43,23700.0,2000,Buy,224529396
2024-07-19 09:30:43,23700.0,200,Buy,224529398
2024-07-19 09:30:43,23700.0,500,Buy,224529405
2024-07-19 09:30:43,23700.0,400,Buy,224529400
2024-07-19 09:30:43,23700.0,2200,Buy,224529401
2024-07-19 09:30:43,23700.0,100,Buy,224529402
2024-07-19 09:30:43,23700.0,100,Buy,224529403
2024-07-19 09:30:43,23700.0,1000,Buy,224529404
2024-07-19 09:30:43,23700.0,1000,Buy,224529391
2024-07-19 09:30:43,23700.0,1000,Buy,224529399
2024-07-19 09:30:43,23700.0,1900,Buy,224529407
2024-07-19 09:30:43,23700.0,400,Buy,224529392
2024-07-19 09:30:43,23700.0,500,Buy,224529388
2024-07-19 09:30:43,23700.0,300,Buy,224529389
2024-07-19 09:30:43,23700.0,17500,Buy,224529374
2024-07-19 09:30:43,23700.0,2000,Buy,224529375
2024-07-19 09:30:43,23700.0,200,Buy,224529376
2024-07-19 09:30:43,23700.0,1500,Buy,224529377
2024-07-19 09:30:43,23700.0,1400,Buy,224529378
2024-07-19 09:30:43,23700.0,1200,Buy,224529379
2024-07-19 09:30:43,23700.0,500,Buy,224529380
2024-07-19 09:30:43,23700.0,800,Buy,224529390
2024-07-19 09:30:43,23700.0,800,Buy,224529382
2024-07-19 09:30:43,23700.0,1000,Buy,224529383
2024-07-19 09:30:43,23700.0,400,Buy,224529384
2024-07-19 09:30:43,23700.0,4200,Buy,224529385
2024-07-19 09:30:43,23700.0,1400,Buy,224529386
2024-07-19 09:30:43,23700.0,1200,Buy,224529387
2024-07-19 09:30:43,23700.0,300,Buy,224529381
2024-07-19 09:30:44,23700.0,100,Buy,224529475
2024-07-19 09:30:44,23700.0,300,Buy,224529476
2024-07-19 09:30:44,23700.0,100,Buy,224529477
2024-07-19 09:30:45,23700.0,100,Buy,224529549
2024-07-19 09:30:45,23700.0,100,Buy,224529550
2024-07-19 09:30:45,23700.0,800,Buy,224529551
2024-07-19 09:30:48,23700.0,700,Buy,224529700
2024-07-19 09:30:48,23700.0,15200,Buy,224529699
2024-07-19 09:30:48,23700.0,200,Buy,224529698
2024-07-19 09:30:48,23700.0,1200,Buy,224529677
2024-07-19 09:30:48,23700.0,10700,Buy,224529696
2024-07-19 09:30:48,23700.0,800,Buy,224529678
2024-07-19 09:30:48,23700.0,100,Buy,224529697
2024-07-19 09:30:49,23700.0,6000,Sell,224529741
2024-07-19 09:30:49,23700.0,17100,Sell,224529742
2024-07-19 09:30:53,23700.0,4800,Buy,224529986
2024-07-19 09:30:53,23700.0,12100,Buy,224529987
2024-07-19 09:30:54,23700.0,100,Buy,224530035
2024-07-19 09:30:54,23700.0,2000,Buy,224530034
2024-07-19 09:30:54,23700.0,3100,Sell,224530013
2024-07-19 09:30:55,23700.0,1400,Buy,224530064
2024-07-19 09:30:55,23700.0,600,Buy,224530065
2024-07-19 09:30:57,23750.0,1000,Buy,224530127
2024-07-19 09:30:57,23700.0,400,Buy,224530123
2024-07-19 09:30:57,23700.0,400,Buy,224530122
2024-07-19 09:31:04,23700.0,700,Sell,224530434
2024-07-19 09:31:04,23700.0,300,Sell,224530435
2024-07-19 09:31:04,23750.0,2000,Buy,224530453
2024-07-19 09:31:05,23750.0,2000,Buy,224530470
2024-07-19 09:31:08,23750.0,1000,Buy,224530598
2024-07-19 09:31:10,23700.0,500,Sell,224530702
2024-07-19 09:31:10,23700.0,100,Sell,224530701
2024-07-19 09:31:10,23700.0,4700,Sell,224530703
2024-07-19 09:31:10,23700.0,100,Sell,224530699
2024-07-19 09:31:10,23700.0,2000,Sell,224530698
2024-07-19 09:31:10,23700.0,1700,Sell,224530697
2024-07-19 09:31:10,23700.0,3000,Sell,224530700
2024-07-19 09:31:11,23700.0,2500,Sell,224530746
2024-07-19 09:31:12,23750.0,2600,Buy,224530838
2024-07-19 09:31:12,23750.0,400,Buy,224530837
2024-07-19 09:31:12,23750.0,1000,Buy,224530836
2024-07-19 09:31:12,23750.0,800,Buy,224530835
2024-07-19 09:31:12,23750.0,300,Buy,224530834
2024-07-19 09:31:12,23750.0,500,Buy,224530833
2024-07-19 09:31:12,23750.0,1400,Buy,224530831
2024-07-19 09:31:12,23750.0,100,Buy,224530830
2024-07-19 09:31:12,23750.0,6700,Buy,224530829
2024-07-19 09:31:12,23750.0,1200,Buy,224530832
2024-07-19 09:31:12,23700.0,500,Sell,224530816
2024-07-19 09:31:14,23700.0,400,Sell,224530956
2024-07-19 09:31:17,23750.0,3400,Buy,224531132
2024-07-19 09:31:17,23750.0,1600,Buy,224531131
2024-07-19 09:31:23,23750.0,3000,Buy,224531333
2024-07-19 09:31:23,23750.0,400,Buy,224531332
2024-07-19 09:31:23,23750.0,1600,Buy,224531331
2024-07-19 09:31:26,23750.0,400,Buy,224531430
2024-07-19 09:31:26,23750.0,100,Buy,224531431
2024-07-19 09:31:26,23750.0,400,Buy,224531432
2024-07-19 09:31:26,23750.0,100,Buy,224531429
2024-07-19 09:31:27,23750.0,200,Buy,224531484
2024-07-19 09:31:27,23750.0,1400,Buy,224531477
2024-07-19 09:31:27,23750.0,100,Buy,224531476
2024-07-19 09:31:27,23750.0,100,Buy,224531474
2024-07-19 09:31:27,23750.0,100,Buy,224531473
2024-07-19 09:31:27,23750.0,100,Buy,224531472
2024-07-19 09:31:27,23750.0,100,Buy,224531471
2024-07-19 09:31:27,23750.0,200,Buy,224531475
2024-07-19 09:31:27,23750.0,100,Buy,224531469
2024-07-19 09:31:27,23750.0,5000,Buy,224531468
2024-07-19 09:31:27,23750.0,4000,Buy,224531467
2024-07-19 09:31:27,23750.0,1100,Buy,224531463
2024-07-19 09:31:27,23750.0,200,Buy,224531466
2024-07-19 09:31:27,23750.0,100,Buy,224531465
2024-07-19 09:31:27,23750.0,2100,Buy,224531464
2024-07-19 09:31:27,23750.0,100,Buy,224531470
2024-07-19 09:31:30,23750.0,1000,Buy,224531665
2024-07-19 09:31:30,23750.0,300,Buy,224531666
2024-07-19 09:31:31,23700.0,2600,Sell,224531723
2024-07-19 09:31:31,23700.0,100,Sell,224531722
2024-07-19 09:31:31,23700.0,1000,Sell,224531721
2024-07-19 09:31:31,23700.0,1900,Sell,224531717
2024-07-19 09:31:31,23700.0,1000,Sell,224531719
2024-07-19 09:31:31,23700.0,4700,Sell,224531718
2024-07-19 09:31:31,23700.0,800,Sell,224531720
2024-07-19 09:31:32,23750.0,1000,Buy,224531778
2024-07-19 09:31:32,23750.0,800,Buy,224531777
2024-07-19 09:31:32,23750.0,2300,Buy,224531780
2024-07-19 09:31:32,23750.0,200,Buy,224531775
2024-07-19 09:31:32,23750.0,300,Buy,224531776
2024-07-19 09:31:32,23750.0,400,Buy,224531779
2024-07-19 09:31:32,23700.0,2500,Sell,224531765
2024-07-19 09:31:33,23750.0,1900,Buy,224531841
2024-07-19 09:31:33,23750.0,500,Buy,224531842
2024-07-19 09:31:33,23750.0,600,Buy,224531843
2024-07-19 09:31:34,23750.0,1000,Buy,224531909
2024-07-19 09:31:35,23750.0,800,Buy,224531955
2024-07-19 09:31:36,23750.0,600,Buy,224531988
2024-07-19 09:31:36,23750.0,1400,Buy,224531989
2024-07-19 09:31:38,23750.0,2600,Buy,224532055
2024-07-19 09:31:38,23750.0,400,Buy,224532056
2024-07-19 09:31:39,23750.0,2000,Buy,224532129
2024-07-19 09:31:39,23750.0,300,Buy,224532133
2024-07-19 09:31:42,23750.0,100,Buy,224532348
2024-07-19 09:31:43,23750.0,200,Buy,224532379
2024-07-19 09:31:43,23750.0,100,Buy,224532380
2024-07-19 09:31:43,23750.0,100,Buy,224532381
2024-07-19 09:31:44,23750.0,500,Buy,224532390
2024-07-19 09:31:45,23750.0,1300,Buy,224532434
2024-07-19 09:31:46,23750.0,300,Buy,224532477
2024-07-19 09:31:51,23750.0,3000,Buy,224532695
2024-07-19 09:31:51,23750.0,200,Buy,224532673
2024-07-19 09:31:52,23700.0,4900,Sell,224532746
2024-07-19 09:31:52,23700.0,2000,Sell,224532747
2024-07-19 09:31:52,23700.0,2900,Sell,224532748
2024-07-19 09:31:52,23700.0,1000,Sell,224532749
2024-07-19 09:31:52,23700.0,1000,Sell,224532750
2024-07-19 09:31:52,23700.0,200,Sell,224532752
2024-07-19 09:31:52,23700.0,100,Sell,224532751
2024-07-19 09:31:53,23750.0,500,Buy,224532791
2024-07-19 09:31:53,23750.0,2200,Buy,224532796
2024-07-19 09:31:53,23750.0,400,Buy,224532795
2024-07-19 09:31:53,23750.0,1000,Buy,224532794
2024-07-19 09:31:53,23750.0,800,Buy,224532793
2024-07-19 09:31:53,23750.0,300,Buy,224532792
2024-07-19 09:31:53,23750.0,1200,Buy,224532790
2024-07-19 09:31:53,23750.0,2200,Buy,224532788
2024-07-19 09:31:53,23700.0,2200,Sell,224532787
2024-07-19 09:31:53,23700.0,300,Sell,224532786
2024-07-19 09:31:53,23750.0,600,Buy,224532779
2024-07-19 09:31:53,23750.0,2000,Buy,224532778
2024-07-19 09:31:53,23750.0,1400,Buy,224532789
2024-07-19 09:31:55,23750.0,900,Buy,224532989
2024-07-19 09:31:59,23750.0,1000,Buy,224533227
2024-07-19 09:32:00,23750.0,100,Buy,224533265
2024-07-19 09:32:00,23750.0,700,Buy,224533266
2024-07-19 09:32:00,23750.0,4200,Buy,224533267
2024-07-19 09:32:09,23750.0,1200,Buy,224533600
2024-07-19 09:32:09,23750.0,2000,Buy,224533598
2024-07-19 09:32:09,23750.0,800,Buy,224533597
2024-07-19 09:32:09,23750.0,1000,Buy,224533599
2024-07-19 09:32:10,23750.0,1000,Buy,224533666
2024-07-19 09:32:11,23700.0,1000,Sell,224533726
2024-07-19 09:32:11,23700.0,500,Sell,224533732
2024-07-19 09:32:11,23700.0,1000,Sell,224533731
2024-07-19 09:32:11,23700.0,200,Sell,224533730
2024-07-19 09:32:11,23700.0,200,Sell,224533729
2024-07-19 09:32:11,23700.0,100,Sell,224533728
2024-07-19 09:32:11,23700.0,500,Sell,224533727
2024-07-19 09:32:11,23700.0,500,Sell,224533725
2024-07-19 09:32:11,23700.0,100,Sell,224533718
2024-07-19 09:32:11,23700.0,100,Sell,224533723
2024-07-19 09:32:11,23700.0,1000,Sell,224533722
2024-07-19 09:32:11,23700.0,2000,Sell,224533721
2024-07-19 09:32:11,23700.0,1800,Sell,224533720
2024-07-19 09:32:11,23700.0,200,Sell,224533719
2024-07-19 09:32:11,23700.0,2000,Sell,224533717
2024-07-19 09:32:11,23700.0,100,Sell,224533716
2024-07-19 09:32:11,23700.0,500,Sell,224533715
2024-07-19 09:32:11,23700.0,300,Sell,224533724
2024-07-19 09:32:12,23700.0,2500,Sell,224533771
2024-07-19 09:32:13,23700.0,500,Sell,224533847
2024-07-19 09:32:13,23750.0,300,Buy,224533846
2024-07-19 09:32:13,23750.0,800,Buy,224533843
2024-07-19 09:32:13,23750.0,300,Buy,224533844
2024-07-19 09:32:13,23750.0,600,Buy,224533845
2024-07-19 09:32:14,23700.0,500,Sell,224533899
2024-07-19 09:32:14,23750.0,100,Buy,224533907
2024-07-19 09:32:15,23750.0,200,Buy,224533935
2024-07-19 09:32:15,23750.0,500,Buy,224533936
2024-07-19 09:32:15,23750.0,3200,Buy,224533937
2024-07-19 09:32:15,23750.0,1000,Buy,224533938
2024-07-19 09:32:15,23750.0,300,Buy,224533939
2024-07-19 09:32:15,23750.0,600,Buy,224533940
2024-07-19 09:32:16,23700.0,100,Sell,224533980
2024-07-19 09:32:17,23700.0,1000,Sell,224534033
2024-07-19 09:32:17,23700.0,200,Sell,224534032
2024-07-19 09:32:17,23700.0,3300,Sell,224534034
2024-07-19 09:32:17,23700.0,5000,Sell,224534030
2024-07-19 09:32:17,23700.0,900,Sell,224534029
2024-07-19 09:32:17,23700.0,1000,Sell,224534031
2024-07-19 09:32:18,23700.0,2300,Sell,224534091
2024-07-19 09:32:19,23750.0,400,Buy,224534155
2024-07-19 09:32:19,23750.0,200,Buy,224534156
2024-07-19 09:32:19,23750.0,400,Buy,224534157
2024-07-19 09:32:19,23700.0,400,Sell,224534160
2024-07-19 09:32:20,23700.0,200,Sell,224534200
2024-07-19 09:32:22,23700.0,2100,Sell,224534295
2024-07-19 09:32:23,23750.0,200,Buy,224534340
2024-07-19 09:32:23,23700.0,400,Sell,224534332
2024-07-19 09:32:26,23700.0,400,Sell,224534446
2024-07-19 09:32:26,23700.0,1000,Sell,224534445
2024-07-19 09:32:26,23700.0,500,Sell,224534444
2024-07-19 09:32:26,23700.0,100,Sell,224534443
2024-07-19 09:32:26,23700.0,500,Sell,224534441
2024-07-19 09:32:26,23700.0,1000,Sell,224534440
2024-07-19 09:32:26,23700.0,400,Sell,224534439
2024-07-19 09:32:26,23700.0,1300,Sell,224534436
2024-07-19 09:32:26,23700.0,3000,Sell,224534442
2024-07-19 09:32:26,23700.0,100,Sell,224534438
2024-07-19 09:32:26,23700.0,1000,Sell,224534437
2024-07-19 09:32:27,23700.0,500,Buy,224534495
2024-07-19 09:32:28,23700.0,2000,Buy,224534530
2024-07-19 09:32:28,23700.0,2000,Buy,224534579
2024-07-19 09:32:31,23700.0,400,Buy,224534711
2024-07-19 09:32:32,23650.0,4100,Sell,224534786
2024-07-19 09:32:32,23650.0,1000,Sell,224534780
2024-07-19 09:32:32,23650.0,200,Sell,224534781
2024-07-19 09:32:32,23650.0,100,Sell,224534782
2024-07-19 09:32:32,23650.0,1000,Sell,224534783
2024-07-19 09:32:32,23650.0,100,Sell,224534784
2024-07-19 09:32:32,23650.0,2000,Sell,224534785
2024-07-19 09:32:32,23650.0,3600,Sell,224534779
2024-07-19 09:32:33,23650.0,2500,Sell,224534882
2024-07-19 09:32:34,23650.0,500,Sell,224534909
2024-07-19 09:32:35,23650.0,100,Sell,224534982
2024-07-19 09:32:39,23700.0,1000,Buy,224535210
2024-07-19 09:32:39,23650.0,15200,Sell,224535238
2024-07-19 09:32:40,23700.0,1800,Buy,224535294
2024-07-19 09:32:40,23700.0,1900,Buy,224535295
2024-07-19 09:32:40,23700.0,100,Buy,224535296
2024-07-19 09:32:40,23700.0,800,Buy,224535297
2024-07-19 09:32:40,23700.0,400,Buy,224535298
2024-07-19 09:32:40,23650.0,3400,Sell,224535299
2024-07-19 09:32:40,23700.0,1000,Buy,224535306
2024-07-19 09:32:40,23700.0,200,Buy,224535339
2024-07-19 09:32:44,23700.0,1800,Buy,224535488
2024-07-19 09:32:52,23650.0,100,Sell,224535840
2024-07-19 09:32:52,23650.0,1000,Sell,224535839
2024-07-19 09:32:52,23650.0,6200,Sell,224535841
2024-07-19 09:32:52,23650.0,200,Sell,224535837
2024-07-19 09:32:52,23650.0,400,Sell,224535838
2024-07-19 09:32:52,23650.0,4200,Sell,224535836
2024-07-19 09:32:53,23650.0,2500,Sell,224535895
2024-07-19 09:32:54,23650.0,500,Sell,224536014
2024-07-19 09:32:55,23700.0,900,Buy,224536061
2024-07-19 09:32:55,23650.0,100,Sell,224536068
2024-07-19 09:32:56,23650.0,200,Sell,224536096
2024-07-19 09:32:56,23700.0,100,Buy,224536130
2024-07-19 09:33:10,23700.0,2000,Buy,224536813
2024-07-19 09:33:11,23700.0,1000,Buy,224536823
2024-07-19 09:33:11,23650.0,900,Sell,224536833
2024-07-19 09:33:12,23650.0,300,Sell,224536868
2024-07-19 09:33:12,23650.0,9600,Sell,224536854
2024-07-19 09:33:12,23650.0,800,Sell,224536855
2024-07-19 09:33:12,23650.0,500,Sell,224536856
2024-07-19 09:33:12,23650.0,1200,Sell,224536857
2024-07-19 09:33:13,23650.0,800,Sell,224536921
2024-07-19 09:33:13,23650.0,1500,Sell,224536919
2024-07-19 09:33:13,23650.0,300,Sell,224536920
2024-07-19 09:33:14,23650.0,500,Sell,224536979
2024-07-19 09:33:15,23650.0,100,Sell,224537023
2024-07-19 09:33:18,23650.0,1000,Sell,224537151
2024-07-19 09:33:19,23650.0,200,Sell,224537203
2024-07-19 09:33:22,23650.0,400,Sell,224537380
2024-07-19 09:33:22,23650.0,1500,Sell,224537379
2024-07-19 09:33:22,23650.0,1600,Sell,224537378
2024-07-19 09:33:22,23650.0,400,Sell,224537377
2024-07-19 09:33:22,23650.0,1000,Sell,224537375
2024-07-19 09:33:22,23650.0,2400,Sell,224537374
2024-07-19 09:33:22,23650.0,2800,Sell,224537373
2024-07-19 09:33:22,23650.0,200,Sell,224537376
2024-07-19 09:33:23,23650.0,800,Sell,224537414
2024-07-19 09:33:23,23650.0,500,Sell,224537413
2024-07-19 09:33:23,23650.0,500,Sell,224537412
2024-07-19 09:33:23,23650.0,300,Sell,224537411
2024-07-19 09:33:23,23650.0,500,Sell,224537405
2024-07-19 09:33:23,23650.0,1000,Sell,224537401
2024-07-19 09:33:23,23650.0,1000,Sell,224537403
2024-07-19 09:33:23,23650.0,1000,Sell,224537402
2024-07-19 09:33:23,23650.0,500,Sell,224537400
2024-07-19 09:33:23,23650.0,100,Sell,224537399
2024-07-19 09:33:23,23650.0,600,Sell,224537398
2024-07-19 09:33:23,23650.0,5000,Sell,224537404
2024-07-19 09:33:24,23650.0,200,Sell,224537433
2024-07-19 09:33:24,23650.0,2000,Sell,224537434
2024-07-19 09:33:24,23650.0,200,Sell,224537435
2024-07-19 09:33:25,23650.0,500,Sell,224537493
2024-07-19 09:33:25,23700.0,500,Buy,224537504
2024-07-19 09:33:34,23650.0,9000,Sell,224537956
2024-07-19 09:33:34,23650.0,100,Sell,224537954
2024-07-19 09:33:34,23650.0,200,Sell,224537955
2024-07-19 09:33:34,23650.0,700,Sell,224537952
2024-07-19 09:33:34,23650.0,500,Sell,224537951
2024-07-19 09:33:34,23650.0,1300,Sell,224537950
2024-07-19 09:33:34,23650.0,300,Sell,224537953
2024-07-19 09:33:35,23650.0,1000,Sell,224538014
2024-07-19 09:33:35,23650.0,1400,Sell,224538015
2024-07-19 09:33:35,23650.0,100,Sell,224538016
2024-07-19 09:33:36,23650.0,200,Sell,224538057
2024-07-19 09:33:36,23650.0,100,Sell,224538055
2024-07-19 09:33:36,23650.0,200,Sell,224538056
2024-07-19 09:33:37,23650.0,100,Sell,224538095
2024-07-19 09:33:39,23700.0,100,Buy,224538154
2024-07-19 09:33:41,23700.0,300,Buy,224538211
2024-07-19 09:33:41,23700.0,500,Buy,224538220
2024-07-19 09:33:47,23650.0,200,Sell,224538514
2024-07-19 09:33:47,23650.0,900,Sell,224538513
2024-07-19 09:33:47,23650.0,200,Sell,224538511
2024-07-19 09:33:47,23650.0,100,Sell,224538512
2024-07-19 09:33:47,23650.0,500,Sell,224538509
2024-07-19 09:33:47,23650.0,100,Sell,224538508
2024-07-19 09:33:47,23650.0,100,Sell,224538507
2024-07-19 09:33:47,23650.0,400,Sell,224538510
2024-07-19 09:33:49,23650.0,100,Buy,224538567
2024-07-19 09:33:49,23650.0,200,Buy,224538568
2024-07-19 09:33:51,23650.0,300,Buy,224538620
2024-07-19 09:33:51,23650.0,300,Buy,224538621
2024-07-19 09:33:51,23650.0,800,Buy,224538622
2024-07-19 09:33:51,23650.0,1000,Buy,224538623
2024-07-19 09:33:51,23650.0,400,Buy,224538624
2024-07-19 09:33:51,23650.0,2200,Buy,224538625
2024-07-19 09:33:51,23650.0,1000,Buy,224538636
2024-07-19 09:33:51,23650.0,1000,Buy,224538651
2024-07-19 09:33:51,23650.0,500,Buy,224538652
2024-07-19 09:33:52,23650.0,1200,Sell,224538665
2024-07-19 09:33:53,23700.0,1000,Buy,224538735
2024-07-19 09:33:53,23650.0,500,Sell,224538712
2024-07-19 09:33:54,23650.0,1800,Sell,224538775
2024-07-19 09:33:54,23650.0,2000,Sell,224538776
2024-07-19 09:33:54,23650.0,1000,Sell,224538777
2024-07-19 09:33:54,23650.0,700,Sell,224538778
2024-07-19 09:33:54,23600.0,5000,Sell,224538779
2024-07-19 09:33:54,23600.0,100,Sell,224538780
2024-07-19 09:33:54,23600.0,1000,Sell,224538781
2024-07-19 09:33:54,23600.0,500,Sell,224538782
2024-07-19 09:33:55,23600.0,500,Sell,224538848
2024-07-19 09:33:55,23600.0,2000,Sell,224538849
2024-07-19 09:33:56,23600.0,500,Sell,224538876
2024-07-19 09:33:57,23650.0,1000,Buy,224538935
2024-07-19 09:33:57,23650.0,100,Sell,224538936
2024-07-19 09:33:58,23650.0,200,Sell,224538963
2024-07-19 09:34:13,23600.0,400,Sell,224539682
2024-07-19 09:34:13,23600.0,3100,Sell,224539681
2024-07-19 09:34:13,23600.0,5000,Sell,224539683
2024-07-19 09:34:13,23650.0,100,Sell,224539680
2024-07-19 09:34:13,23650.0,200,Sell,224539679
2024-07-19 09:34:13,23650.0,100,Sell,224539678
2024-07-19 09:34:13,23650.0,600,Sell,224539676
2024-07-19 09:34:13,23650.0,600,Sell,224539675
2024-07-19 09:34:13,23650.0,2000,Sell,224539677
2024-07-19 09:34:14,23600.0,1000,Sell,224539730
2024-07-19 09:34:14,23600.0,300,Sell,224539731
2024-07-19 09:34:14,23600.0,1200,Sell,224539732
2024-07-19 09:34:15,23600.0,500,Sell,224539788
2024-07-19 09:34:16,23600.0,100,Sell,224539829
2024-07-19 09:34:19,23650.0,16300,Buy,224539957
2024-07-19 09:34:19,23600.0,1200,Sell,224539956
2024-07-19 09:34:19,23600.0,500,Sell,224539955
2024-07-19 09:34:19,23600.0,100,Sell,224539954
2024-07-19 09:34:19,23600.0,200,Sell,224539951
2024-07-19 09:34:19,23600.0,100,Sell,224539953
2024-07-19 09:34:19,23600.0,10000,Sell,224539952
2024-07-19 09:34:20,23650.0,2500,Sell,224539992
2024-07-19 09:34:21,23650.0,3900,Sell,224540038
2024-07-19 09:34:22,23650.0,800,Sell,224540080
2024-07-19 09:34:23,23650.0,100,Sell,224540151
2024-07-19 09:34:25,23650.0,1500,Sell,224540218
2024-07-19 09:34:26,23650.0,1400,Sell,224540297
2024-07-19 09:34:26,23650.0,1200,Sell,224540298
2024-07-19 09:34:26,23650.0,500,Sell,224540299
2024-07-19 09:34:26,23650.0,300,Sell,224540300
2024-07-19 09:34:26,23650.0,800,Sell,224540309
2024-07-19 09:34:26,23650.0,400,Sell,224540310
2024-07-19 09:34:26,23650.0,300,Sell,224540294
2024-07-19 09:34:27,23650.0,2400,Buy,224540329
2024-07-19 09:34:27,23650.0,600,Buy,224540327
2024-07-19 09:34:27,23650.0,400,Buy,224540328
2024-07-19 09:34:28,23650.0,100,Buy,224540368
2024-07-19 09:34:33,23650.0,100,Buy,224540539
2024-07-19 09:34:34,23650.0,300,Buy,224540555
2024-07-19 09:34:34,23650.0,100,Buy,224540566
2024-07-19 09:34:34,23650.0,400,Buy,224540558
2024-07-19 09:34:34,23650.0,1000,Buy,224540557
2024-07-19 09:34:34,23650.0,800,Buy,224540556
2024-07-19 09:34:34,23650.0,500,Buy,224540554
2024-07-19 09:34:34,23650.0,1600,Buy,224540547
2024-07-19 09:34:34,23650.0,1400,Buy,224540552
2024-07-19 09:34:34,23650.0,100,Buy,224540551
2024-07-19 09:34:34,23650.0,1000,Buy,224540550
2024-07-19 09:34:34,23650.0,700,Buy,224540549
2024-07-19 09:34:34,23650.0,1000,Buy,224540548
2024-07-19 09:34:34,23650.0,1200,Buy,224540553
2024-07-19 09:34:39,23650.0,200,Buy,224540773
2024-07-19 09:34:40,23600.0,2100,Sell,224540915
2024-07-19 09:34:40,23600.0,3000,Sell,224540916
2024-07-19 09:34:40,23600.0,100,Sell,224540917
2024-07-19 09:34:40,23600.0,1000,Sell,224540918
2024-07-19 09:34:40,23600.0,5900,Sell,224540919
2024-07-19 09:34:41,23600.0,2500,Sell,224540993
2024-07-19 09:34:42,23600.0,500,Sell,224541087
2024-07-19 09:34:43,23600.0,100,Sell,224541117
2024-07-19 09:34:45,23650.0,3700,Buy,224541206
2024-07-19 09:34:48,23650.0,200,Buy,224541317
2024-07-19 09:34:51,23650.0,100,Buy,224541448
2024-07-19 09:34:51,23600.0,100,Sell,224541459
2024-07-19 09:34:57,23600.0,7600,Sell,224541661
2024-07-19 09:34:58,23600.0,1500,Sell,224541676
2024-07-19 09:34:58,23650.0,100,Buy,224541694
2024-07-19 09:35:01,23600.0,11800,Sell,224541868
2024-07-19 09:35:01,23600.0,200,Sell,224541869
2024-07-19 09:35:01,23600.0,100,Sell,224541870
2024-07-19 09:35:02,23600.0,500,Sell,224541934
2024-07-19 09:35:02,23600.0,900,Sell,224541935
2024-07-19 09:35:02,23600.0,100,Sell,224541933
2024-07-19 09:35:02,23600.0,1000,Sell,224541932
2024-07-19 09:35:03,23600.0,100,Sell,224542022
2024-07-19 09:35:03,23600.0,1000,Sell,224542021
2024-07-19 09:35:03,23600.0,2000,Sell,224542020
2024-07-19 09:35:03,23600.0,1000,Sell,224542019
2024-07-19 09:35:03,23600.0,1000,Sell,224542018
2024-07-19 09:35:03,23600.0,100,Sell,224542017
2024-07-19 09:35:03,23600.0,200,Sell,224542016
2024-07-19 09:35:03,23600.0,100,Sell,224542014
2024-07-19 09:35:03,23600.0,100,Sell,224542013
2024-07-19 09:35:03,23600.0,1000,Sell,224542012
2024-07-19 09:35:03,23600.0,500,Sell,224542011
2024-07-19 09:35:03,23600.0,2000,Sell,224542015
2024-07-19 09:35:03,23600.0,100,Sell,224542009
2024-07-19 09:35:03,23600.0,100,Sell,224541994
2024-07-19 09:35:03,23600.0,6800,Sell,224542010
2024-07-19 09:35:03,23650.0,1500,Buy,224541996
2024-07-19 09:35:03,23600.0,100,Sell,224542002
2024-07-19 09:35:03,23600.0,2000,Sell,224542003
2024-07-19 09:35:03,23600.0,400,Sell,224541995
2024-07-19 09:35:03,23600.0,5000,Sell,224542005
2024-07-19 09:35:03,23600.0,200,Sell,224542006
2024-07-19 09:35:03,23600.0,1000,Sell,224542007
2024-07-19 09:35:03,23600.0,2000,Sell,224542008
2024-07-19 09:35:03,23600.0,300,Sell,224542004
2024-07-19 09:35:04,23600.0,1000,Buy,224542059
2024-07-19 09:35:07,23600.0,400,Buy,224542180
2024-07-19 09:35:08,23600.0,200,Buy,224542188
2024-07-19 09:35:08,23600.0,100,Buy,224542190
2024-07-19 09:35:09,23600.0,500,Buy,224542238
2024-07-19 09:35:09,23600.0,1200,Buy,224542242
2024-07-19 09:35:09,23600.0,3100,Buy,224542243
2024-07-19 09:35:10,23600.0,100,Buy,224542304
2024-07-19 09:35:11,23600.0,100,Buy,224542349
2024-07-19 09:35:11,23600.0,100,Buy,224542343
2024-07-19 09:35:11,23600.0,100,Buy,224542342
2024-07-19 09:35:12,23600.0,2500,Buy,224542361
2024-07-19 09:35:12,23600.0,200,Buy,224542362
2024-07-19 09:35:12,23600.0,1000,Buy,224542363
2024-07-19 09:35:13,23600.0,600,Sell,224542383
2024-07-19 09:35:13,23600.0,100,Sell,224542384
2024-07-19 09:35:14,23600.0,100,Sell,224542420
2024-07-19 09:35:21,23600.0,800,Sell,224542691
2024-07-19 09:35:21,23600.0,2000,Sell,224542692
2024-07-19 09:35:21,23600.0,5000,Sell,224542693
2024-07-19 09:35:21,23600.0,100,Sell,224542694
2024-07-19 09:35:21,23550.0,4200,Sell,224542695
2024-07-19 09:35:22,23600.0,100,Buy,224542766
2024-07-19 09:35:25,23600.0,100,Buy,224542918
2024-07-19 09:35:25,23600.0,400,Buy,224542917
2024-07-19 09:35:27,23600.0,100,Buy,224543008
2024-07-19 09:35:29,23600.0,1000,Buy,224543055
2024-07-19 09:35:31,23600.0,700,Buy,224543111
2024-07-19 09:35:31,23600.0,100,Buy,224543112
2024-07-19 09:35:31,23600.0,600,Buy,224543113
2024-07-19 09:35:31,23600.0,200,Buy,224543114
2024-07-19 09:35:31,23600.0,400,Buy,224543115
2024-07-19 09:35:32,23600.0,100,Buy,224543143
2024-07-19 09:35:34,23600.0,500,Buy,224543178
2024-07-19 09:35:37,23550.0,1000,Sell,224543391
2024-07-19 09:35:37,23550.0,100,Sell,224543390
2024-07-19 09:35:37,23550.0,2000,Sell,224543392
2024-07-19 09:35:37,23550.0,500,Sell,224543389
2024-07-19 09:35:37,23550.0,200,Sell,224543394
2024-07-19 09:35:37,23550.0,900,Sell,224543395
2024-07-19 09:35:37,23550.0,100,Sell,224543396
2024-07-19 09:35:37,23550.0,500,Sell,224543393
2024-07-19 09:35:37,23550.0,500,Sell,224543388
2024-07-19 09:35:37,23550.0,100,Sell,224543387
2024-07-19 09:35:37,23550.0,100,Sell,224543386
2024-07-19 09:35:37,23550.0,2000,Sell,224543371
2024-07-19 09:35:37,23550.0,2400,Sell,224543372
2024-07-19 09:35:37,23550.0,1000,Sell,224543373
2024-07-19 09:35:37,23550.0,600,Sell,224543374
2024-07-19 09:35:37,23550.0,800,Sell,224543370
2024-07-19 09:35:37,23550.0,1900,Sell,224543383
2024-07-19 09:35:37,23550.0,100,Sell,224543385
2024-07-19 09:35:37,23550.0,1600,Sell,224543375
2024-07-19 09:35:37,23550.0,500,Sell,224543384
2024-07-19 09:35:38,23550.0,2600,Sell,224543411
2024-07-19 09:35:38,23550.0,1700,Sell,224543427
2024-07-19 09:35:39,23550.0,2600,Sell,224543456
2024-07-19 09:35:40,23550.0,500,Sell,224543476
2024-07-19 09:35:41,23600.0,500,Buy,224543503
2024-07-19 09:35:41,23550.0,100,Sell,224543529
2024-07-19 09:35:42,23550.0,2200,Sell,224543583
2024-07-19 09:35:42,23550.0,1200,Sell,224543591
2024-07-19 09:35:42,23550.0,200,Sell,224543589
2024-07-19 09:35:42,23550.0,100,Sell,224543588
2024-07-19 09:35:42,23550.0,600,Sell,224543587
2024-07-19 09:35:42,23550.0,1000,Sell,224543586
2024-07-19 09:35:42,23550.0,100,Sell,224543585
2024-07-19 09:35:42,23550.0,100,Sell,224543584
2024-07-19 09:35:42,23550.0,700,Sell,224543582
2024-07-19 09:35:42,23550.0,3000,Sell,224543590
2024-07-19 09:35:42,23550.0,200,Sell,224543568
2024-07-19 09:35:42,23550.0,800,Sell,224543567
2024-07-19 09:35:42,23550.0,600,Sell,224543566
2024-07-19 09:35:42,23550.0,600,Sell,224543565
2024-07-19 09:35:42,23550.0,1000,Sell,224543564
2024-07-19 09:35:42,23550.0,800,Sell,224543563
2024-07-19 09:35:42,23550.0,1600,Sell,224543562
2024-07-19 09:35:42,23550.0,400,Sell,224543561
2024-07-19 09:35:42,23550.0,1900,Sell,224543581
2024-07-19 09:35:42,23550.0,2400,Sell,224543560
2024-07-19 09:35:42,23550.0,100,Sell,224543559
2024-07-19 09:35:43,23550.0,3100,Sell,224543611
2024-07-19 09:35:44,23550.0,1500,Sell,224543654
2024-07-19 09:35:45,23550.0,300,Sell,224543690
2024-07-19 09:35:47,23600.0,500,Buy,224543752
2024-07-19 09:35:47,23600.0,400,Buy,224543753
2024-07-19 09:35:47,23600.0,100,Buy,224543754
2024-07-19 09:35:49,23600.0,200,Sell,224543806
2024-07-19 09:35:49,23600.0,100,Sell,224543815
2024-07-19 09:35:59,23600.0,3700,Sell,224544089
2024-07-19 09:35:59,23600.0,100,Sell,224544090
2024-07-19 09:36:00,23600.0,1000,Buy,224544161
2024-07-19 09:36:01,23600.0,200,Buy,224544171
2024-07-19 09:36:01,23600.0,600,Buy,224544172
2024-07-19 09:36:02,23600.0,100,Buy,224544213
2024-07-19 09:36:02,23600.0,200,Buy,224544214
2024-07-19 09:36:04,23600.0,100,Buy,224544266
2024-07-19 09:36:17,23600.0,200,Sell,224544748
2024-07-19 09:36:17,23600.0,100,Sell,224544747
2024-07-19 09:36:17,23600.0,100,Sell,224544745
2024-07-19 09:36:17,23600.0,100,Sell,224544744
2024-07-19 09:36:17,23600.0,100,Sell,224544746
2024-07-19 09:36:18,23600.0,100,Sell,224544786
2024-07-19 09:36:20,23600.0,100,Sell,224544891
2024-07-19 09:36:20,23600.0,1600,Sell,224544892
2024-07-19 09:36:20,23600.0,1000,Sell,224544914
2024-07-19 09:36:20,23600.0,400,Sell,224544915
2024-07-19 09:36:20,23600.0,200,Sell,224544916
2024-07-19 09:36:20,23600.0,100,Sell,224544917
2024-07-19 09:36:20,23600.0,200,Sell,224544918
2024-07-19 09:36:20,23600.0,2000,Sell,224544919
2024-07-19 09:36:20,23600.0,700,Sell,224544890
2024-07-19 09:36:22,23600.0,1000,Buy,224544961
2024-07-19 09:36:27,23600.0,3000,Buy,224545115
2024-07-19 09:36:31,23600.0,500,Buy,224545201
2024-07-19 09:36:34,23600.0,300,Buy,224545300
2024-07-19 09:36:37,23600.0,900,Buy,224545429
2024-07-19 09:36:37,23600.0,100,Buy,224545462
2024-07-19 09:36:37,23600.0,100,Buy,224545428
2024-07-19 09:36:40,23600.0,300,Buy,224545510
2024-07-19 09:36:40,23600.0,200,Buy,224545511
2024-07-19 09:36:40,23600.0,600,Buy,224545512
2024-07-19 09:36:40,23600.0,100,Buy,224545513
2024-07-19 09:36:40,23600.0,200,Buy,224545514
2024-07-19 09:36:41,23600.0,200,Sell,224545544
2024-07-19 09:36:52,23600.0,1000,Sell,224546045
2024-07-19 09:36:52,23600.0,1000,Sell,224546030
2024-07-19 09:36:52,23600.0,800,Sell,224546029
2024-07-19 09:36:52,23600.0,1800,Sell,224546044
2024-07-19 09:36:52,23600.0,500,Sell,224546027
2024-07-19 09:36:52,23600.0,300,Sell,224546028
2024-07-19 09:36:52,23600.0,1400,Sell,224546025
2024-07-19 09:36:52,23600.0,400,Sell,224546043
2024-07-19 09:36:52,23600.0,1200,Sell,224546026
2024-07-19 09:36:56,23600.0,100,Buy,224546213
2024-07-19 09:36:57,23600.0,100,Buy,224546280
2024-07-19 09:36:57,23600.0,200,Buy,224546298
2024-07-19 09:36:59,23600.0,200,Buy,224546338
2024-07-19 09:37:00,23600.0,800,Buy,224546374
2024-07-19 09:37:00,23600.0,600,Buy,224546376
2024-07-19 09:37:00,23600.0,100,Sell,224546396
2024-07-19 09:37:00,23600.0,1000,Buy,224546375
2024-07-19 09:37:01,23600.0,1000,Buy,224546415
2024-07-19 09:37:04,23600.0,100,Buy,224546479
2024-07-19 09:37:09,23600.0,100,Buy,224546631
2024-07-19 09:37:13,23600.0,200,Buy,224546814
2024-07-19 09:37:13,23600.0,100,Buy,224546812
2024-07-19 09:37:13,23600.0,1200,Buy,224546813
2024-07-19 09:37:18,23600.0,100,Buy,224546928
2024-07-19 09:37:26,23600.0,100,Buy,224547151
2024-07-19 09:37:26,23600.0,200,Buy,224547150
2024-07-19 09:37:27,23600.0,200,Buy,224547227
2024-07-19 09:37:27,23600.0,800,Buy,224547228
2024-07-19 09:37:27,23600.0,1000,Buy,224547229
2024-07-19 09:37:27,23600.0,400,Buy,224547230
2024-07-19 09:37:27,23600.0,100,Buy,224547231
2024-07-19 09:37:30,23600.0,1500,Buy,224547271
2024-07-19 09:37:36,23600.0,100,Buy,224547432
2024-07-19 09:37:36,23600.0,1000,Buy,224547454
2024-07-19 09:37:39,23600.0,2200,Buy,224547544
2024-07-19 09:37:39,23600.0,400,Buy,224547543
2024-07-19 09:37:39,23600.0,1000,Buy,224547542
2024-07-19 09:37:39,23600.0,800,Buy,224547541
2024-07-19 09:37:39,23600.0,300,Buy,224547540
2024-07-19 09:37:39,23600.0,1200,Buy,224547538
2024-07-19 09:37:39,23600.0,1400,Buy,224547537
2024-07-19 09:37:39,23600.0,200,Buy,224547536
2024-07-19 09:37:39,23600.0,500,Buy,224547535
2024-07-19 09:37:39,23600.0,1500,Buy,224547534
2024-07-19 09:37:39,23600.0,500,Buy,224547539
2024-07-19 09:37:40,23600.0,1000,Buy,224547586
2024-07-19 09:37:42,23600.0,200,Buy,224547634
2024-07-19 09:37:42,23600.0,500,Buy,224547633
2024-07-19 09:37:42,23600.0,1000,Buy,224547631
2024-07-19 09:37:42,23600.0,300,Buy,224547632
2024-07-19 09:37:46,23600.0,500,Buy,224547740
2024-07-19 09:37:46,23600.0,400,Buy,224547744
2024-07-19 09:37:46,23600.0,1000,Buy,224547743
2024-07-19 09:37:46,23600.0,800,Buy,224547742
2024-07-19 09:37:46,23600.0,300,Buy,224547741
2024-07-19 09:37:46,23600.0,1200,Buy,224547739
2024-07-19 09:37:46,23600.0,4200,Buy,224547745
2024-07-19 09:37:46,23600.0,400,Buy,224547737
2024-07-19 09:37:46,23600.0,100,Buy,224547732
2024-07-19 09:37:46,23600.0,400,Buy,224547733
2024-07-19 09:37:46,23600.0,1400,Buy,224547738
2024-07-19 09:37:46,23600.0,2100,Buy,224547735
2024-07-19 09:37:46,23600.0,200,Buy,224547734
2024-07-19 09:37:46,23600.0,200,Buy,224547736
2024-07-19 09:37:47,23600.0,2700,Sell,224547785
2024-07-19 09:37:48,23600.0,500,Sell,224547834
2024-07-19 09:37:49,23600.0,100,Sell,224547880
2024-07-19 09:38:03,23650.0,300,Buy,224548193
2024-07-19 09:38:05,23650.0,100,Buy,224548226
2024-07-19 09:38:05,23650.0,100,Buy,224548227
2024-07-19 09:38:05,23650.0,1800,Buy,224548228
2024-07-19 09:38:07,23600.0,100,Sell,224548296
2024-07-19 09:38:07,23600.0,1000,Sell,224548295
2024-07-19 09:38:07,23600.0,200,Sell,224548294
2024-07-19 09:38:07,23600.0,400,Sell,224548293
2024-07-19 09:38:07,23600.0,100,Sell,224548292
2024-07-19 09:38:07,23600.0,400,Sell,224548289
2024-07-19 09:38:07,23600.0,100,Sell,224548291
2024-07-19 09:38:07,23600.0,400,Sell,224548290
2024-07-19 09:38:07,23600.0,100,Sell,224548276
2024-07-19 09:38:07,23600.0,100,Sell,224548275
2024-07-19 09:38:07,23600.0,300,Sell,224548274
2024-07-19 09:38:07,23600.0,500,Sell,224548273
2024-07-19 09:38:07,23600.0,1200,Sell,224548272
2024-07-19 09:38:07,23600.0,1400,Sell,224548271
2024-07-19 09:38:07,23600.0,600,Sell,224548277
2024-07-19 09:38:12,23600.0,500,Buy,224548418
2024-07-19 09:38:14,23600.0,200,Buy,224548476
2024-07-19 09:38:19,23600.0,300,Buy,224548627
2024-07-19 09:38:20,23600.0,500,Buy,224548659
2024-07-19 09:38:23,23600.0,1400,Buy,224548713
2024-07-19 09:38:23,23600.0,1400,Buy,224548714
2024-07-19 09:38:23,23600.0,100,Buy,224548715
2024-07-19 09:38:23,23600.0,100,Buy,224548716
2024-07-19 09:38:28,23600.0,5000,Buy,224548832
2024-07-19 09:38:29,23600.0,100,Buy,224548892
2024-07-19 09:38:34,23600.0,2900,Buy,224549047
2024-07-19 09:38:39,23600.0,10000,Buy,224549196
2024-07-19 09:38:40,23600.0,400,Buy,224549224
2024-07-19 09:38:42,23600.0,100,Buy,224549252
2024-07-19 09:38:45,23600.0,1900,Buy,224549320
2024-07-19 09:39:03,23600.0,4500,Buy,224549899
2024-07-19 09:39:03,23600.0,100,Buy,224549900
2024-07-19 09:39:03,23600.0,600,Buy,224549901
2024-07-19 09:39:03,23600.0,1400,Buy,224549902
2024-07-19 09:39:03,23600.0,1200,Buy,224549903
2024-07-19 09:39:03,23600.0,500,Buy,224549904
2024-07-19 09:39:03,23600.0,300,Buy,224549905
2024-07-19 09:39:03,23600.0,800,Buy,224549906
2024-07-19 09:39:03,23600.0,600,Buy,224549907
2024-07-19 09:39:03,23600.0,400,Buy,224549938
2024-07-19 09:39:03,23600.0,400,Buy,224549939
2024-07-19 09:39:03,23600.0,3400,Buy,224549940
2024-07-19 09:39:12,23550.0,12100,Sell,224550167
2024-07-19 09:39:13,23600.0,1000,Buy,224550211
2024-07-19 09:39:13,23600.0,600,Buy,224550212
2024-07-19 09:39:13,23600.0,2600,Buy,224550213
2024-07-19 09:39:13,23550.0,1700,Sell,224550241
2024-07-19 09:39:13,23550.0,800,Sell,224550242
2024-07-19 09:39:13,23600.0,5000,Buy,224550258
2024-07-19 09:39:13,23600.0,2100,Buy,224550259
2024-07-19 09:39:13,23600.0,300,Buy,224550260
2024-07-19 09:39:13,23600.0,100,Buy,224550261
2024-07-19 09:39:13,23600.0,2100,Buy,224550262
2024-07-19 09:39:13,23600.0,800,Buy,224550263
2024-07-19 09:39:13,23600.0,800,Buy,224550210
2024-07-19 09:39:14,23600.0,2600,Sell,224550279
2024-07-19 09:39:15,23600.0,1600,Sell,224550313
2024-07-19 09:39:16,23600.0,300,Sell,224550345
2024-07-19 09:39:20,23600.0,1500,Sell,224550424
2024-07-19 09:39:21,23600.0,300,Sell,224550492
2024-07-19 09:39:30,23600.0,1100,Sell,224550658
2024-07-19 09:39:31,23600.0,200,Sell,224550692
2024-07-19 09:39:32,23600.0,1000,Sell,224550726
2024-07-19 09:39:32,23600.0,11000,Sell,224550731
2024-07-19 09:39:32,23600.0,1100,Sell,224550732
2024-07-19 09:39:33,23600.0,2700,Sell,224550760
2024-07-19 09:39:34,23600.0,500,Sell,224550819
2024-07-19 09:39:35,23600.0,100,Sell,224550890
2024-07-19 09:39:41,23600.0,1400,Sell,224551071
2024-07-19 09:39:41,23600.0,1200,Sell,224551072
2024-07-19 09:39:41,23600.0,500,Sell,224551073
2024-07-19 09:39:41,23600.0,300,Sell,224551074
2024-07-19 09:39:41,23600.0,800,Sell,224551075
2024-07-19 09:39:41,23600.0,1000,Sell,224551076
2024-07-19 09:39:42,23600.0,100,Sell,224551085
2024-07-19 09:39:42,23600.0,1000,Sell,224551087
2024-07-19 09:39:42,23600.0,300,Sell,224551086
2024-07-19 09:39:42,23600.0,400,Sell,224551083
2024-07-19 09:39:42,23600.0,1100,Sell,224551084
2024-07-19 09:39:46,23600.0,100,Buy,224551206
2024-07-19 09:39:53,23550.0,9200,Sell,224551343
2024-07-19 09:39:53,23550.0,2900,Sell,224551344
2024-07-19 09:39:54,23550.0,2500,Sell,224551373
2024-07-19 09:39:55,23550.0,500,Sell,224551393
2024-07-19 09:39:55,23600.0,200,Buy,224551409
2024-07-19 09:39:56,23550.0,100,Sell,224551424
2024-07-19 09:39:57,23600.0,1400,Buy,224551443
2024-07-19 09:39:57,23600.0,600,Buy,224551444
2024-07-19 09:39:58,23600.0,1000,Buy,224551481
2024-07-19 09:39:59,23600.0,100,Buy,224551509
2024-07-19 09:39:59,23600.0,1400,Buy,224551510
2024-07-19 09:39:59,23600.0,500,Buy,224551511
2024-07-19 09:40:05,23600.0,1300,Buy,224551651
2024-07-19 09:40:05,23600.0,400,Buy,224551650
2024-07-19 09:40:05,23600.0,1000,Buy,224551649
2024-07-19 09:40:05,23600.0,800,Buy,224551648
2024-07-19 09:40:05,23600.0,500,Buy,224551646
2024-07-19 09:40:05,23600.0,700,Buy,224551645
2024-07-19 09:40:05,23600.0,300,Buy,224551647
2024-07-19 09:40:12,23600.0,2000,Buy,224551849
2024-07-19 09:40:17,23600.0,900,Buy,224551969
2024-07-19 09:40:17,23600.0,400,Buy,224551970
2024-07-19 09:40:17,23600.0,200,Buy,224551971
2024-07-19 09:40:17,23600.0,400,Buy,224551972
2024-07-19 09:40:17,23600.0,3100,Buy,224551973
2024-07-19 09:40:19,23600.0,500,Buy,224552063
2024-07-19 09:40:21,23550.0,200,Sell,224552152
2024-07-19 09:40:21,23550.0,500,Sell,224552151
2024-07-19 09:40:21,23550.0,500,Sell,224552150
2024-07-19 09:40:21,23550.0,1300,Sell,224552149
2024-07-19 09:40:21,23550.0,1000,Sell,224552148
2024-07-19 09:40:21,23550.0,200,Sell,224552147
2024-07-19 09:40:21,23550.0,2000,Sell,224552145
2024-07-19 09:40:21,23550.0,100,Sell,224552144
2024-07-19 09:40:21,23550.0,300,Sell,224552143
2024-07-19 09:40:21,23550.0,500,Sell,224552142
2024-07-19 09:40:21,23550.0,500,Sell,224552141
2024-07-19 09:40:21,23550.0,4000,Sell,224552140
2024-07-19 09:40:21,23550.0,1000,Sell,224552146
2024-07-19 09:40:22,23600.0,100,Buy,224552178
2024-07-19 09:40:22,23550.0,2500,Sell,224552195
2024-07-19 09:40:23,23550.0,500,Sell,224552228
2024-07-19 09:40:24,23550.0,100,Sell,224552253
2024-07-19 09:40:26,23600.0,1000,Buy,224552313
2024-07-19 09:40:30,23600.0,1000,Buy,224552515
2024-07-19 09:40:32,23600.0,900,Buy,224552559
2024-07-19 09:40:32,23600.0,1000,Buy,224552560
2024-07-19 09:40:32,23600.0,100,Buy,224552561
2024-07-19 09:40:42,23600.0,900,Buy,224552776
2024-07-19 09:40:42,23600.0,100,Buy,224552777
2024-07-19 09:40:45,23600.0,300,Buy,224552861
2024-07-19 09:40:49,23600.0,400,Buy,224552938
2024-07-19 09:40:49,23600.0,100,Buy,224552939
2024-07-19 09:40:49,23600.0,1000,Buy,224552932
2024-07-19 09:40:50,23600.0,1100,Buy,224552949
2024-07-19 09:40:50,23600.0,500,Buy,224552950
2024-07-19 09:40:50,23600.0,300,Buy,224552951
2024-07-19 09:40:50,23600.0,800,Buy,224552952
2024-07-19 09:40:50,23600.0,300,Buy,224552953
2024-07-19 09:40:52,23600.0,900,Buy,224553010
2024-07-19 09:40:52,23600.0,700,Buy,224553008
2024-07-19 09:40:52,23600.0,400,Buy,224553009
2024-07-19 09:40:54,23600.0,200,Buy,224553069
2024-07-19 09:40:55,23600.0,1000,Buy,224553079
2024-07-19 09:40:56,23600.0,100,Buy,224553134
2024-07-19 09:40:57,23600.0,500,Buy,224553185
2024-07-19 09:41:07,23600.0,1000,Buy,224553496
2024-07-19 09:41:12,23600.0,500,Buy,224553591
2024-07-19 09:41:12,23600.0,500,Buy,224553592
2024-07-19 09:41:15,23600.0,200,Buy,224553686
2024-07-19 09:41:15,23600.0,200,Buy,224553672
2024-07-19 09:41:15,23600.0,200,Buy,224553671
2024-07-19 09:41:15,23600.0,100,Buy,224553670
2024-07-19 09:41:15,23600.0,500,Buy,224553669
2024-07-19 09:41:21,23600.0,100,Buy,224553808
2024-07-19 09:41:25,23600.0,100,Buy,224553897
2024-07-19 09:41:25,23600.0,800,Buy,224553898
2024-07-19 09:41:25,23600.0,100,Buy,224553899
2024-07-19 09:41:32,23600.0,100,Buy,224554088
2024-07-19 09:41:32,23600.0,300,Buy,224554089
2024-07-19 09:41:32,23600.0,600,Buy,224554090
2024-07-19 09:41:34,23600.0,100,Buy,224554146
2024-07-19 09:41:34,23600.0,300,Buy,224554132
2024-07-19 09:41:34,23600.0,200,Buy,224554130
2024-07-19 09:41:34,23600.0,400,Buy,224554129
2024-07-19 09:41:34,23600.0,100,Buy,224554131
2024-07-19 09:41:35,23600.0,400,Buy,224554161
2024-07-19 09:41:36,23600.0,400,Buy,224554180
2024-07-19 09:41:36,23600.0,100,Buy,224554190
2024-07-19 09:41:36,23600.0,200,Buy,224554181
2024-07-19 09:41:36,23600.0,1000,Buy,224554179
2024-07-19 09:41:36,23600.0,300,Buy,224554176
2024-07-19 09:41:36,23600.0,500,Buy,224554175
2024-07-19 09:41:36,23600.0,1200,Buy,224554174
2024-07-19 09:41:36,23600.0,600,Buy,224554173
2024-07-19 09:41:36,23600.0,800,Buy,224554177
2024-07-19 09:41:38,23600.0,100,Buy,224554213
2024-07-19 09:41:43,23600.0,200,Buy,224554400
2024-07-19 09:41:44,23600.0,400,Buy,224554430
2024-07-19 09:41:47,23600.0,2000,Buy,224554475
2024-07-19 09:41:53,23600.0,1200,Buy,224554629
2024-07-19 09:41:53,23600.0,200,Buy,224554630
2024-07-19 09:41:53,23600.0,200,Buy,224554631
2024-07-19 09:41:53,23600.0,400,Buy,224554632
2024-07-19 09:41:57,23600.0,1000,Buy,224554757
2024-07-19 09:42:02,23600.0,300,Buy,224554852
2024-07-19 09:42:03,23600.0,200,Buy,224554871
2024-07-19 09:42:03,23600.0,900,Buy,224554872
2024-07-19 09:42:03,23600.0,200,Buy,224554869
2024-07-19 09:42:03,23600.0,200,Buy,224554868
2024-07-19 09:42:03,23600.0,300,Buy,224554867
2024-07-19 09:42:03,23600.0,200,Buy,224554870
2024-07-19 09:42:04,23600.0,200,Buy,224554881
2024-07-19 09:42:04,23600.0,200,Buy,224554882
2024-07-19 09:42:04,23600.0,400,Buy,224554883
2024-07-19 09:42:04,23600.0,200,Buy,224554884
2024-07-19 09:42:05,23600.0,100,Buy,224554931
2024-07-19 09:42:07,23600.0,100,Buy,224554953
2024-07-19 09:42:07,23600.0,900,Buy,224554954
2024-07-19 09:42:11,23600.0,200,Buy,224555034
2024-07-19 09:42:12,23600.0,300,Buy,224555058
2024-07-19 09:42:12,23600.0,700,Buy,224555059
2024-07-19 09:42:15,23600.0,400,Buy,224555147
2024-07-19 09:42:15,23600.0,200,Buy,224555148
2024-07-19 09:42:15,23600.0,500,Buy,224555146
2024-07-19 09:42:15,23600.0,200,Buy,224555150
2024-07-19 09:42:15,23600.0,200,Buy,224555149
2024-07-19 09:42:15,23600.0,200,Buy,224555145
2024-07-19 09:42:15,23600.0,500,Buy,224555138
2024-07-19 09:42:15,23600.0,400,Buy,224555143
2024-07-19 09:42:15,23600.0,500,Buy,224555139
2024-07-19 09:42:15,23600.0,300,Buy,224555140
2024-07-19 09:42:15,23600.0,4200,Buy,224555144
2024-07-19 09:42:15,23600.0,1000,Buy,224555142
2024-07-19 09:42:15,23600.0,800,Buy,224555141
2024-07-19 09:42:16,23600.0,1900,Sell,224555169
2024-07-19 09:42:17,23600.0,300,Sell,224555208
2024-07-19 09:42:25,23650.0,300,Buy,224555343
2024-07-19 09:42:32,23650.0,700,Buy,224555542
2024-07-19 09:42:32,23650.0,800,Buy,224555543
2024-07-19 09:42:35,23650.0,1100,Buy,224555630
2024-07-19 09:42:35,23650.0,500,Buy,224555631
2024-07-19 09:42:35,23650.0,1000,Buy,224555632
2024-07-19 09:42:35,23650.0,500,Buy,224555633
2024-07-19 09:42:43,23650.0,400,Buy,224555830
2024-07-19 09:42:43,23650.0,100,Buy,224555829
2024-07-19 09:42:44,23650.0,400,Buy,224555862
2024-07-19 09:42:45,23650.0,1900,Buy,224555868
2024-07-19 09:42:45,23650.0,700,Buy,224555869
2024-07-19 09:42:45,23650.0,8500,Buy,224555870
2024-07-19 09:42:45,23650.0,700,Buy,224555871
2024-07-19 09:42:45,23650.0,1700,Buy,224555872
2024-07-19 09:42:45,23650.0,500,Buy,224555873
2024-07-19 09:42:45,23650.0,300,Buy,224555874
2024-07-19 09:42:45,23650.0,3900,Buy,224555875
2024-07-19 09:42:45,23650.0,800,Buy,224555867
2024-07-19 09:42:50,23650.0,300,Buy,224556034
2024-07-19 09:42:53,23650.0,500,Buy,224556085
2024-07-19 09:43:04,23650.0,1000,Buy,224556301
2024-07-19 09:43:13,23650.0,700,Buy,224556462
2024-07-19 09:43:14,23650.0,500,Buy,224556475
2024-07-19 09:43:18,23650.0,2400,Buy,224556642
2024-07-19 09:43:20,23650.0,2000,Buy,224556713
2024-07-19 09:43:20,23650.0,1500,Buy,224556714
2024-07-19 09:43:20,23650.0,1000,Buy,224556715
2024-07-19 09:43:20,23650.0,1000,Buy,224556716
2024-07-19 09:43:20,23650.0,400,Buy,224556717
2024-07-19 09:43:20,23650.0,2000,Buy,224556718
2024-07-19 09:43:20,23650.0,100,Buy,224556719
2024-07-19 09:43:20,23650.0,1000,Buy,224556720
2024-07-19 09:43:20,23650.0,300,Buy,224556721
2024-07-19 09:43:20,23650.0,700,Buy,224556712
2024-07-19 09:43:22,23650.0,500,Buy,224556770
2024-07-19 09:43:23,23650.0,100,Buy,224556779
2024-07-19 09:43:23,23650.0,100,Buy,224556780
2024-07-19 09:43:23,23650.0,300,Buy,224556781
2024-07-19 09:43:23,23650.0,1000,Buy,224556782
2024-07-19 09:43:24,23650.0,100,Buy,224556793
2024-07-19 09:43:24,23650.0,1000,Buy,224556789
2024-07-19 09:43:30,23650.0,1000,Buy,224557093
2024-07-19 09:43:31,23650.0,500,Buy,224557108
2024-07-19 09:43:33,23650.0,100,Buy,224557138
2024-07-19 09:43:33,23650.0,300,Buy,224557139
2024-07-19 09:43:33,23650.0,6100,Buy,224557140
2024-07-19 09:43:33,23650.0,100,Buy,224557141
2024-07-19 09:43:33,23650.0,200,Buy,224557142
2024-07-19 09:43:33,23650.0,100,Buy,224557143
2024-07-19 09:43:33,23650.0,100,Buy,224557144
2024-07-19 09:43:33,23650.0,500,Buy,224557145
2024-07-19 09:43:33,23650.0,2000,Buy,224557146
2024-07-19 09:43:33,23650.0,100,Buy,224557147
2024-07-19 09:43:33,23650.0,400,Buy,224557148
2024-07-19 09:43:34,23650.0,600,Buy,224557195
2024-07-19 09:43:34,23650.0,100,Buy,224557193
2024-07-19 09:43:34,23650.0,300,Buy,224557194
2024-07-19 09:43:37,23650.0,1500,Buy,224557285
2024-07-19 09:43:37,23650.0,200,Buy,224557286
2024-07-19 09:43:38,23650.0,300,Sell,224557329
2024-07-19 09:43:38,23650.0,100,Sell,224557333
2024-07-19 09:43:43,23650.0,900,Sell,224557491
2024-07-19 09:43:43,23650.0,500,Sell,224557492
2024-07-19 09:43:43,23650.0,2800,Sell,224557493
2024-07-19 09:43:43,23650.0,8000,Sell,224557494
2024-07-19 09:43:47,23650.0,9400,Buy,224557631
2024-07-19 09:43:47,23650.0,600,Buy,224557632
2024-07-19 09:43:49,23650.0,2100,Buy,224557686
2024-07-19 09:43:49,23650.0,1900,Buy,224557684
2024-07-19 09:43:49,23650.0,300,Buy,224557685
2024-07-19 09:43:50,23650.0,900,Sell,224557715
2024-07-19 09:43:51,23650.0,100,Sell,224557735
2024-07-19 09:44:00,23650.0,200,Sell,224557959
2024-07-19 09:44:00,23650.0,200,Sell,224557962
2024-07-19 09:44:00,23650.0,500,Sell,224557961
2024-07-19 09:44:00,23650.0,1000,Sell,224557960
2024-07-19 09:44:00,23650.0,400,Sell,224557958
2024-07-19 09:44:00,23650.0,500,Sell,224557953
2024-07-19 09:44:00,23650.0,500,Sell,224557956
2024-07-19 09:44:00,23650.0,800,Sell,224557955
2024-07-19 09:44:00,23650.0,300,Sell,224557954
2024-07-19 09:44:00,23650.0,1400,Sell,224557947
2024-07-19 09:44:00,23650.0,500,Sell,224557957
2024-07-19 09:44:00,23650.0,1200,Sell,224557948
2024-07-19 09:44:01,23650.0,500,Buy,224558014
2024-07-19 09:44:02,23650.0,500,Buy,224558025
2024-07-19 09:44:09,23650.0,100,Buy,224558190
2024-07-19 09:44:10,23650.0,200,Buy,224558239
2024-07-19 09:44:12,23650.0,1000,Buy,224558291
2024-07-19 09:44:12,23650.0,1000,Buy,224558290
2024-07-19 09:44:20,23650.0,300,Buy,224558513
2024-07-19 09:44:20,23650.0,500,Buy,224558510
2024-07-19 09:44:20,23650.0,100,Buy,224558511
2024-07-19 09:44:20,23650.0,100,Buy,224558512
2024-07-19 09:44:32,23650.0,400,Buy,224558743
2024-07-19 09:44:34,23650.0,300,Buy,224558811
2024-07-19 09:44:34,23650.0,400,Buy,224558812
2024-07-19 09:44:34,23650.0,200,Buy,224558813
2024-07-19 09:44:34,23650.0,9100,Buy,224558814
2024-07-19 09:44:37,23650.0,700,Buy,224558909
2024-07-19 09:44:45,23650.0,200,Buy,224559118
2024-07-19 09:44:47,23650.0,300,Buy,224559138
2024-07-19 09:44:57,23650.0,500,Buy,224559404
2024-07-19 09:44:58,23650.0,100,Buy,224559460
2024-07-19 09:45:00,23650.0,1000,Buy,224559483
2024-07-19 09:45:01,23650.0,1000,Buy,224559495
2024-07-19 09:45:06,23600.0,1700,Sell,224559638
2024-07-19 09:45:06,23600.0,400,Sell,224559637
2024-07-19 09:45:06,23600.0,500,Sell,224559634
2024-07-19 09:45:06,23600.0,200,Sell,224559635
2024-07-19 09:45:06,23600.0,300,Sell,224559636
2024-07-19 09:45:06,23600.0,600,Sell,224559633
2024-07-19 09:45:07,23600.0,700,Sell,224559667
2024-07-19 09:45:08,23650.0,400,Buy,224559674
2024-07-19 09:45:08,23600.0,100,Sell,224559688
2024-07-19 09:45:09,23600.0,100,Sell,224559708
2024-07-19 09:45:14,23600.0,1700,Sell,224559833
2024-07-19 09:45:14,23600.0,600,Sell,224559826
2024-07-19 09:45:14,23600.0,500,Sell,224559827
2024-07-19 09:45:14,23600.0,200,Sell,224559828
2024-07-19 09:45:14,23600.0,300,Sell,224559829
2024-07-19 09:45:14,23600.0,400,Sell,224559830
2024-07-19 09:45:15,23600.0,700,Sell,224559859
2024-07-19 09:45:16,23600.0,100,Sell,224559882
2024-07-19 09:45:24,23650.0,2000,Buy,224560049
2024-07-19 09:45:26,23600.0,400,Sell,224560138
2024-07-19 09:45:26,23600.0,21200,Sell,224560137
2024-07-19 09:45:27,23600.0,1600,Sell,224560160
2024-07-19 09:45:27,23600.0,1000,Sell,224560161
2024-07-19 09:45:27,23600.0,1000,Sell,224560162
2024-07-19 09:45:27,23600.0,900,Sell,224560163
2024-07-19 09:45:27,23650.0,500,Buy,224560177
2024-07-19 09:45:29,23600.0,1000,Sell,224560194
2024-07-19 09:45:30,23600.0,2800,Sell,224560211
2024-07-19 09:45:30,23600.0,2400,Sell,224560212
2024-07-19 09:45:30,23600.0,1000,Sell,224560213
2024-07-19 09:45:30,23600.0,1600,Sell,224560214
2024-07-19 09:45:30,23600.0,1900,Sell,224560215
2024-07-19 09:45:30,23600.0,8500,Sell,224560216
2024-07-19 09:45:30,23600.0,200,Sell,224560218
2024-07-19 09:45:31,23600.0,3800,Sell,224560230
2024-07-19 09:45:32,23600.0,700,Sell,224560261
2024-07-19 09:45:33,23600.0,100,Sell,224560294
2024-07-19 09:45:34,23650.0,400,Buy,224560309
2024-07-19 09:45:43,23650.0,200,Buy,224560497
2024-07-19 09:45:49,23650.0,1000,Buy,224560635
2024-07-19 09:45:59,23650.0,1200,Buy,224560961
2024-07-19 09:46:12,23650.0,600,Buy,224561232
2024-07-19 09:46:13,23650.0,300,Buy,224561301
2024-07-19 09:46:16,23650.0,200,Buy,224561369
2024-07-19 09:46:17,23650.0,500,Buy,224561395
2024-07-19 09:46:22,23650.0,200,Buy,224561501
2024-07-19 09:46:28,23650.0,100,Buy,224561615
2024-07-19 09:46:30,23650.0,200,Buy,224561652
2024-07-19 09:46:48,23650.0,100,Buy,224561992
2024-07-19 09:46:50,23650.0,500,Buy,224562046
2024-07-19 09:46:59,23650.0,100,Buy,224562239
2024-07-19 09:46:59,23650.0,400,Buy,224562240
2024-07-19 09:47:08,23650.0,1000,Buy,224562445
2024-07-19 09:47:08,23650.0,100,Buy,224562446
2024-07-19 09:47:11,23650.0,3800,Buy,224562502
2024-07-19 09:47:11,23650.0,2100,Buy,224562500
2024-07-19 09:47:11,23650.0,1000,Buy,224562499
2024-07-19 09:47:11,23650.0,400,Buy,224562501
2024-07-19 09:47:11,23650.0,300,Buy,224562497
2024-07-19 09:47:11,23650.0,500,Buy,224562496
2024-07-19 09:47:11,23650.0,1100,Buy,224562495
2024-07-19 09:47:11,23650.0,800,Buy,224562498
2024-07-19 09:47:14,23650.0,200,Buy,224562554
2024-07-19 09:47:23,23650.0,500,Buy,224562736
2024-07-19 09:47:23,23650.0,5300,Buy,224562740
2024-07-19 09:47:23,23650.0,1000,Buy,224562739
2024-07-19 09:47:23,23650.0,400,Buy,224562738
2024-07-19 09:47:23,23650.0,100,Buy,224562737
2024-07-19 09:47:23,23650.0,1500,Buy,224562735
2024-07-19 09:47:23,23650.0,500,Buy,224562732
2024-07-19 09:47:23,23650.0,200,Buy,224562733
2024-07-19 09:47:23,23650.0,100,Buy,224562731
2024-07-19 09:47:23,23650.0,100,Buy,224562730
2024-07-19 09:47:23,23650.0,100,Buy,224562729
2024-07-19 09:47:23,23650.0,100,Buy,224562691
2024-07-19 09:47:23,23650.0,200,Buy,224562734
2024-07-19 09:47:31,23650.0,300,Buy,224562966
2024-07-19 09:47:32,23650.0,500,Buy,224562975
2024-07-19 09:47:39,23650.0,500,Buy,224563151
2024-07-19 09:47:39,23650.0,800,Buy,224563153
2024-07-19 09:47:39,23650.0,300,Buy,224563152
2024-07-19 09:47:39,23650.0,1200,Buy,224563150
2024-07-19 09:47:39,23650.0,400,Buy,224563154
2024-07-19 09:47:39,23650.0,400,Buy,224563148
2024-07-19 09:47:39,23650.0,3900,Buy,224563144
2024-07-19 09:47:39,23650.0,200,Buy,224563145
2024-07-19 09:47:39,23650.0,1400,Buy,224563149
2024-07-19 09:47:39,23650.0,100,Buy,224563147
2024-07-19 09:47:39,23650.0,200,Buy,224563146
2024-07-19 09:47:51,23650.0,400,Buy,224563416
2024-07-19 09:47:51,23650.0,2400,Buy,224563417
2024-07-19 09:47:51,23650.0,600,Buy,224563415
2024-07-19 09:47:52,23650.0,100,Buy,224563428
2024-07-19 09:47:54,23650.0,200,Buy,224563460
2024-07-19 09:47:59,23650.0,1200,Buy,224563622
2024-07-19 09:48:04,23650.0,300,Buy,224563721
2024-07-19 09:48:04,23650.0,100,Buy,224563722
2024-07-19 09:48:04,23650.0,100,Buy,224563723
2024-07-19 09:48:04,23650.0,100,Buy,224563724
2024-07-19 09:48:04,23650.0,4400,Buy,224563725
2024-07-19 09:48:08,23650.0,400,Buy,224563789
2024-07-19 09:48:12,23650.0,200,Buy,224563905
2024-07-19 09:48:15,23650.0,5000,Buy,224563966
2024-07-19 09:48:21,23650.0,5000,Buy,224564064
2024-07-19 09:48:21,23650.0,300,Buy,224564063
2024-07-19 09:48:24,23650.0,100,Buy,224564124
2024-07-19 09:48:40,23650.0,500,Buy,224564426
2024-07-19 09:48:44,23650.0,500,Buy,224564514
2024-07-19 09:48:45,23650.0,5200,Buy,224564528
2024-07-19 09:48:45,23650.0,200,Buy,224564529
2024-07-19 09:48:45,23650.0,2100,Buy,224564530
2024-07-19 09:48:45,23650.0,100,Buy,224564531
2024-07-19 09:48:45,23650.0,1900,Buy,224564532
2024-07-19 09:48:45,23650.0,5000,Buy,224564533
2024-07-19 09:48:45,23650.0,100,Buy,224564534
2024-07-19 09:48:45,23650.0,1900,Buy,224564535
2024-07-19 09:48:45,23650.0,6900,Buy,224564536
2024-07-19 09:48:52,23650.0,2000,Buy,224564824
2024-07-19 09:48:56,23650.0,2000,Buy,224564939
2024-07-19 09:48:57,23650.0,2000,Buy,224564946
2024-07-19 09:48:59,23650.0,200,Buy,224565004
2024-07-19 09:49:13,23650.0,300,Buy,224565290
2024-07-19 09:49:27,23650.0,200,Buy,224565601
2024-07-19 09:49:28,23650.0,3300,Buy,224565692
2024-07-19 09:49:32,23600.0,3000,Sell,224565757
2024-07-19 09:49:32,23650.0,200,Buy,224565768
2024-07-19 09:49:45,23650.0,400,Buy,224566034
2024-07-19 09:49:50,23650.0,1200,Buy,224566131
2024-07-19 09:49:51,23650.0,100,Buy,224566139
2024-07-19 09:49:59,23650.0,500,Buy,224566304
2024-07-19 09:50:01,23650.0,2000,Buy,224566332
2024-07-19 09:50:06,23650.0,600,Buy,224566430
2024-07-19 09:50:09,23650.0,100,Buy,224566506
2024-07-19 09:50:19,23650.0,2800,Buy,224566732
2024-07-19 09:50:19,23650.0,400,Buy,224566720
2024-07-19 09:50:19,23650.0,700,Buy,224566721
2024-07-19 09:50:19,23650.0,900,Buy,224566722
2024-07-19 09:50:27,23650.0,8500,Buy,224566891
2024-07-19 09:50:45,23650.0,700,Buy,224567332
2024-07-19 09:50:48,23650.0,10000,Buy,224567436
2024-07-19 09:51:04,23650.0,2000,Buy,224567746
2024-07-19 09:51:07,23650.0,15100,Buy,224567829
2024-07-19 09:51:07,23650.0,200,Buy,224567830
2024-07-19 09:51:07,23650.0,1000,Buy,224567831
2024-07-19 09:51:07,23650.0,300,Buy,224567832
2024-07-19 09:51:07,23650.0,400,Buy,224567833
2024-07-19 09:51:08,23650.0,600,Buy,224567842
2024-07-19 09:51:08,23650.0,1100,Buy,224567843
2024-07-19 09:51:08,23650.0,300,Buy,224567844
2024-07-19 09:51:08,23600.0,1000,Sell,224567857
2024-07-19 09:51:08,23650.0,100,Buy,224567858
2024-07-19 09:51:11,23650.0,100,Buy,224567927
2024-07-19 09:51:11,23650.0,400,Buy,224567926
2024-07-19 09:51:11,23650.0,400,Buy,224567925
2024-07-19 09:51:11,23650.0,400,Buy,224567924
2024-07-19 09:51:11,23650.0,100,Buy,224567922
2024-07-19 09:51:11,23650.0,3600,Buy,224567920
2024-07-19 09:51:11,23650.0,4900,Buy,224567923
2024-07-19 09:51:11,23650.0,100,Buy,224567921
2024-07-19 09:51:13,23650.0,100,Buy,224568053
2024-07-19 09:51:13,23650.0,900,Buy,224568054
2024-07-19 09:51:16,23650.0,500,Buy,224568168
2024-07-19 09:51:16,23650.0,500,Buy,224568169
2024-07-19 09:51:17,23650.0,100,Buy,224568181
2024-07-19 09:51:17,23650.0,600,Buy,224568184
2024-07-19 09:51:17,23650.0,500,Buy,224568185
2024-07-19 09:51:17,23650.0,300,Buy,224568186
2024-07-19 09:51:17,23650.0,600,Buy,224568187
2024-07-19 09:51:18,23650.0,200,Buy,224568197
2024-07-19 09:51:18,23650.0,1000,Buy,224568198
2024-07-19 09:51:18,23650.0,400,Buy,224568199
2024-07-19 09:51:18,23650.0,4200,Buy,224568200
2024-07-19 09:51:18,23650.0,200,Buy,224568201
2024-07-19 09:51:28,23650.0,100,Buy,224568408
2024-07-19 09:51:28,23650.0,100,Buy,224568404
2024-07-19 09:51:28,23650.0,400,Buy,224568405
2024-07-19 09:51:32,23650.0,900,Buy,224568459
2024-07-19 09:51:32,23650.0,100,Buy,224568460
2024-07-19 09:51:43,23600.0,10000,Sell,224568712
2024-07-19 09:51:44,23600.0,2100,Sell,224568758
2024-07-19 09:51:45,23600.0,400,Sell,224568815
2024-07-19 09:51:47,23650.0,100,Buy,224568880
2024-07-19 09:51:53,23600.0,900,Sell,224569077
2024-07-19 09:51:53,23600.0,300,Sell,224569075
2024-07-19 09:51:53,23600.0,8600,Sell,224569074
2024-07-19 09:51:53,23600.0,200,Sell,224569076
2024-07-19 09:51:55,23600.0,1200,Sell,224569165
2024-07-19 09:51:55,23600.0,100,Sell,224569166
2024-07-19 09:51:55,23600.0,800,Sell,224569167
2024-07-19 09:51:56,23600.0,400,Sell,224569187
2024-07-19 09:51:56,23600.0,300,Sell,224569234
2024-07-19 09:51:57,23600.0,100,Sell,224569251
2024-07-19 09:52:24,23600.0,100,Sell,224569903
2024-07-19 09:52:26,23600.0,8300,Sell,224569981
2024-07-19 09:52:26,23600.0,1000,Sell,224569982
2024-07-19 09:52:26,23600.0,500,Sell,224569983
2024-07-19 09:52:26,23600.0,10000,Sell,224569984
2024-07-19 09:52:26,23600.0,1000,Sell,224569985
2024-07-19 09:52:26,23600.0,300,Sell,224569986
2024-07-19 09:52:26,23600.0,300,Sell,224569987
2024-07-19 09:52:26,23600.0,200,Sell,224569988
2024-07-19 09:52:27,23600.0,1900,Sell,224570042
2024-07-19 09:52:27,23600.0,200,Sell,224570041
2024-07-19 09:52:27,23600.0,500,Sell,224570040
2024-07-19 09:52:27,23600.0,100,Sell,224570039
2024-07-19 09:52:27,23600.0,200,Sell,224570037
2024-07-19 09:52:27,23600.0,100,Sell,224570038
2024-07-19 09:52:27,23600.0,300,Sell,224570035
2024-07-19 09:52:27,23600.0,500,Sell,224570034
2024-07-19 09:52:27,23600.0,100,Sell,224570033
2024-07-19 09:52:27,23600.0,100,Sell,224570032
2024-07-19 09:52:27,23600.0,100,Sell,224570031
2024-07-19 09:52:27,23600.0,300,Sell,224570030
2024-07-19 09:52:27,23600.0,100,Sell,224570036
2024-07-19 09:52:28,23600.0,900,Sell,224570067
2024-07-19 09:52:29,23600.0,100,Sell,224570091
2024-07-19 09:52:34,23600.0,800,Sell,224570270
2024-07-19 09:52:36,23600.0,100,Sell,224570310
2024-07-19 09:52:36,23600.0,100,Sell,224570311
2024-07-19 09:53:19,23600.0,1000,Sell,224571558
2024-07-19 09:53:20,23600.0,200,Sell,224571561
2024-07-19 09:53:33,23600.0,4000,Sell,224571860
2024-07-19 09:53:33,23600.0,500,Sell,224571859
2024-07-19 09:53:33,23600.0,500,Sell,224571856
2024-07-19 09:53:33,23600.0,1000,Sell,224571857
2024-07-19 09:53:33,23600.0,2000,Sell,224571855
2024-07-19 09:53:33,23600.0,1000,Sell,224571858
2024-07-19 09:53:33,23600.0,3000,Sell,224571853
2024-07-19 09:53:33,23600.0,2200,Sell,224571849
2024-07-19 09:53:33,23600.0,2000,Sell,224571850
2024-07-19 09:53:33,23600.0,5000,Sell,224571854
2024-07-19 09:53:33,23600.0,200,Sell,224571852
2024-07-19 09:53:33,23600.0,200,Sell,224571851
2024-07-19 09:53:35,23600.0,4500,Sell,224571884
2024-07-19 09:53:36,23600.0,900,Sell,224572125
2024-07-19 09:53:37,23600.0,700,Sell,224572208
2024-07-19 09:53:37,23600.0,300,Sell,224572207
2024-07-19 09:53:37,23600.0,100,Sell,224572204
2024-07-19 09:53:37,23600.0,200,Sell,224572203
2024-07-19 09:53:37,23600.0,200,Sell,224572202
2024-07-19 09:53:37,23600.0,1000,Sell,224572201
2024-07-19 09:53:37,23600.0,2100,Sell,224572206
2024-07-19 09:53:37,23600.0,300,Sell,224572199
2024-07-19 09:53:37,23600.0,2000,Sell,224572200
2024-07-19 09:53:37,23600.0,100,Sell,224572166
2024-07-19 09:53:37,23600.0,500,Sell,224572194
2024-07-19 09:53:37,23600.0,500,Sell,224572195
2024-07-19 09:53:37,23600.0,100,Sell,224572205
2024-07-19 09:53:37,23600.0,2000,Sell,224572196
2024-07-19 09:53:37,23600.0,100,Sell,224572197
2024-07-19 09:53:37,23600.0,2000,Sell,224572198
2024-07-19 09:53:38,23600.0,100,Sell,224572233
2024-07-19 09:53:39,23600.0,1900,Sell,224572255
2024-07-19 09:53:39,23600.0,300,Sell,224572257
2024-07-19 09:53:39,23600.0,200,Sell,224572256
2024-07-19 09:53:40,23600.0,200,Sell,224572280
2024-07-19 09:53:40,23600.0,300,Sell,224572281
2024-07-19 09:53:41,23600.0,100,Sell,224572320
2024-07-19 09:53:46,23600.0,600,Sell,224572435
2024-07-19 09:53:46,23600.0,800,Sell,224572436
2024-07-19 09:53:46,23600.0,100,Sell,224572437
2024-07-19 09:53:46,23600.0,200,Sell,224572438
2024-07-19 09:53:46,23600.0,8300,Sell,224572439
2024-07-19 09:53:47,23600.0,1700,Sell,224572447
2024-07-19 09:53:47,23600.0,400,Sell,224572448
2024-07-19 09:53:48,23600.0,400,Sell,224572483
2024-07-19 09:53:50,23600.0,100,Sell,224572574
2024-07-19 09:53:59,23600.0,2500,Sell,224572801
2024-07-19 09:53:59,23600.0,200,Sell,224572800
2024-07-19 09:53:59,23600.0,100,Sell,224572799
2024-07-19 09:53:59,23600.0,2500,Sell,224572798
2024-07-19 09:53:59,23600.0,5000,Sell,224572797
2024-07-19 09:53:59,23600.0,3300,Sell,224572796
2024-07-19 09:53:59,23600.0,2000,Sell,224572794
2024-07-19 09:53:59,23600.0,500,Sell,224572793
2024-07-19 09:53:59,23600.0,200,Sell,224572792
2024-07-19 09:53:59,23600.0,1000,Sell,224572791
2024-07-19 09:53:59,23600.0,4100,Sell,224572790
2024-07-19 09:53:59,23600.0,1000,Sell,224572795
2024-07-19 09:54:00,23600.0,100,Sell,224572835
2024-07-19 09:54:00,23600.0,500,Sell,224572834
2024-07-19 09:54:00,23600.0,300,Sell,224572832
2024-07-19 09:54:00,23600.0,2500,Sell,224572831
2024-07-19 09:54:00,23600.0,100,Sell,224572833
2024-07-19 09:54:23,23600.0,1200,Buy,224573509
2024-07-19 09:54:23,23600.0,700,Buy,224573510
2024-07-19 09:54:23,23600.0,100,Buy,224573511
2024-07-19 09:54:34,23550.0,100,Sell,224573881
2024-07-19 09:54:34,23550.0,2100,Sell,224573882
2024-07-19 09:54:34,23550.0,100,Sell,224573883
2024-07-19 09:54:34,23550.0,1000,Sell,224573884
2024-07-19 09:54:34,23550.0,2000,Sell,224573885
2024-07-19 09:54:34,23550.0,1000,Sell,224573886
2024-07-19 09:54:34,23550.0,3700,Sell,224573887
2024-07-19 09:54:35,23550.0,400,Sell,224573906
2024-07-19 09:54:35,23550.0,300,Sell,224573907
2024-07-19 09:54:35,23550.0,100,Sell,224573905
2024-07-19 09:54:35,23550.0,1300,Sell,224573904
2024-07-19 09:54:36,23550.0,400,Sell,224573928
2024-07-19 09:54:43,23600.0,900,Buy,224574126
2024-07-19 09:54:43,23600.0,100,Buy,224574127
2024-07-19 09:54:44,23600.0,1300,Buy,224574146
2024-07-19 09:55:09,23600.0,1000,Buy,224574789
2024-07-19 09:55:17,23600.0,200,Buy,224574989
2024-07-19 09:55:17,23600.0,2000,Buy,224574988
2024-07-19 09:55:17,23600.0,1000,Buy,224574987
2024-07-19 09:55:17,23600.0,200,Buy,224574986
2024-07-19 09:55:17,23600.0,100,Buy,224574984
2024-07-19 09:55:17,23600.0,8500,Buy,224574982
2024-07-19 09:55:17,23600.0,700,Buy,224574981
2024-07-19 09:55:17,23600.0,200,Buy,224574985
2024-07-19 09:55:17,23600.0,1600,Buy,224574979
2024-07-19 09:55:17,23600.0,1900,Buy,224574980
2024-07-19 09:55:17,23600.0,2400,Buy,224574972
2024-07-19 09:55:17,23600.0,1000,Buy,224574973
2024-07-19 09:55:17,23600.0,400,Buy,224574974
2024-07-19 09:55:17,23600.0,10000,Buy,224574983
2024-07-19 09:55:17,23600.0,2400,Buy,224574976
2024-07-19 09:55:17,23600.0,1000,Buy,224574977
2024-07-19 09:55:17,23600.0,600,Buy,224574978
2024-07-19 09:55:17,23600.0,2800,Buy,224574975
2024-07-19 09:55:18,23600.0,2000,Buy,224574991
2024-07-19 09:55:18,23600.0,1000,Sell,224575000
2024-07-19 09:55:18,23600.0,9000,Buy,224574992
2024-07-19 09:55:19,23600.0,10200,Sell,224575025
2024-07-19 09:55:20,23600.0,2100,Sell,224575035
2024-07-19 09:55:21,23600.0,400,Sell,224575060
2024-07-19 09:55:25,23600.0,20000,Sell,224575215
2024-07-19 09:55:26,23600.0,4200,Sell,224575287
2024-07-19 09:55:27,23600.0,800,Sell,224575298
2024-07-19 09:55:28,23600.0,100,Sell,224575324
2024-07-19 09:55:29,23600.0,10000,Sell,224575340
2024-07-19 09:55:30,23600.0,2100,Sell,224575383
2024-07-19 09:55:31,23600.0,700,Sell,224575431
2024-07-19 09:55:31,23600.0,2000,Sell,224575432
2024-07-19 09:55:31,23600.0,400,Sell,224575405
2024-07-19 09:55:40,23600.0,2000,Buy,224575719
2024-07-19 09:55:43,23600.0,2000,Buy,224575774
2024-07-19 09:55:48,23600.0,200,Buy,224575880
2024-07-19 09:55:54,23550.0,2000,Sell,224576065
2024-07-19 09:55:54,23550.0,2000,Sell,224576064
2024-07-19 09:55:54,23550.0,2400,Sell,224576063
2024-07-19 09:55:54,23550.0,500,Sell,224576062
2024-07-19 09:55:54,23550.0,100,Sell,224576061
2024-07-19 09:55:54,23550.0,100,Sell,224576066
2024-07-19 09:55:54,23550.0,1000,Sell,224576059
2024-07-19 09:55:54,23550.0,200,Sell,224576058
2024-07-19 09:55:54,23550.0,2500,Sell,224576057
2024-07-19 09:55:54,23550.0,500,Sell,224576056
2024-07-19 09:55:54,23550.0,300,Sell,224576046
2024-07-19 09:55:54,23550.0,500,Sell,224576060
2024-07-19 09:55:55,23550.0,100,Sell,224576088
2024-07-19 09:55:55,23550.0,300,Sell,224576089
2024-07-19 09:55:55,23550.0,500,Sell,224576090
2024-07-19 09:55:55,23550.0,200,Sell,224576091
2024-07-19 09:55:55,23550.0,1400,Sell,224576092
2024-07-19 09:55:56,23550.0,500,Sell,224576119
2024-07-19 09:55:57,23550.0,100,Sell,224576138
2024-07-19 09:56:18,23550.0,100,Sell,224576681
2024-07-19 09:56:45,23550.0,400,Sell,224577315
2024-07-19 09:56:48,23600.0,1000,Buy,224577363
2024-07-19 09:57:16,23600.0,500,Buy,224577811
2024-07-19 09:57:29,23550.0,4200,Sell,224578069
2024-07-19 09:57:29,23550.0,400,Sell,224578068
2024-07-19 09:57:29,23550.0,1000,Sell,224578059
2024-07-19 09:57:29,23550.0,800,Sell,224578058
2024-07-19 09:57:29,23550.0,100,Sell,224578057
2024-07-19 09:57:29,23550.0,200,Sell,224578056
2024-07-19 09:57:29,23550.0,200,Sell,224578054
2024-07-19 09:57:29,23550.0,1400,Sell,224578050
2024-07-19 09:57:29,23550.0,1100,Sell,224578051
2024-07-19 09:57:29,23550.0,100,Sell,224578055
2024-07-19 09:57:29,23550.0,200,Sell,224578053
2024-07-19 09:57:29,23550.0,100,Sell,224578052
2024-07-19 09:57:30,23550.0,2000,Sell,224578079
2024-07-19 09:57:30,23550.0,100,Sell,224578075
2024-07-19 09:57:31,23550.0,400,Sell,224578096
2024-07-19 09:57:45,23600.0,1200,Buy,224578357
2024-07-19 09:57:53,23600.0,200,Buy,224578530
2024-07-19 09:58:07,23600.0,500,Buy,224578941
2024-07-19 09:58:09,23600.0,300,Buy,224579069
2024-07-19 09:58:22,23600.0,1000,Buy,224579375
2024-07-19 09:58:24,23600.0,200,Buy,224579437
2024-07-19 09:58:29,23600.0,300,Buy,224579519
2024-07-19 09:58:29,23600.0,500,Buy,224579520
2024-07-19 09:58:29,23600.0,3200,Buy,224579521
2024-07-19 09:58:46,23600.0,1000,Buy,224579818
2024-07-19 09:58:49,23550.0,4200,Sell,224579865
2024-07-19 09:58:49,23550.0,400,Sell,224579864
2024-07-19 09:58:49,23550.0,1000,Sell,224579862
