time,price,volume,match_type,id
2024-08-13 09:14:39,21200.0,92800,ATO/ATC,231071150
2024-08-13 09:14:40,21200.0,100,Buy,231071352
2024-08-13 09:14:41,21200.0,500,Buy,231071424
2024-08-13 09:14:44,21200.0,8300,Buy,231071443
2024-08-13 09:14:44,21200.0,1100,Buy,231071440
2024-08-13 09:14:44,21200.0,500,Buy,231071441
2024-08-13 09:14:44,21200.0,100,Buy,231071442
2024-08-13 09:14:50,21150.0,200,Sell,231071526
2024-08-13 09:14:50,21150.0,400,Sell,231071527
2024-08-13 09:14:50,21150.0,100,Sell,231071528
2024-08-13 09:14:56,21200.0,200,Buy,231071626
2024-08-13 09:15:12,21200.0,1500,Buy,231071920
2024-08-13 09:15:12,21200.0,600,Buy,231071921
2024-08-13 09:15:41,21150.0,900,Sell,231072533
2024-08-13 09:15:41,21150.0,300,Sell,231072534
2024-08-13 09:15:41,21150.0,1900,Sell,231072535
2024-08-13 09:15:41,21200.0,1000,Buy,231072545
2024-08-13 09:15:45,21150.0,200,Sell,231072608
2024-08-13 09:15:47,21150.0,100,Sell,231072650
2024-08-13 09:15:56,21150.0,200,Sell,231072860
2024-08-13 09:16:20,21150.0,500,Sell,231073358
2024-08-13 09:16:39,21150.0,3000,Sell,231073791
2024-08-13 09:16:48,21150.0,2300,Sell,231074019
2024-08-13 09:16:48,21150.0,100,Sell,231074023
2024-08-13 09:16:51,21150.0,100,Sell,231074115
2024-08-13 09:16:57,21150.0,400,Sell,231074264
2024-08-13 09:17:01,21150.0,100,Sell,231074410
2024-08-13 09:17:01,21150.0,100,Sell,231074412
2024-08-13 09:17:01,21150.0,1500,Sell,231074409
2024-08-13 09:17:01,21150.0,700,Sell,231074411
2024-08-13 09:17:01,21150.0,200,Sell,231074407
2024-08-13 09:17:01,21150.0,100,Sell,231074408
2024-08-13 09:17:01,21150.0,100,Sell,231074405
2024-08-13 09:17:01,21150.0,1200,Sell,231074404
2024-08-13 09:17:01,21150.0,1000,Sell,231074406
2024-08-13 09:17:07,21150.0,1500,Sell,231074530
2024-08-13 09:17:07,21150.0,300,Sell,231074531
2024-08-13 09:17:07,21150.0,3200,Sell,231074532
2024-08-13 09:17:12,21150.0,3100,Sell,231074634
2024-08-13 09:17:12,21150.0,1900,Sell,231074635
2024-08-13 09:17:13,21050.0,100,Sell,231074694
2024-08-13 09:17:13,21100.0,1000,Sell,231074688
2024-08-13 09:17:13,21050.0,1300,Sell,231074689
2024-08-13 09:17:13,21050.0,200,Sell,231074690
2024-08-13 09:17:13,21050.0,100,Sell,231074691
2024-08-13 09:17:13,21050.0,100,Sell,231074692
2024-08-13 09:17:13,21050.0,800,Sell,231074693
2024-08-13 09:17:13,21100.0,300,Sell,231074684
2024-08-13 09:17:13,21100.0,2300,Sell,231074685
2024-08-13 09:17:13,21050.0,300,Sell,231074698
2024-08-13 09:17:13,21050.0,100,Sell,231074696
2024-08-13 09:17:13,21050.0,700,Sell,231074697
2024-08-13 09:17:13,21050.0,1000,Sell,231074699
2024-08-13 09:17:13,21050.0,3000,Sell,231074700
2024-08-13 09:17:13,21050.0,500,Sell,231074701
2024-08-13 09:17:13,21050.0,5000,Sell,231074702
2024-08-13 09:17:13,21050.0,500,Sell,231074703
2024-08-13 09:17:13,21050.0,100,Sell,231074704
2024-08-13 09:17:13,21100.0,5000,Sell,231074683
2024-08-13 09:17:13,21050.0,3000,Sell,231074695
2024-08-13 09:17:13,21100.0,1000,Sell,231074682
2024-08-13 09:17:13,21100.0,6800,Sell,231074670
2024-08-13 09:17:13,21100.0,5000,Sell,231074680
2024-08-13 09:17:13,21150.0,100,Sell,231074660
2024-08-13 09:17:13,21150.0,900,Sell,231074661
2024-08-13 09:17:13,21150.0,200,Sell,231074662
2024-08-13 09:17:13,21100.0,100,Sell,231074681
2024-08-13 09:17:13,21150.0,100,Sell,231074664
2024-08-13 09:17:13,21150.0,100,Sell,231074665
2024-08-13 09:17:13,21150.0,1000,Sell,231074666
2024-08-13 09:17:13,21100.0,400,Sell,231074667
2024-08-13 09:17:13,21100.0,100,Sell,231074668
2024-08-13 09:17:13,21150.0,300,Sell,231074663
2024-08-13 09:17:13,21100.0,200,Sell,231074671
2024-08-13 09:17:13,21100.0,100,Sell,231074672
2024-08-13 09:17:13,21100.0,100,Sell,231074673
2024-08-13 09:17:13,21100.0,1500,Sell,231074674
2024-08-13 09:17:13,21100.0,200,Sell,231074675
2024-08-13 09:17:13,21100.0,1000,Sell,231074676
2024-08-13 09:17:13,21100.0,200,Sell,231074677
2024-08-13 09:17:13,21100.0,100,Sell,231074678
2024-08-13 09:17:13,21100.0,15000,Sell,231074679
2024-08-13 09:17:13,21100.0,100,Sell,231074669
2024-08-13 09:17:14,21150.0,200,Sell,231074748
2024-08-13 09:17:15,21150.0,300,Sell,231074802
2024-08-13 09:17:15,21150.0,500,Sell,231074807
2024-08-13 09:17:35,21150.0,400,Buy,231075194
2024-08-13 09:17:39,21100.0,300,Sell,231075278
2024-08-13 09:17:39,21100.0,300,Sell,231075279
2024-08-13 09:17:39,21100.0,4500,Sell,231075280
2024-08-13 09:17:42,21100.0,300,Sell,231075353
2024-08-13 09:17:42,21100.0,2100,Sell,231075354
2024-08-13 09:17:42,21100.0,300,Sell,231075355
2024-08-13 09:17:42,21100.0,400,Sell,231075356
2024-08-13 09:17:43,21100.0,100,Sell,231075361
2024-08-13 09:17:43,21100.0,600,Sell,231075362
2024-08-13 09:17:43,21100.0,500,Sell,231075360
2024-08-13 09:17:43,21100.0,700,Sell,231075359
2024-08-13 09:17:52,21100.0,100,Sell,231075632
2024-08-13 09:17:52,21100.0,100,Sell,231075633
2024-08-13 09:17:52,21100.0,100,Sell,231075634
2024-08-13 09:17:52,21100.0,100,Sell,231075631
2024-08-13 09:17:54,21150.0,1000,Buy,231075657
2024-08-13 09:18:04,21100.0,100,Sell,231075870
2024-08-13 09:18:04,21100.0,100,Sell,231075871
2024-08-13 09:18:25,21100.0,1800,Buy,231076388
2024-08-13 09:18:25,21100.0,400,Buy,231076389
2024-08-13 09:18:25,21100.0,800,Buy,231076390
2024-08-13 09:18:37,21100.0,300,Buy,231076657
2024-08-13 09:18:37,21100.0,200,Buy,231076656
2024-08-13 09:18:42,21100.0,300,Buy,231076802
2024-08-13 09:18:47,21100.0,1000,Buy,231076879
2024-08-13 09:18:49,21100.0,100,Buy,231076913
2024-08-13 09:18:54,21100.0,300,Buy,231077002
2024-08-13 09:19:07,21100.0,100,Buy,231077204
2024-08-13 09:19:22,21100.0,1000,Buy,231077655
2024-08-13 09:19:27,21100.0,100,Buy,231077747
2024-08-13 09:19:30,21100.0,100,Buy,231077820
2024-08-13 09:19:35,21100.0,100,Buy,231077939
2024-08-13 09:19:37,21050.0,100,Sell,231077989
2024-08-13 09:19:37,21050.0,8700,Sell,231077990
2024-08-13 09:19:38,21100.0,100,Buy,231078000
2024-08-13 09:19:44,21100.0,100,Buy,231078119
2024-08-13 09:19:54,21050.0,800,Sell,231078375
2024-08-13 09:19:54,21050.0,1200,Sell,231078372
2024-08-13 09:19:54,21050.0,1500,Sell,231078371
2024-08-13 09:19:54,21050.0,2900,Sell,231078370
2024-08-13 09:19:54,21050.0,200,Sell,231078369
2024-08-13 09:19:54,21050.0,100,Sell,231078368
2024-08-13 09:19:54,21050.0,200,Sell,231078367
2024-08-13 09:19:54,21050.0,100,Sell,231078366
2024-08-13 09:19:54,21050.0,2900,Sell,231078365
2024-08-13 09:19:54,21050.0,600,Sell,231078363
2024-08-13 09:19:54,21050.0,700,Sell,231078356
2024-08-13 09:19:54,21050.0,1100,Sell,231078355
2024-08-13 09:19:54,21050.0,800,Sell,231078354
2024-08-13 09:19:54,21050.0,2000,Sell,231078353
2024-08-13 09:19:54,21050.0,1400,Sell,231078351
2024-08-13 09:19:54,21050.0,1000,Sell,231078350
2024-08-13 09:19:54,21050.0,800,Sell,231078364
2024-08-13 09:19:55,21100.0,2800,Buy,231078417
2024-08-13 09:19:55,21100.0,2200,Buy,231078415
2024-08-13 09:19:55,21050.0,1800,Sell,231078396
2024-08-13 09:19:55,21050.0,1800,Sell,231078400
2024-08-13 09:19:55,21100.0,5000,Buy,231078416
2024-08-13 09:20:00,21100.0,100,Buy,231078506
2024-08-13 09:20:04,21100.0,100,Buy,231078607
2024-08-13 09:20:08,21050.0,600,Sell,231078743
2024-08-13 09:20:13,21100.0,100,Buy,231078846
2024-08-13 09:20:22,21050.0,1000,Sell,231079083
2024-08-13 09:20:25,21100.0,400,Buy,231079147
2024-08-13 09:20:28,21050.0,100,Sell,231079224
2024-08-13 09:20:38,21100.0,6000,Buy,231079438
2024-08-13 09:20:56,21100.0,100,Buy,231079821
2024-08-13 09:20:56,21100.0,700,Buy,231079820
2024-08-13 09:20:56,21100.0,300,Buy,231079819
2024-08-13 09:20:56,21100.0,200,Buy,231079818
2024-08-13 09:20:56,21100.0,300,Buy,231079817
2024-08-13 09:20:56,21100.0,1200,Buy,231079822
2024-08-13 09:20:56,21100.0,100,Buy,231079815
2024-08-13 09:20:56,21100.0,200,Buy,231079814
2024-08-13 09:20:56,21100.0,100,Buy,231079813
2024-08-13 09:20:56,21100.0,200,Buy,231079812
2024-08-13 09:20:56,21100.0,500,Buy,231079811
2024-08-13 09:20:56,21100.0,100,Buy,231079816
2024-08-13 09:20:58,21100.0,100,Buy,231079868
2024-08-13 09:21:04,21100.0,300,Buy,231079984
2024-08-13 09:21:07,21050.0,700,Sell,231080051
2024-08-13 09:21:11,21100.0,1000,Buy,231080157
2024-08-13 09:21:15,21100.0,100,Buy,231080253
2024-08-13 09:21:27,21100.0,400,Buy,231080507
2024-08-13 09:21:27,21100.0,2300,Buy,231080505
2024-08-13 09:21:27,21100.0,2300,Buy,231080506
2024-08-13 09:21:31,21100.0,300,Buy,231080585
2024-08-13 09:21:33,21100.0,4300,Buy,231080627
2024-08-13 09:21:36,21100.0,100,Buy,231080670
2024-08-13 09:21:50,21100.0,200,Buy,231081013
2024-08-13 09:21:50,21100.0,2600,Buy,231081023
2024-08-13 09:21:50,21100.0,2400,Buy,231081024
2024-08-13 09:21:53,21100.0,2000,Buy,231081093
2024-08-13 09:21:59,21100.0,500,Buy,231081241
2024-08-13 09:22:09,21100.0,200,Buy,231081461
2024-08-13 09:22:14,21100.0,400,Buy,231081569
2024-08-13 09:22:14,21100.0,300,Buy,231081570
2024-08-13 09:22:14,21100.0,2500,Buy,231081568
2024-08-13 09:22:14,21100.0,400,Buy,231081572
2024-08-13 09:22:14,21100.0,100,Buy,231081571
2024-08-13 09:22:14,21100.0,800,Buy,231081567
2024-08-13 09:22:14,21100.0,900,Buy,231081565
2024-08-13 09:22:14,21100.0,2700,Buy,231081560
2024-08-13 09:22:14,21100.0,100,Buy,231081561
2024-08-13 09:22:14,21100.0,200,Buy,231081562
2024-08-13 09:22:14,21100.0,400,Buy,231081566
2024-08-13 09:22:14,21100.0,700,Buy,231081564
2024-08-13 09:22:14,21100.0,500,Buy,231081563
2024-08-13 09:22:17,21100.0,200,Buy,231081631
2024-08-13 09:22:40,21100.0,100,Buy,231082173
2024-08-13 09:22:48,21100.0,500,Buy,231082344
2024-08-13 09:22:48,21100.0,1100,Buy,231082351
2024-08-13 09:22:48,21100.0,900,Buy,231082352
2024-08-13 09:22:57,21100.0,500,Buy,231082614
2024-08-13 09:22:57,21100.0,6000,Buy,231082615
2024-08-13 09:22:58,21100.0,100,Buy,231082632
2024-08-13 09:23:02,21100.0,2500,Buy,231082758
2024-08-13 09:23:05,21050.0,600,Sell,231082855
2024-08-13 09:23:08,21050.0,800,Sell,231082958
2024-08-13 09:23:09,21100.0,1000,Buy,231082981
2024-08-13 09:23:10,21100.0,1100,Buy,231082998
2024-08-13 09:23:10,21100.0,400,Buy,231082997
2024-08-13 09:23:12,21100.0,1900,Buy,231083038
2024-08-13 09:23:12,21100.0,3900,Buy,231083036
2024-08-13 09:23:12,21100.0,700,Buy,231083037
2024-08-13 09:23:18,21100.0,100,Buy,231083161
2024-08-13 09:23:21,21100.0,2000,Buy,231083220
2024-08-13 09:23:21,21100.0,1000,Buy,231083222
2024-08-13 09:23:21,21100.0,900,Buy,231083223
2024-08-13 09:23:32,21100.0,500,Buy,231083673
2024-08-13 09:23:35,21100.0,100,Buy,231083732
2024-08-13 09:23:37,21100.0,5000,Buy,231083758
2024-08-13 09:23:43,21100.0,11600,Buy,231083872
2024-08-13 09:23:43,21100.0,2200,Buy,231083871
2024-08-13 09:23:43,21100.0,100,Buy,231083870
2024-08-13 09:23:43,21100.0,2400,Buy,231083869
2024-08-13 09:23:43,21100.0,700,Buy,231083868
2024-08-13 09:23:43,21100.0,5000,Buy,231083873
2024-08-13 09:23:43,21100.0,300,Buy,231083866
2024-08-13 09:23:43,21100.0,500,Buy,231083865
2024-08-13 09:23:43,21100.0,400,Buy,231083864
2024-08-13 09:23:43,21100.0,200,Buy,231083862
2024-08-13 09:23:43,21100.0,1400,Buy,231083859
2024-08-13 09:23:43,21100.0,800,Buy,231083867
2024-08-13 09:23:43,21100.0,300,Buy,231083863
2024-08-13 09:24:05,21150.0,100,Buy,231084588
2024-08-13 09:24:19,21150.0,200,Buy,231084936
2024-08-13 09:24:24,21150.0,100,Buy,231085057
2024-08-13 09:24:44,21150.0,100,Buy,231085600
2024-08-13 09:24:44,21150.0,7900,Buy,231085599
2024-08-13 09:24:44,21150.0,5000,Buy,231085598
2024-08-13 09:24:44,21150.0,100,Buy,231085590
2024-08-13 09:24:44,21150.0,100,Buy,231085597
2024-08-13 09:24:44,21150.0,10000,Buy,231085596
2024-08-13 09:24:44,21150.0,100,Buy,231085595
2024-08-13 09:24:44,21150.0,10000,Buy,231085594
2024-08-13 09:24:44,21150.0,600,Buy,231085593
2024-08-13 09:24:44,21150.0,500,Buy,231085592
2024-08-13 09:24:44,21150.0,700,Buy,231085591
2024-08-13 09:24:44,21150.0,400,Buy,231085589
2024-08-13 09:24:44,21150.0,2100,Buy,231085578
2024-08-13 09:24:44,21150.0,2100,Buy,231085587
2024-08-13 09:24:44,21150.0,300,Buy,231085586
2024-08-13 09:24:44,21150.0,200,Buy,231085585
2024-08-13 09:24:44,21150.0,600,Buy,231085584
2024-08-13 09:24:44,21150.0,700,Buy,231085583
2024-08-13 09:24:44,21150.0,100,Buy,231085582
2024-08-13 09:24:44,21150.0,500,Buy,231085581
2024-08-13 09:24:44,21150.0,400,Buy,231085580
2024-08-13 09:24:44,21150.0,300,Buy,231085579
2024-08-13 09:24:44,21150.0,300,Buy,231085577
2024-08-13 09:24:44,21150.0,1000,Buy,231085576
2024-08-13 09:24:44,21150.0,900,Buy,231085575
2024-08-13 09:24:44,21150.0,300,Buy,231085588
2024-08-13 09:24:46,21150.0,4700,Sell,231085631
2024-08-13 09:24:47,21100.0,5000,Sell,231085783
2024-08-13 09:24:48,21150.0,1500,Buy,231085813
2024-08-13 09:24:56,21100.0,1000,Sell,231086020
2024-08-13 09:25:22,21100.0,500,Sell,231086756
2024-08-13 09:25:40,21150.0,100,Buy,231087231
2024-08-13 09:26:02,21150.0,400,Buy,231087794
2024-08-13 09:26:04,21100.0,500,Sell,231087826
2024-08-13 09:26:16,21150.0,1000,Buy,231088083
2024-08-13 09:26:21,21150.0,200,Buy,231088221
2024-08-13 09:26:29,21150.0,200,Buy,231088454
2024-08-13 09:26:33,21150.0,100,Buy,231088537
2024-08-13 09:26:34,21100.0,5200,Sell,231088568
2024-08-13 09:26:34,21100.0,1500,Sell,231088569
2024-08-13 09:26:34,21100.0,700,Sell,231088558
2024-08-13 09:26:34,21100.0,900,Sell,231088555
2024-08-13 09:26:34,21100.0,1200,Sell,231088559
2024-08-13 09:26:37,21150.0,2300,Buy,231088679
2024-08-13 09:26:37,21150.0,100,Buy,231088673
2024-08-13 09:26:37,21150.0,200,Buy,231088678
2024-08-13 09:26:37,21150.0,100,Buy,231088677
2024-08-13 09:26:37,21150.0,100,Buy,231088676
2024-08-13 09:26:37,21150.0,100,Buy,231088675
2024-08-13 09:26:37,21150.0,100,Buy,231088674
2024-08-13 09:26:37,21150.0,100,Buy,231088672
2024-08-13 09:26:37,21150.0,7900,Buy,231088663
2024-08-13 09:26:37,21150.0,100,Buy,231088670
2024-08-13 09:26:37,21150.0,15500,Buy,231088662
2024-08-13 09:26:37,21150.0,200,Buy,231088664
2024-08-13 09:26:37,21150.0,6100,Buy,231088665
2024-08-13 09:26:37,21150.0,100,Buy,231088671
2024-08-13 09:26:37,21150.0,300,Buy,231088667
2024-08-13 09:26:37,21150.0,700,Buy,231088668
2024-08-13 09:26:37,21150.0,2300,Buy,231088669
2024-08-13 09:26:37,21150.0,1700,Buy,231088666
2024-08-13 09:26:43,21150.0,500,Sell,231088853
2024-08-13 09:26:46,21150.0,10000,Sell,231088898
2024-08-13 09:26:53,21150.0,1500,Sell,231089054
2024-08-13 09:27:03,21150.0,100,Buy,231089360
2024-08-13 09:27:03,21150.0,100,Buy,231089371
2024-08-13 09:27:13,21150.0,100,Buy,231089611
2024-08-13 09:27:15,21150.0,1500,Buy,231089716
2024-08-13 09:27:17,21150.0,2000,Buy,231089766
2024-08-13 09:27:18,21150.0,100,Buy,231089775
2024-08-13 09:27:40,21100.0,100,Sell,231090341
2024-08-13 09:27:40,21100.0,100,Sell,231090340
2024-08-13 09:27:40,21100.0,100,Sell,231090334
2024-08-13 09:27:40,21100.0,100,Sell,231090333
2024-08-13 09:27:49,21150.0,500,Buy,231090508
2024-08-13 09:27:59,21150.0,17600,Buy,231090793
2024-08-13 09:27:59,21150.0,10000,Buy,231090794
2024-08-13 09:27:59,21150.0,100,Buy,231090795
2024-08-13 09:27:59,21150.0,6000,Buy,231090796
2024-08-13 09:27:59,21150.0,7900,Buy,231090797
2024-08-13 09:27:59,21150.0,200,Buy,231090790
2024-08-13 09:28:14,21150.0,2200,Sell,231091247
2024-08-13 09:28:38,21150.0,2000,Sell,231091855
2024-08-13 09:28:40,21150.0,4200,Sell,231091909
2024-08-13 09:28:40,21150.0,5000,Sell,231091910
2024-08-13 09:28:40,21150.0,1000,Sell,231091911
2024-08-13 09:28:40,21150.0,500,Sell,231091912
2024-08-13 09:29:02,21150.0,2000,Buy,231092545
2024-08-13 09:29:07,21150.0,1000,Buy,231092695
2024-08-13 09:29:14,21150.0,200,Buy,231092832
2024-08-13 09:29:50,21150.0,500,Buy,231093650
2024-08-13 09:29:56,21150.0,500,Buy,231093919
2024-08-13 09:30:05,21100.0,300,Sell,231094208
2024-08-13 09:30:05,21100.0,1600,Sell,231094218
2024-08-13 09:30:05,21100.0,100,Sell,231094216
2024-08-13 09:30:05,21100.0,1000,Sell,231094215
2024-08-13 09:30:05,21100.0,100,Sell,231094214
2024-08-13 09:30:05,21100.0,200,Sell,231094217
2024-08-13 09:30:05,21100.0,1000,Sell,231094212
2024-08-13 09:30:05,21100.0,200,Sell,231094211
2024-08-13 09:30:05,21100.0,10000,Sell,231094210
2024-08-13 09:30:05,21100.0,1000,Sell,231094209
2024-08-13 09:30:05,21100.0,1000,Sell,231094213
2024-08-13 09:30:05,21100.0,7200,Sell,231094207
2024-08-13 09:30:25,21150.0,500,Buy,231094905
2024-08-13 09:30:54,21150.0,200,Buy,231095642
2024-08-13 09:31:15,21150.0,700,Buy,231096204
2024-08-13 09:31:17,21100.0,3000,Sell,231096267
2024-08-13 09:31:22,21150.0,9700,Buy,231096393
2024-08-13 09:31:22,21150.0,7400,Buy,231096391
2024-08-13 09:31:22,21150.0,7900,Buy,231096392
2024-08-13 09:31:30,21150.0,1400,Buy,231096619
2024-08-13 09:31:44,21150.0,100,Buy,231096945
2024-08-13 09:31:54,21150.0,100,Buy,231097232
2024-08-13 09:31:54,21150.0,500,Buy,231097241
2024-08-13 09:32:00,21100.0,600,Sell,231097467
2024-08-13 09:32:00,21100.0,100,Sell,231097466
2024-08-13 09:32:00,21100.0,100,Sell,231097465
2024-08-13 09:32:00,21100.0,100,Sell,231097464
2024-08-13 09:32:00,21100.0,100,Sell,231097463
2024-08-13 09:32:00,21100.0,400,Sell,231097461
2024-08-13 09:32:00,21100.0,2000,Sell,231097460
2024-08-13 09:32:00,21100.0,200,Sell,231097459
2024-08-13 09:32:00,21100.0,400,Sell,231097458
2024-08-13 09:32:00,21100.0,900,Sell,231097457
2024-08-13 09:32:00,21100.0,100,Sell,231097462
2024-08-13 09:32:10,21100.0,500,Sell,231097720
2024-08-13 09:32:10,21100.0,1000,Sell,231097721
2024-08-13 09:32:17,21100.0,200,Sell,231097868
2024-08-13 09:32:17,21100.0,100,Sell,231097869
2024-08-13 09:32:17,21100.0,1000,Sell,231097867
2024-08-13 09:32:17,21100.0,300,Sell,231097872
2024-08-13 09:32:17,21100.0,300,Sell,231097870
2024-08-13 09:32:17,21100.0,700,Sell,231097866
2024-08-13 09:32:17,21100.0,900,Sell,231097873
2024-08-13 09:32:17,21100.0,300,Sell,231097864
2024-08-13 09:32:17,21100.0,300,Sell,231097865
2024-08-13 09:32:17,21100.0,600,Sell,231097858
2024-08-13 09:32:17,21100.0,3400,Sell,231097859
2024-08-13 09:32:17,21100.0,1400,Sell,231097871
2024-08-13 09:32:17,21100.0,200,Sell,231097863
2024-08-13 09:32:17,21100.0,100,Sell,231097862
2024-08-13 09:32:17,21100.0,100,Sell,231097860
2024-08-13 09:32:17,21100.0,100,Sell,231097861
2024-08-13 09:32:18,21150.0,3000,Buy,231097885
2024-08-13 09:32:26,21100.0,100,Sell,231098046
2024-08-13 09:32:26,21100.0,200,Sell,231098045
2024-08-13 09:32:26,21100.0,700,Sell,231098047
2024-08-13 09:32:27,21100.0,100,Sell,231098063
2024-08-13 09:32:45,21100.0,200,Sell,231098522
2024-08-13 09:32:45,21100.0,200,Sell,231098523
2024-08-13 09:32:45,21100.0,1000,Sell,231098524
2024-08-13 09:32:45,21100.0,600,Sell,231098525
2024-08-13 09:32:49,21100.0,4000,Sell,231098616
2024-08-13 09:33:01,21150.0,100,Buy,231098906
2024-08-13 09:33:06,21100.0,200,Sell,231099047
2024-08-13 09:33:06,21100.0,500,Sell,231099046
2024-08-13 09:33:06,21100.0,200,Sell,231099043
2024-08-13 09:33:06,21100.0,200,Sell,231099044
2024-08-13 09:33:06,21100.0,500,Sell,231099045
2024-08-13 09:33:06,21100.0,400,Sell,231099042
2024-08-13 09:33:23,21100.0,1800,Sell,231099420
2024-08-13 09:33:23,21100.0,100,Sell,231099418
2024-08-13 09:33:23,21100.0,100,Sell,231099419
2024-08-13 09:33:25,21150.0,200,Buy,231099483
2024-08-13 09:33:37,21100.0,600,Sell,231099756
2024-08-13 09:33:37,21100.0,4000,Sell,231099773
2024-08-13 09:33:37,21100.0,200,Sell,231099772
2024-08-13 09:33:37,21100.0,200,Sell,231099767
2024-08-13 09:33:37,21100.0,300,Sell,231099766
2024-08-13 09:33:37,21100.0,1000,Sell,231099764
2024-08-13 09:33:37,21100.0,1000,Sell,231099763
2024-08-13 09:33:37,21100.0,300,Sell,231099765
2024-08-13 09:33:37,21100.0,500,Sell,231099761
2024-08-13 09:33:37,21100.0,300,Sell,231099760
2024-08-13 09:33:37,21100.0,500,Sell,231099759
2024-08-13 09:33:37,21100.0,2000,Sell,231099758
2024-08-13 09:33:37,21100.0,500,Sell,231099757
2024-08-13 09:33:37,21100.0,300,Sell,231099762
2024-08-13 09:33:37,21100.0,300,Sell,231099755
2024-08-13 09:33:48,21150.0,1000,Buy,231100048
2024-08-13 09:33:48,21150.0,100,Buy,231100052
2024-08-13 09:33:48,21150.0,100,Buy,231100051
2024-08-13 09:33:48,21150.0,100,Buy,231100050
2024-08-13 09:33:48,21150.0,100,Buy,231100049
2024-08-13 09:33:48,21150.0,1200,Buy,231100047
2024-08-13 09:33:48,21150.0,1400,Buy,231100046
2024-08-13 09:33:48,21150.0,1000,Buy,231100040
2024-08-13 09:33:48,21150.0,700,Buy,231100039
2024-08-13 09:33:48,21150.0,300,Buy,231100038
2024-08-13 09:33:48,21150.0,4200,Buy,231100037
2024-08-13 09:33:48,21150.0,600,Buy,231100036
2024-08-13 09:33:48,21150.0,8600,Buy,231100035
2024-08-13 09:33:48,21150.0,600,Buy,231100045
2024-08-13 09:34:05,21100.0,600,Sell,231100435
2024-08-13 09:34:06,21100.0,100,Sell,231100474
2024-08-13 09:34:11,21150.0,100,Buy,231100593
2024-08-13 09:34:20,21100.0,1200,Sell,231100731
2024-08-13 09:34:22,21100.0,200,Sell,231100769
2024-08-13 09:34:47,21100.0,2300,Sell,231101421
2024-08-13 09:35:30,21100.0,100,Sell,231102425
2024-08-13 09:35:34,21150.0,100,Buy,231102520
2024-08-13 09:35:36,21100.0,6000,Sell,231102600
2024-08-13 09:35:36,21100.0,100,Sell,231102599
2024-08-13 09:35:36,21100.0,100,Sell,231102598
2024-08-13 09:35:36,21100.0,200,Sell,231102596
2024-08-13 09:35:36,21100.0,100,Sell,231102595
2024-08-13 09:35:36,21100.0,100,Sell,231102597
2024-08-13 09:35:36,21100.0,800,Sell,231102593
2024-08-13 09:35:36,21100.0,100,Sell,231102592
2024-08-13 09:35:36,21100.0,100,Sell,231102591
2024-08-13 09:35:36,21100.0,800,Sell,231102590
2024-08-13 09:35:36,21100.0,1500,Sell,231102589
2024-08-13 09:35:36,21100.0,100,Sell,231102594
2024-08-13 09:35:37,21100.0,800,Sell,231102616
2024-08-13 09:35:46,21100.0,1000,Sell,231102850
2024-08-13 09:35:47,21150.0,200,Buy,231102900
2024-08-13 09:35:56,21150.0,100,Buy,231103122
2024-08-13 09:36:13,21150.0,500,Buy,231103621
2024-08-13 09:37:10,21100.0,1000,Sell,231105061
2024-08-13 09:37:20,21100.0,1500,Sell,231105338
2024-08-13 09:37:29,21100.0,3000,Sell,231105548
2024-08-13 09:37:34,21100.0,200,Sell,231105692
2024-08-13 09:37:34,21100.0,100,Sell,231105693
2024-08-13 09:37:34,21100.0,200,Sell,231105694
2024-08-13 09:37:34,21100.0,1000,Sell,231105695
2024-08-13 09:37:34,21100.0,400,Sell,231105696
2024-08-13 09:37:34,21100.0,300,Sell,231105697
2024-08-13 09:37:34,21100.0,100,Sell,231105698
2024-08-13 09:37:34,21100.0,100,Sell,231105699
2024-08-13 09:37:34,21100.0,4900,Sell,231105700
2024-08-13 09:37:34,21100.0,2700,Sell,231105691
2024-08-13 09:37:54,21100.0,3000,Sell,231106340
2024-08-13 09:37:59,21100.0,500,Sell,231106433
2024-08-13 09:38:03,21100.0,1600,Sell,231106570
2024-08-13 09:38:03,21150.0,100,Buy,231106562
2024-08-13 09:38:03,21100.0,400,Sell,231106571
2024-08-13 09:38:03,21100.0,200,Sell,231106572
2024-08-13 09:38:14,21150.0,100,Buy,231106845
2024-08-13 09:38:58,21150.0,500,Buy,231107953
2024-08-13 09:39:11,21150.0,100,Buy,231108301
2024-08-13 09:39:20,21100.0,100,Sell,231108511
2024-08-13 09:39:41,21100.0,300,Sell,231108954
2024-08-13 09:39:41,21100.0,2000,Sell,231108955
2024-08-13 09:39:44,21150.0,100,Buy,231109046
2024-08-13 09:40:10,21150.0,100,Buy,231109746
2024-08-13 09:40:22,21150.0,10000,Buy,231109964
2024-08-13 09:40:32,21150.0,200,Buy,231110142
2024-08-13 09:40:37,21150.0,1000,Buy,231110205
2024-08-13 09:40:43,21150.0,4000,Buy,231110324
2024-08-13 09:40:48,21150.0,100,Buy,231110392
2024-08-13 09:41:00,21150.0,2700,Buy,231110734
2024-08-13 09:41:00,21150.0,100,Buy,231110735
2024-08-13 09:41:00,21150.0,2300,Buy,231110736
2024-08-13 09:41:00,21150.0,500,Buy,231110737
2024-08-13 09:41:00,21150.0,4400,Buy,231110738
2024-08-13 09:41:00,21100.0,10000,Sell,231110739
2024-08-13 09:41:03,21150.0,1000,Buy,231110802
2024-08-13 09:41:18,21150.0,100,Buy,231111120
2024-08-13 09:41:25,21100.0,1000,Sell,231111346
2024-08-13 09:41:36,21100.0,5500,Sell,231111573
2024-08-13 09:41:37,21150.0,1000,Buy,231111586
2024-08-13 09:42:05,21150.0,100,Buy,231112163
2024-08-13 09:42:28,21150.0,1300,Buy,231112662
2024-08-13 09:42:28,21150.0,700,Buy,231112663
2024-08-13 09:42:41,21100.0,200,Sell,231112943
2024-08-13 09:42:45,21150.0,1600,Buy,231113070
2024-08-13 09:42:45,21150.0,200,Buy,231113071
2024-08-13 09:42:45,21150.0,200,Buy,231113072
2024-08-13 09:42:45,21150.0,100,Buy,231113076
2024-08-13 09:42:46,21100.0,100,Sell,231113101
2024-08-13 09:42:46,21150.0,100,Buy,231113091
2024-08-13 09:42:56,21150.0,100,Buy,231113450
2024-08-13 09:42:57,21100.0,2200,Sell,231113485
2024-08-13 09:42:58,21100.0,3000,Sell,231113529
2024-08-13 09:42:59,21100.0,300,Sell,231113540
2024-08-13 09:42:59,21100.0,1000,Sell,231113585
2024-08-13 09:43:07,21100.0,1000,Sell,231113775
2024-08-13 09:43:17,21100.0,200,Sell,231114118
2024-08-13 09:43:23,21100.0,3700,Sell,231114419
2024-08-13 09:43:23,21100.0,300,Sell,231114418
2024-08-13 09:43:23,21100.0,300,Sell,231114416
2024-08-13 09:43:23,21100.0,5500,Sell,231114415
2024-08-13 09:43:23,21100.0,200,Sell,231114417
2024-08-13 09:43:23,21150.0,700,Buy,231114414
2024-08-13 09:43:30,21100.0,500,Sell,231114647
2024-08-13 09:43:32,21100.0,1000,Sell,231114705
2024-08-13 09:43:42,21100.0,500,Sell,231114884
2024-08-13 09:43:47,21150.0,2000,Buy,231115020
2024-08-13 09:43:52,21100.0,500,Sell,231115118
2024-08-13 09:43:53,21100.0,100,Sell,231115128
2024-08-13 09:44:08,21100.0,500,Sell,231115460
2024-08-13 09:44:08,21100.0,700,Sell,231115470
2024-08-13 09:44:24,21100.0,500,Sell,231115840
2024-08-13 09:44:34,21100.0,2300,Sell,231116043
2024-08-13 09:44:42,21100.0,300,Sell,231116210
2024-08-13 09:44:48,21100.0,1000,Sell,231116350
2024-08-13 09:44:48,21100.0,1000,Sell,231116378
2024-08-13 09:44:49,21150.0,2000,Buy,231116384
2024-08-13 09:44:51,21100.0,100,Sell,231116468
2024-08-13 09:45:17,21100.0,100,Sell,231117084
2024-08-13 09:45:20,21100.0,5000,Sell,231117117
2024-08-13 09:45:27,21100.0,2000,Sell,231117302
2024-08-13 09:45:31,21100.0,100,Sell,231117434
2024-08-13 09:45:39,21150.0,1000,Buy,231117602
2024-08-13 09:45:51,21150.0,200,Buy,231117945
2024-08-13 09:45:52,21150.0,2000,Buy,231117950
2024-08-13 09:46:08,21150.0,500,Buy,231118452
2024-08-13 09:46:11,21150.0,200,Buy,231118537
2024-08-13 09:46:17,21150.0,100,Buy,231118706
2024-08-13 09:46:18,21100.0,100,Sell,231118735
2024-08-13 09:46:18,21100.0,4600,Sell,231118736
2024-08-13 09:46:34,21150.0,400,Buy,231119108
2024-08-13 09:46:50,21100.0,1900,Sell,231119457
2024-08-13 09:46:54,21150.0,2000,Buy,231119608
2024-08-13 09:47:16,21100.0,700,Sell,231120181
2024-08-13 09:47:16,21100.0,1500,Sell,231120178
2024-08-13 09:47:16,21100.0,100,Sell,231120179
2024-08-13 09:47:16,21100.0,1000,Sell,231120180
2024-08-13 09:47:20,21150.0,200,Buy,231120270
2024-08-13 09:47:21,21100.0,200,Sell,231120283
2024-08-13 09:47:23,21100.0,100,Sell,231120336
2024-08-13 09:47:23,21100.0,200,Sell,231120338
2024-08-13 09:47:23,21100.0,100,Sell,231120337
2024-08-13 09:47:23,21100.0,1000,Sell,231120335
2024-08-13 09:47:23,21100.0,500,Sell,231120328
2024-08-13 09:47:23,21100.0,1000,Sell,231120340
2024-08-13 09:47:23,21100.0,1000,Sell,231120341
2024-08-13 09:47:23,21100.0,100,Sell,231120342
2024-08-13 09:47:23,21100.0,100,Sell,231120334
2024-08-13 09:47:23,21100.0,100,Sell,231120339
2024-08-13 09:47:23,21100.0,100,Sell,231120333
2024-08-13 09:47:23,21100.0,200,Sell,231120325
2024-08-13 09:47:23,21100.0,100,Sell,231120331
2024-08-13 09:47:23,21100.0,100,Sell,231120321
2024-08-13 09:47:23,21100.0,1000,Sell,231120322
2024-08-13 09:47:23,21100.0,100,Sell,231120323
2024-08-13 09:47:23,21100.0,100,Sell,231120324
2024-08-13 09:47:23,21100.0,300,Sell,231120332
2024-08-13 09:47:23,21100.0,1000,Sell,231120327
2024-08-13 09:47:23,21100.0,2000,Sell,231120329
2024-08-13 09:47:23,21100.0,100,Sell,231120330
2024-08-13 09:47:23,21100.0,700,Sell,231120326
2024-08-13 09:47:34,21100.0,1200,Sell,231120687
2024-08-13 09:47:34,21100.0,600,Sell,231120686
2024-08-13 09:47:34,21100.0,1000,Sell,231120685
2024-08-13 09:47:34,21100.0,1400,Sell,231120684
2024-08-13 09:47:34,21100.0,700,Sell,231120678
2024-08-13 09:47:34,21100.0,300,Sell,231120677
2024-08-13 09:47:34,21100.0,1000,Sell,231120675
2024-08-13 09:47:34,21100.0,1000,Sell,231120674
2024-08-13 09:47:34,21100.0,100,Sell,231120673
2024-08-13 09:47:34,21100.0,100,Sell,231120671
2024-08-13 09:47:34,21100.0,300,Sell,231120670
2024-08-13 09:47:34,21100.0,600,Sell,231120669
2024-08-13 09:47:34,21100.0,1300,Sell,231120676
2024-08-13 09:47:34,21100.0,400,Sell,231120672
2024-08-13 09:47:36,21100.0,400,Sell,231120740
2024-08-13 09:47:36,21150.0,4100,Buy,231120737
2024-08-13 09:47:50,21100.0,5700,Sell,231121039
2024-08-13 09:47:50,21100.0,13100,Sell,231121038
2024-08-13 09:47:51,21100.0,2200,Sell,231121067
2024-08-13 09:47:56,21150.0,2000,Buy,231121197
2024-08-13 09:47:57,21100.0,15000,Sell,231121237
2024-08-13 09:48:02,21100.0,600,Sell,231121315
2024-08-13 09:48:02,21100.0,4200,Sell,231121316
2024-08-13 09:48:02,21100.0,300,Sell,231121317
2024-08-13 09:48:02,21100.0,700,Sell,231121318
2024-08-13 09:48:02,21100.0,1000,Sell,231121319
2024-08-13 09:48:02,21100.0,600,Sell,231121320
2024-08-13 09:48:02,21100.0,1200,Sell,231121321
2024-08-13 09:48:02,21100.0,1400,Sell,231121322
2024-08-13 09:48:19,21100.0,400,Sell,231121812
2024-08-13 09:48:19,21100.0,300,Sell,231121810
2024-08-13 09:48:19,21100.0,700,Sell,231121809
2024-08-13 09:48:19,21100.0,600,Sell,231121811
2024-08-13 09:48:20,21150.0,300,Buy,231121833
2024-08-13 09:48:27,21100.0,600,Sell,231121988
2024-08-13 09:48:27,21100.0,4200,Sell,231121989
2024-08-13 09:48:27,21100.0,300,Sell,231121990
2024-08-13 09:48:27,21100.0,700,Sell,231121991
2024-08-13 09:48:27,21100.0,600,Sell,231121992
2024-08-13 09:48:27,21100.0,1400,Sell,231121993
2024-08-13 09:48:27,21100.0,1000,Sell,231121994
2024-08-13 09:48:27,21100.0,1200,Sell,231121995
2024-08-13 09:48:28,21100.0,4300,Sell,231122020
2024-08-13 09:48:28,21100.0,100,Sell,231122018
2024-08-13 09:48:28,21100.0,5100,Sell,231122017
2024-08-13 09:48:28,21100.0,500,Sell,231122019
2024-08-13 09:48:29,21100.0,1000,Sell,231122118
2024-08-13 09:48:41,21100.0,200,Sell,231122429
2024-08-13 09:48:41,21100.0,4700,Sell,231122423
2024-08-13 09:48:41,21100.0,100,Sell,231122424
2024-08-13 09:48:41,21100.0,100,Sell,231122425
2024-08-13 09:48:41,21100.0,200,Sell,231122426
2024-08-13 09:48:41,21100.0,300,Sell,231122427
2024-08-13 09:48:41,21100.0,9400,Sell,231122428
2024-08-13 09:48:43,21100.0,100,Sell,231122604
2024-08-13 09:48:43,21100.0,2000,Sell,231122606
2024-08-13 09:48:43,21100.0,7900,Sell,231122592
2024-08-13 09:48:43,21100.0,2000,Sell,231122608
2024-08-13 09:48:43,21100.0,100,Sell,231122609
2024-08-13 09:48:43,21100.0,100,Sell,231122603
2024-08-13 09:48:43,21100.0,100,Sell,231122607
2024-08-13 09:48:43,21100.0,100,Sell,231122602
2024-08-13 09:48:43,21100.0,500,Sell,231122598
2024-08-13 09:48:43,21100.0,100,Sell,231122600
2024-08-13 09:48:43,21100.0,100,Sell,231122599
2024-08-13 09:48:43,21100.0,100,Sell,231122610
2024-08-13 09:48:43,21100.0,2000,Sell,231122597
2024-08-13 09:48:43,21100.0,7900,Sell,231122596
2024-08-13 09:48:43,21100.0,5000,Sell,231122595
2024-08-13 09:48:43,21100.0,300,Sell,231122594
2024-08-13 09:48:43,21100.0,200,Sell,231122593
2024-08-13 09:48:43,21100.0,1000,Sell,231122601
2024-08-13 09:48:43,21100.0,100,Sell,231122611
2024-08-13 09:48:43,21100.0,800,Sell,231122616
2024-08-13 09:48:43,21100.0,1000,Sell,231122613
2024-08-13 09:48:43,21100.0,2700,Sell,231122632
2024-08-13 09:48:43,21100.0,1000,Sell,231122631
2024-08-13 09:48:43,21100.0,400,Sell,231122630
2024-08-13 09:48:43,21100.0,400,Sell,231122629
2024-08-13 09:48:43,21100.0,400,Sell,231122628
2024-08-13 09:48:43,21100.0,300,Sell,231122627
2024-08-13 09:48:43,21100.0,2000,Sell,231122626
2024-08-13 09:48:43,21100.0,400,Sell,231122625
2024-08-13 09:48:43,21100.0,200,Sell,231122612
2024-08-13 09:48:43,21100.0,100,Sell,231122624
2024-08-13 09:48:43,21100.0,15000,Sell,231122622
2024-08-13 09:48:43,21100.0,100,Sell,231122621
2024-08-13 09:48:43,21100.0,100,Sell,231122620
2024-08-13 09:48:43,21100.0,2000,Sell,231122619
2024-08-13 09:48:43,21100.0,100,Sell,231122618
2024-08-13 09:48:43,21100.0,100,Sell,231122617
2024-08-13 09:48:43,21100.0,800,Sell,231122615
2024-08-13 09:48:43,21100.0,100,Sell,231122614
2024-08-13 09:48:43,21100.0,1200,Sell,231122623
2024-08-13 09:48:43,21100.0,200,Sell,231122591
2024-08-13 09:48:43,21100.0,100,Sell,231122576
2024-08-13 09:48:43,21100.0,7900,Sell,231122589
2024-08-13 09:48:43,21100.0,1000,Sell,231122565
2024-08-13 09:48:43,21100.0,100,Sell,231122564
2024-08-13 09:48:43,21100.0,1000,Sell,231122563
2024-08-13 09:48:43,21100.0,1100,Sell,231122562
2024-08-13 09:48:43,21100.0,200,Sell,231122561
2024-08-13 09:48:43,21100.0,700,Sell,231122560
2024-08-13 09:48:43,21100.0,100,Sell,231122556
2024-08-13 09:48:43,21100.0,3000,Sell,231122555
2024-08-13 09:48:43,21100.0,2000,Sell,231122554
2024-08-13 09:48:43,21100.0,5000,Sell,231122553
2024-08-13 09:48:43,21100.0,700,Sell,231122552
2024-08-13 09:48:43,21100.0,500,Sell,231122551
2024-08-13 09:48:43,21100.0,500,Sell,231122550
2024-08-13 09:48:43,21100.0,500,Sell,231122549
2024-08-13 09:48:43,21100.0,200,Sell,231122590
2024-08-13 09:48:43,21100.0,500,Sell,231122547
2024-08-13 09:48:43,21100.0,700,Sell,231122546
2024-08-13 09:48:43,21100.0,100,Sell,231122566
2024-08-13 09:48:43,21100.0,100,Sell,231122567
2024-08-13 09:48:43,21100.0,500,Sell,231122548
2024-08-13 09:48:43,21100.0,3000,Sell,231122569
2024-08-13 09:48:43,21100.0,1100,Sell,231122568
2024-08-13 09:48:43,21100.0,100,Sell,231122588
2024-08-13 09:48:43,21100.0,2000,Sell,231122587
2024-08-13 09:48:43,21100.0,1000,Sell,231122586
2024-08-13 09:48:43,21100.0,900,Sell,231122585
2024-08-13 09:48:43,21100.0,100,Sell,231122584
2024-08-13 09:48:43,21100.0,100,Sell,231122583
2024-08-13 09:48:43,21100.0,1000,Sell,231122582
2024-08-13 09:48:43,21100.0,100,Sell,231122580
2024-08-13 09:48:43,21100.0,100,Sell,231122581
2024-08-13 09:48:43,21100.0,2000,Sell,231122578
2024-08-13 09:48:43,21100.0,100,Sell,231122577
2024-08-13 09:48:43,21100.0,100,Sell,231122575
2024-08-13 09:48:43,21100.0,100,Sell,231122574
2024-08-13 09:48:43,21100.0,1900,Sell,231122573
2024-08-13 09:48:43,21100.0,200,Sell,231122572
2024-08-13 09:48:43,21100.0,100,Sell,231122571
2024-08-13 09:48:43,21100.0,300,Sell,231122570
2024-08-13 09:48:43,21100.0,100,Sell,231122579
2024-08-13 09:48:44,21100.0,500,Sell,231122658
2024-08-13 09:48:44,21100.0,1700,Sell,231122661
2024-08-13 09:48:44,21100.0,1300,Sell,231122660
2024-08-13 09:48:44,21100.0,100,Sell,231122657
2024-08-13 09:48:44,21100.0,1000,Sell,231122659
2024-08-13 09:48:44,21100.0,2000,Sell,231122655
2024-08-13 09:48:44,21100.0,100,Sell,231122654
2024-08-13 09:48:44,21100.0,100,Sell,231122653
2024-08-13 09:48:44,21100.0,800,Sell,231122652
2024-08-13 09:48:44,21100.0,2300,Sell,231122651
2024-08-13 09:48:44,21100.0,100,Sell,231122656
2024-08-13 09:48:48,21100.0,300,Sell,231122820
2024-08-13 09:48:48,21100.0,500,Sell,231122821
2024-08-13 09:48:48,21100.0,300,Sell,231122822
2024-08-13 09:48:48,21100.0,7800,Sell,231122823
2024-08-13 09:48:49,21100.0,200,Buy,231122851
2024-08-13 09:48:51,21100.0,500,Buy,231122901
2024-08-13 09:48:55,21100.0,2500,Buy,231122975
2024-08-13 09:48:55,21100.0,100,Buy,231122991
2024-08-13 09:49:06,21100.0,100,Buy,231123266
2024-08-13 09:49:07,21100.0,100,Buy,231123269
2024-08-13 09:49:09,21100.0,100,Buy,231123339
2024-08-13 09:49:13,21100.0,3000,Buy,231123402
2024-08-13 09:49:18,21100.0,300,Buy,231123598
2024-08-13 09:49:21,21100.0,100,Buy,231123653
2024-08-13 09:49:23,21100.0,100,Buy,231123704
2024-08-13 09:49:29,21100.0,100,Buy,231123878
2024-08-13 09:49:50,21100.0,100,Buy,231124394
2024-08-13 09:49:53,21100.0,100,Buy,231124466
2024-08-13 09:49:55,21100.0,100,Buy,231124488
2024-08-13 09:49:56,21100.0,100,Buy,231124511
2024-08-13 09:50:00,21050.0,400,Sell,231124610
2024-08-13 09:50:03,21100.0,100,Buy,231124662
2024-08-13 09:50:04,21100.0,300,Buy,231124666
2024-08-13 09:50:15,21100.0,1000,Buy,231124897
2024-08-13 09:50:32,21050.0,100,Sell,231125499
2024-08-13 09:50:41,21100.0,400,Buy,231125694
2024-08-13 09:50:44,21100.0,500,Buy,231125759
2024-08-13 09:50:49,21050.0,300,Sell,231125935
2024-08-13 09:50:49,21050.0,100,Sell,231125936
2024-08-13 09:50:49,21050.0,100,Sell,231125934
2024-08-13 09:50:54,21100.0,1300,Buy,231126078
2024-08-13 09:50:54,21100.0,2300,Buy,231126077
2024-08-13 09:50:54,21100.0,5000,Buy,231126076
2024-08-13 09:50:54,21100.0,100,Buy,231126074
2024-08-13 09:50:54,21100.0,2800,Buy,231126073
2024-08-13 09:50:54,21100.0,2500,Buy,231126072
2024-08-13 09:50:54,21100.0,2000,Buy,231126071
2024-08-13 09:50:54,21100.0,500,Buy,231126070
2024-08-13 09:50:54,21100.0,8400,Buy,231126068
2024-08-13 09:50:54,21100.0,1500,Buy,231126067
2024-08-13 09:50:54,21100.0,100,Buy,231126075
2024-08-13 09:50:54,21100.0,1100,Buy,231126065
2024-08-13 09:50:54,21100.0,10000,Buy,231126064
2024-08-13 09:50:54,21100.0,600,Buy,231126063
2024-08-13 09:50:54,21100.0,1200,Buy,231126062
2024-08-13 09:50:54,21100.0,1000,Buy,231126061
2024-08-13 09:50:54,21100.0,1400,Buy,231126060
2024-08-13 09:50:54,21100.0,700,Buy,231126059
2024-08-13 09:50:54,21100.0,300,Buy,231126058
2024-08-13 09:50:54,21100.0,4200,Buy,231126057
2024-08-13 09:50:54,21100.0,600,Buy,231126056
2024-08-13 09:50:54,21100.0,1200,Buy,231126055
2024-08-13 09:50:54,21100.0,1200,Buy,231126066
2024-08-13 09:50:56,21100.0,1400,Buy,231126111
2024-08-13 09:51:00,21050.0,2000,Sell,231126218
2024-08-13 09:51:01,21100.0,100,Buy,231126246
2024-08-13 09:51:04,21100.0,5000,Buy,231126323
2024-08-13 09:51:09,21100.0,5000,Buy,231126472
2024-08-13 09:51:11,21100.0,5000,Buy,231126522
2024-08-13 09:51:13,21050.0,100,Sell,231126547
2024-08-13 09:51:15,21050.0,200,Sell,231126582
2024-08-13 09:51:15,21050.0,200,Sell,231126591
2024-08-13 09:51:15,21100.0,5000,Buy,231126592
2024-08-13 09:51:16,21100.0,500,Buy,231126611
2024-08-13 09:51:17,21100.0,400,Buy,231126623
2024-08-13 09:51:17,21100.0,500,Buy,231126624
2024-08-13 09:51:17,21100.0,4100,Buy,231126625
2024-08-13 09:51:21,21100.0,500,Buy,231126720
2024-08-13 09:51:21,21100.0,600,Buy,231126719
2024-08-13 09:51:21,21100.0,700,Buy,231126718
2024-08-13 09:51:21,21100.0,300,Buy,231126715
2024-08-13 09:51:21,21100.0,100,Buy,231126717
2024-08-13 09:51:21,21100.0,4100,Buy,231126716
2024-08-13 09:51:21,21100.0,1000,Buy,231126713
2024-08-13 09:51:21,21100.0,200,Buy,231126712
2024-08-13 09:51:21,21100.0,20000,Buy,231126711
2024-08-13 09:51:21,21100.0,3800,Buy,231126710
2024-08-13 09:51:21,21100.0,600,Buy,231126714
2024-08-13 09:51:22,21100.0,500,Buy,231126760
2024-08-13 09:51:26,21100.0,200,Buy,231126846
2024-08-13 09:51:29,21100.0,200,Buy,231126934
2024-08-13 09:51:29,21100.0,1200,Buy,231126935
2024-08-13 09:51:29,21100.0,1000,Buy,231126936
2024-08-13 09:51:29,21100.0,23700,Buy,231126937
2024-08-13 09:51:29,21100.0,2300,Buy,231126938
2024-08-13 09:51:53,21150.0,600,Buy,231127436
2024-08-13 09:52:01,21100.0,400,Sell,231127549
2024-08-13 09:52:06,21150.0,2000,Buy,231127660
2024-08-13 09:52:25,21100.0,20000,Sell,231128102
2024-08-13 09:52:35,21150.0,3200,Buy,231128256
2024-08-13 09:52:35,21150.0,9300,Buy,231128257
2024-08-13 09:52:52,21150.0,100,Buy,231128644
2024-08-13 09:52:59,21100.0,30000,Sell,231128865
2024-08-13 09:53:01,21150.0,500,Buy,231128901
2024-08-13 09:53:08,21150.0,2000,Buy,231129059
2024-08-13 09:53:17,21100.0,10000,Sell,231129281
2024-08-13 09:53:32,21150.0,100,Buy,231129626
2024-08-13 09:53:36,21150.0,9900,Buy,231129709
2024-08-13 09:53:36,21150.0,100,Buy,231129717
2024-08-13 09:53:36,21150.0,2000,Buy,231129708
2024-08-13 09:53:36,21150.0,1000,Buy,231129704
2024-08-13 09:53:36,21150.0,1000,Buy,231129706
2024-08-13 09:53:36,21150.0,7000,Buy,231129705
2024-08-13 09:53:36,21150.0,100,Buy,231129707
2024-08-13 09:53:52,21100.0,1000,Sell,231130171
2024-08-13 09:54:10,21150.0,2000,Buy,231130478
2024-08-13 09:54:16,21150.0,200,Buy,231130642
2024-08-13 09:54:26,21150.0,1000,Buy,231130814
2024-08-13 09:54:52,21100.0,17500,Sell,231131404
2024-08-13 09:54:57,21150.0,1000,Buy,231131491
2024-08-13 09:54:59,21150.0,700,Buy,231131521
2024-08-13 09:54:59,21150.0,200,Buy,231131520
2024-08-13 09:54:59,21150.0,100,Buy,231131519
2024-08-13 09:55:00,21150.0,1300,Buy,231131547
2024-08-13 09:55:00,21150.0,200,Buy,231131548
2024-08-13 09:55:00,21150.0,500,Buy,231131549
2024-08-13 09:55:12,21150.0,500,Buy,231131740
2024-08-13 09:55:12,21150.0,100,Buy,231131741
2024-08-13 09:55:12,21150.0,1400,Buy,231131742
2024-08-13 09:55:16,21150.0,100,Buy,231131777
2024-08-13 09:55:32,21150.0,100,Buy,231132125
2024-08-13 09:55:33,21150.0,100,Buy,231132161
2024-08-13 09:55:41,21150.0,200,Buy,231132368
2024-08-13 09:55:43,21150.0,100,Buy,231132400
2024-08-13 09:56:04,21100.0,300,Sell,231132870
2024-08-13 09:56:15,21150.0,400,Buy,231133080
2024-08-13 09:56:15,21150.0,1500,Buy,231133078
2024-08-13 09:56:15,21150.0,100,Buy,231133079
2024-08-13 09:56:24,21100.0,10000,Sell,231133293
2024-08-13 09:57:08,21100.0,2000,Sell,231134128
2024-08-13 09:57:17,21150.0,600,Buy,231134273
2024-08-13 09:57:17,21150.0,1400,Buy,231134274
2024-08-13 09:57:31,21150.0,200,Buy,231134524
2024-08-13 09:57:52,21150.0,500,Buy,231134936
2024-08-13 09:58:19,21150.0,2000,Buy,231135412
2024-08-13 09:58:24,21150.0,100,Buy,231135497
2024-08-13 09:59:22,21150.0,100,Buy,231136630
2024-08-13 09:59:22,21150.0,2000,Buy,231136631
2024-08-13 09:59:38,21150.0,100,Buy,231136895
2024-08-13 10:00:24,21150.0,2000,Buy,231137760
2024-08-13 10:01:05,21100.0,2200,Sell,231138451
2024-08-13 10:01:24,21100.0,500,Sell,231138934
2024-08-13 10:01:26,21150.0,1600,Buy,231138959
2024-08-13 10:01:26,21150.0,100,Buy,231138960
2024-08-13 10:01:26,21150.0,300,Buy,231138961
2024-08-13 10:01:29,21150.0,200,Buy,231139033
2024-08-13 10:01:38,21150.0,1000,Buy,231139241
2024-08-13 10:01:40,21150.0,500,Buy,231139273
2024-08-13 10:01:50,21150.0,300,Buy,231139494
2024-08-13 10:02:16,21150.0,1000,Buy,231140058
2024-08-13 10:02:16,21150.0,600,Buy,231140059
2024-08-13 10:02:16,21150.0,3100,Buy,231140060
2024-08-13 10:02:16,21150.0,300,Buy,231140057
2024-08-13 10:02:28,21150.0,1100,Buy,231140423
2024-08-13 10:02:28,21150.0,300,Buy,231140424
2024-08-13 10:02:28,21150.0,600,Buy,231140425
2024-08-13 10:02:29,21150.0,100,Buy,231140470
2024-08-13 10:02:39,21150.0,200,Buy,231140659
2024-08-13 10:02:39,21150.0,1000,Buy,231140657
2024-08-13 10:02:39,21150.0,600,Buy,231140658
2024-08-13 10:03:02,21100.0,500,Sell,231141206
2024-08-13 10:03:12,21100.0,23700,Sell,231141412
2024-08-13 10:03:31,21150.0,1200,Buy,231142004
2024-08-13 10:03:31,21150.0,800,Buy,231142005
2024-08-13 10:03:44,21150.0,400,Buy,231142349
2024-08-13 10:03:44,21150.0,100,Buy,231142350
2024-08-13 10:04:01,21150.0,100,Buy,231142801
2024-08-13 10:04:01,21150.0,1900,Buy,231142802
2024-08-13 10:04:03,21100.0,1000,Sell,231142848
2024-08-13 10:04:12,21100.0,2300,Sell,231143061
2024-08-13 10:04:19,21150.0,1000,Buy,231143181
2024-08-13 10:04:27,21150.0,100,Buy,231143300
2024-08-13 10:04:33,21150.0,2000,Buy,231143423
2024-08-13 10:04:35,21150.0,100,Buy,231143474
2024-08-13 10:04:48,21150.0,500,Buy,231143721
2024-08-13 10:05:20,21100.0,50000,Sell,231144524
2024-08-13 10:05:32,21150.0,3600,Buy,231144750
2024-08-13 10:05:32,21100.0,100,Sell,231144756
2024-08-13 10:05:35,21150.0,800,Buy,231144793
2024-08-13 10:05:35,21150.0,1200,Buy,231144794
2024-08-13 10:05:41,21150.0,1000,Buy,231144935
2024-08-13 10:05:49,21100.0,100,Sell,231145088
2024-08-13 10:05:49,21100.0,500,Sell,231145087
2024-08-13 10:05:49,21100.0,100,Sell,231145086
2024-08-13 10:05:49,21100.0,400,Sell,231145085
2024-08-13 10:05:49,21100.0,200,Sell,231145082
2024-08-13 10:05:49,21100.0,200,Sell,231145083
2024-08-13 10:05:49,21100.0,100,Sell,231145089
2024-08-13 10:05:49,21100.0,700,Sell,231145081
2024-08-13 10:05:49,21100.0,300,Sell,231145084
2024-08-13 10:05:49,21100.0,1000,Sell,231145079
2024-08-13 10:05:49,21100.0,700,Sell,231145078
2024-08-13 10:05:49,21100.0,300,Sell,231145077
2024-08-13 10:05:49,21100.0,1700,Sell,231145076
2024-08-13 10:05:49,21100.0,2000,Sell,231145075
2024-08-13 10:05:49,21100.0,500,Sell,231145074
2024-08-13 10:05:49,21100.0,500,Sell,231145073
2024-08-13 10:05:49,21100.0,100,Sell,231145072
2024-08-13 10:05:49,21100.0,600,Sell,231145080
2024-08-13 10:05:53,21100.0,300,Sell,231145193
2024-08-13 10:05:53,21100.0,200,Sell,231145194
2024-08-13 10:05:53,21100.0,400,Sell,231145195
2024-08-13 10:05:53,21100.0,100,Sell,231145196
2024-08-13 10:05:59,21100.0,100,Sell,231145309
2024-08-13 10:06:24,21100.0,100,Sell,231145778
2024-08-13 10:06:24,21100.0,100,Sell,231145777
2024-08-13 10:06:27,21100.0,2000,Sell,231145835
2024-08-13 10:06:27,21100.0,4800,Sell,231145843
2024-08-13 10:06:27,21100.0,100,Sell,231145842
2024-08-13 10:06:27,21100.0,5500,Sell,231145841
2024-08-13 10:06:27,21100.0,4500,Sell,231145840
2024-08-13 10:06:27,21100.0,100,Sell,231145839
2024-08-13 10:06:27,21100.0,200,Sell,231145838
2024-08-13 10:06:27,21100.0,2000,Sell,231145837
2024-08-13 10:06:27,21100.0,100,Sell,231145836
2024-08-13 10:06:27,21100.0,2000,Sell,231145834
2024-08-13 10:06:27,21100.0,100,Sell,231145826
2024-08-13 10:06:27,21100.0,1000,Sell,231145832
2024-08-13 10:06:27,21100.0,3000,Sell,231145833
2024-08-13 10:06:27,21100.0,1000,Sell,231145823
2024-08-13 10:06:27,21100.0,100,Sell,231145825
2024-08-13 10:06:27,21100.0,100,Sell,231145822
2024-08-13 10:06:27,21100.0,1600,Sell,231145824
2024-08-13 10:06:27,21100.0,100,Sell,231145828
2024-08-13 10:06:27,21100.0,300,Sell,231145829
2024-08-13 10:06:27,21100.0,1200,Sell,231145830
2024-08-13 10:06:27,21100.0,200,Sell,231145831
2024-08-13 10:06:27,21100.0,20000,Sell,231145827
2024-08-13 10:06:30,21100.0,500,Sell,231145913
2024-08-13 10:06:30,21100.0,2000,Sell,231145909
2024-08-13 10:06:30,21100.0,200,Sell,231145910
2024-08-13 10:06:30,21100.0,400,Sell,231145911
2024-08-13 10:06:30,21100.0,500,Sell,231145912
2024-08-13 10:06:30,21100.0,400,Sell,231145914
2024-08-13 10:06:30,21100.0,100,Sell,231145919
2024-08-13 10:06:30,21100.0,2000,Sell,231145916
2024-08-13 10:06:30,21100.0,500,Sell,231145917
2024-08-13 10:06:30,21100.0,400,Sell,231145918
2024-08-13 10:06:30,21100.0,2000,Sell,231145908
2024-08-13 10:06:30,21100.0,2300,Sell,231145920
2024-08-13 10:06:30,21100.0,2100,Sell,231145915
2024-08-13 10:06:30,21100.0,1000,Sell,231145907
2024-08-13 10:06:30,21100.0,1000,Sell,231145906
2024-08-13 10:06:30,21100.0,300,Sell,231145892
2024-08-13 10:06:30,21100.0,200,Sell,231145890
2024-08-13 10:06:30,21100.0,1000,Sell,231145891
2024-08-13 10:06:30,21100.0,100,Sell,231145905
2024-08-13 10:06:30,21100.0,100,Sell,231145893
2024-08-13 10:06:30,21100.0,1000,Sell,231145894
2024-08-13 10:06:30,21100.0,100,Sell,231145896
2024-08-13 10:06:30,21100.0,200,Sell,231145897
2024-08-13 10:06:30,21100.0,100,Sell,231145895
2024-08-13 10:06:30,21100.0,100,Sell,231145899
2024-08-13 10:06:30,21100.0,100,Sell,231145900
2024-08-13 10:06:30,21100.0,100,Sell,231145901
2024-08-13 10:06:30,21100.0,100,Sell,231145902
2024-08-13 10:06:30,21100.0,200,Sell,231145903
2024-08-13 10:06:30,21100.0,700,Sell,231145904
2024-08-13 10:06:30,21100.0,200,Sell,231145898
2024-08-13 10:06:31,21100.0,5400,Sell,231145958
2024-08-13 10:06:35,21100.0,2300,Sell,231146025
2024-08-13 10:06:35,21100.0,700,Sell,231146026
2024-08-13 10:06:36,21100.0,100,Sell,231146043
2024-08-13 10:06:36,21100.0,2000,Sell,231146042
2024-08-13 10:06:36,21100.0,100,Sell,231146044
2024-08-13 10:06:36,21100.0,1000,Sell,231146041
2024-08-13 10:06:36,21100.0,1800,Sell,231146046
2024-08-13 10:06:36,21100.0,100,Sell,231146047
2024-08-13 10:06:36,21100.0,1600,Sell,231146048
2024-08-13 10:06:36,21100.0,100,Sell,231146045
2024-08-13 10:06:36,21100.0,500,Sell,231146040
2024-08-13 10:06:36,21100.0,300,Sell,231146030
2024-08-13 10:06:36,21100.0,600,Sell,231146038
2024-08-13 10:06:36,21100.0,1000,Sell,231146037
2024-08-13 10:06:36,21100.0,700,Sell,231146036
2024-08-13 10:06:36,21100.0,100,Sell,231146035
2024-08-13 10:06:36,21100.0,3000,Sell,231146034
2024-08-13 10:06:36,21100.0,900,Sell,231146033
2024-08-13 10:06:36,21100.0,5000,Sell,231146032
2024-08-13 10:06:36,21100.0,100,Sell,231146031
2024-08-13 10:06:36,21100.0,1000,Sell,231146039
2024-08-13 10:06:37,21100.0,500,Sell,231146084
2024-08-13 10:06:37,21100.0,1000,Sell,231146085
2024-08-13 10:06:37,21100.0,4600,Sell,231146086
2024-08-13 10:06:37,21100.0,1100,Sell,231146087
2024-08-13 10:06:37,21100.0,2600,Sell,231146091
2024-08-13 10:06:37,21100.0,800,Sell,231146089
2024-08-13 10:06:37,21100.0,200,Sell,231146090
2024-08-13 10:06:37,21100.0,300,Sell,231146083
2024-08-13 10:06:37,21100.0,500,Sell,231146092
2024-08-13 10:06:37,21100.0,2000,Sell,231146093
2024-08-13 10:06:37,21100.0,1700,Sell,231146088
2024-08-13 10:06:37,21100.0,100,Sell,231146082
2024-08-13 10:06:37,21100.0,200,Sell,231146077
2024-08-13 10:06:37,21100.0,200,Sell,231146080
2024-08-13 10:06:37,21100.0,300,Sell,231146078
2024-08-13 10:06:37,21100.0,300,Sell,231146076
2024-08-13 10:06:37,21100.0,100,Sell,231146075
2024-08-13 10:06:37,21100.0,100,Sell,231146074
2024-08-13 10:06:37,21100.0,200,Sell,231146073
2024-08-13 10:06:37,21100.0,200,Sell,231146072
2024-08-13 10:06:37,21100.0,900,Sell,231146071
2024-08-13 10:06:37,21100.0,1100,Sell,231146070
2024-08-13 10:06:37,21100.0,200,Sell,231146069
2024-08-13 10:06:37,21100.0,200,Sell,231146068
2024-08-13 10:06:37,21100.0,600,Sell,231146081
2024-08-13 10:06:38,21100.0,2600,Sell,231146110
2024-08-13 10:06:38,21150.0,2000,Buy,231146101
2024-08-13 10:06:38,21100.0,400,Sell,231146109
2024-08-13 10:06:40,21100.0,3000,Sell,231146147
2024-08-13 10:06:41,21100.0,100,Sell,231146160
2024-08-13 10:06:41,21100.0,1700,Sell,231146161
2024-08-13 10:06:41,21100.0,1000,Sell,231146162
2024-08-13 10:06:41,21100.0,500,Sell,231146168
2024-08-13 10:06:41,21100.0,500,Sell,231146169
2024-08-13 10:06:41,21100.0,2200,Sell,231146159
2024-08-13 10:06:42,21100.0,200,Sell,231146227
2024-08-13 10:06:42,21100.0,100,Sell,231146226
2024-08-13 10:06:42,21100.0,2000,Sell,231146225
2024-08-13 10:06:42,21100.0,200,Sell,231146224
2024-08-13 10:06:42,21100.0,200,Sell,231146220
2024-08-13 10:06:42,21100.0,1900,Sell,231146219
2024-08-13 10:06:42,21100.0,2000,Sell,231146218
2024-08-13 10:06:42,21100.0,200,Sell,231146217
2024-08-13 10:06:42,21100.0,400,Sell,231146214
2024-08-13 10:06:42,21100.0,200,Sell,231146213
2024-08-13 10:06:42,21100.0,300,Sell,231146216
2024-08-13 10:06:42,21100.0,200,Sell,231146211
2024-08-13 10:06:42,21100.0,200,Sell,231146212
2024-08-13 10:06:42,21100.0,100,Sell,231146202
2024-08-13 10:06:42,21100.0,100,Sell,231146203
2024-08-13 10:06:42,21100.0,2000,Sell,231146204
2024-08-13 10:06:42,21100.0,100,Sell,231146205
2024-08-13 10:06:42,21100.0,100,Sell,231146201
2024-08-13 10:06:42,21100.0,100,Sell,231146207
2024-08-13 10:06:42,21100.0,100,Sell,231146206
2024-08-13 10:06:42,21100.0,1900,Sell,231146210
2024-08-13 10:06:42,21100.0,1000,Sell,231146215
2024-08-13 10:06:42,21100.0,2300,Sell,231146209
2024-08-13 10:06:42,21100.0,100,Sell,231146208
2024-08-13 10:06:50,21100.0,1000,Buy,231146412
2024-08-13 10:06:58,21100.0,200,Buy,231146600
2024-08-13 10:07:27,21100.0,100,Buy,231147098
2024-08-13 10:07:36,21100.0,500,Buy,231147276
2024-08-13 10:07:56,21100.0,100,Buy,231147682
2024-08-13 10:07:57,21100.0,1000,Buy,231147685
2024-08-13 10:08:09,21050.0,200,Sell,231147915
2024-08-13 10:08:36,21050.0,100,Sell,231148517
2024-08-13 10:08:51,21100.0,2000,Buy,231148900
2024-08-13 10:08:52,21100.0,100,Buy,231148919
2024-08-13 10:08:58,21050.0,200,Sell,231149017
2024-08-13 10:09:03,21050.0,100,Sell,231149126
2024-08-13 10:09:06,21050.0,500,Sell,231149215
2024-08-13 10:09:06,21050.0,1800,Sell,231149214
2024-08-13 10:09:07,21050.0,100,Sell,231149226
2024-08-13 10:09:16,21100.0,1800,Buy,231149413
2024-08-13 10:09:21,21050.0,4400,Sell,231149544
2024-08-13 10:09:21,21050.0,600,Sell,231149545
2024-08-13 10:09:30,21050.0,100,Sell,231149787
2024-08-13 10:09:33,21050.0,400,Sell,231149905
2024-08-13 10:09:39,21050.0,400,Sell,231150061
2024-08-13 10:10:01,21050.0,100,Sell,231150611
2024-08-13 10:10:05,21050.0,1000,Sell,231150825
2024-08-13 10:10:29,21050.0,2000,Sell,231151558
2024-08-13 10:10:41,21050.0,400,Sell,231151915
2024-08-13 10:10:41,21050.0,1100,Sell,231151916
2024-08-13 10:10:43,21100.0,10000,Buy,231151951
2024-08-13 10:10:44,21050.0,2300,Sell,231151980
2024-08-13 10:10:47,21100.0,2000,Buy,231152051
2024-08-13 10:11:03,21100.0,200,Buy,231152477
2024-08-13 10:11:10,21050.0,1500,Sell,231152621
2024-08-13 10:11:16,21100.0,6500,Buy,231152766
2024-08-13 10:11:16,21100.0,1000,Buy,231152765
2024-08-13 10:11:16,21100.0,200,Buy,231152764
2024-08-13 10:11:16,21100.0,200,Buy,231152763
2024-08-13 10:11:16,21100.0,400,Buy,231152757
2024-08-13 10:11:16,21100.0,100,Buy,231152758
2024-08-13 10:11:16,21100.0,7100,Buy,231152756
2024-08-13 10:11:16,21100.0,7900,Buy,231152742
2024-08-13 10:11:16,21100.0,300,Buy,231152759
2024-08-13 10:11:17,21100.0,7900,Buy,231152790
2024-08-13 10:11:18,21100.0,7900,Buy,231152810
2024-08-13 10:11:47,21100.0,500,Buy,231153355
2024-08-13 10:11:49,21100.0,2000,Buy,231153364
2024-08-13 10:11:49,21100.0,100,Buy,231153381
2024-08-13 10:11:54,21050.0,100,Sell,231153428
2024-08-13 10:12:01,21050.0,1300,Sell,231153536
2024-08-13 10:12:02,21050.0,100,Sell,231153546
2024-08-13 10:12:11,21050.0,4200,Sell,231153765
2024-08-13 10:12:11,21050.0,100,Sell,231153764
2024-08-13 10:12:11,21050.0,200,Sell,231153763
2024-08-13 10:12:11,21050.0,200,Sell,231153762
2024-08-13 10:12:11,21050.0,200,Sell,231153760
2024-08-13 10:12:11,21050.0,100,Sell,231153759
2024-08-13 10:12:11,21050.0,100,Sell,231153761
2024-08-13 10:12:11,21050.0,100,Sell,231153757
2024-08-13 10:12:11,21050.0,3600,Sell,231153751
2024-08-13 10:12:11,21050.0,4000,Sell,231153752
2024-08-13 10:12:11,21050.0,100,Sell,231153753
2024-08-13 10:12:11,21050.0,2000,Sell,231153758
2024-08-13 10:12:11,21050.0,100,Sell,231153755
2024-08-13 10:12:11,21050.0,3000,Sell,231153754
2024-08-13 10:12:11,21050.0,2000,Sell,231153756
2024-08-13 10:12:17,21050.0,200,Sell,231153930
2024-08-13 10:12:22,21050.0,2200,Sell,231154057
2024-08-13 10:12:32,21050.0,500,Sell,231154257
2024-08-13 10:12:51,21100.0,2000,Buy,231154582
2024-08-13 10:13:07,21100.0,400,Buy,231154863
2024-08-13 10:13:52,21050.0,12000,Sell,231155754
2024-08-13 10:13:52,21050.0,3800,Sell,231155755
2024-08-13 10:13:54,21100.0,2000,Buy,231155786
2024-08-13 10:13:58,21100.0,100,Buy,231155847
2024-08-13 10:13:59,21100.0,100,Buy,231155874
2024-08-13 10:14:25,21100.0,100,Buy,231156313
2024-08-13 10:14:49,21050.0,100,Sell,231156800
2024-08-13 10:14:56,21100.0,2000,Buy,231156912
2024-08-13 10:14:57,21050.0,100,Sell,231156927
2024-08-13 10:14:57,21050.0,4000,Sell,231156929
2024-08-13 10:14:57,21050.0,100,Sell,231156928
2024-08-13 10:14:57,21050.0,2000,Sell,231156926
2024-08-13 10:14:57,21050.0,1000,Sell,231156924
2024-08-13 10:14:57,21050.0,7100,Sell,231156921
2024-08-13 10:14:57,21050.0,200,Sell,231156925
2024-08-13 10:14:57,21050.0,5000,Sell,231156923
2024-08-13 10:14:57,21050.0,500,Sell,231156922
2024-08-13 10:15:04,21050.0,200,Sell,231157153
2024-08-13 10:15:04,21050.0,300,Sell,231157152
2024-08-13 10:15:04,21050.0,1200,Sell,231157151
2024-08-13 10:15:04,21050.0,1400,Sell,231157150
2024-08-13 10:15:04,21050.0,200,Sell,231157149
2024-08-13 10:15:04,21050.0,300,Sell,231157148
2024-08-13 10:15:04,21050.0,100,Sell,231157145
2024-08-13 10:15:04,21050.0,800,Sell,231157136
2024-08-13 10:15:04,21050.0,300,Sell,231157135
2024-08-13 10:15:04,21050.0,4200,Sell,231157134
2024-08-13 10:15:04,21050.0,600,Sell,231157133
2024-08-13 10:15:04,21050.0,300,Sell,231157147
2024-08-13 10:15:04,21050.0,100,Sell,231157146
2024-08-13 10:15:29,21100.0,4700,Buy,231157591
2024-08-13 10:15:39,21100.0,100,Buy,231157813
2024-08-13 10:15:43,21100.0,200,Buy,231157948
2024-08-13 10:15:45,21100.0,100,Buy,231158007
2024-08-13 10:15:58,21100.0,2000,Buy,231158217
2024-08-13 10:16:09,21100.0,1000,Buy,231158440
2024-08-13 10:16:12,21100.0,700,Buy,231158494
2024-08-13 10:16:14,21100.0,5000,Buy,231158517
2024-08-13 10:16:41,21100.0,600,Buy,231158970
2024-08-13 10:17:01,21100.0,2000,Buy,231159347
2024-08-13 10:17:08,21100.0,500,Buy,231159522
2024-08-13 10:17:23,21050.0,1000,Sell,231159860
2024-08-13 10:17:42,21100.0,100,Buy,231160143
2024-08-13 10:18:00,21100.0,100,Buy,231160550
2024-08-13 10:18:03,21100.0,2000,Buy,231160590
2024-08-13 10:18:03,21100.0,16900,Buy,231160580
2024-08-13 10:18:12,21050.0,100,Sell,231160748
2024-08-13 10:18:19,21100.0,100,Buy,231160907
2024-08-13 10:18:24,21100.0,7900,Buy,231161034
2024-08-13 10:18:31,21100.0,100,Buy,231161233
2024-08-13 10:18:39,21100.0,700,Buy,231161401
2024-08-13 10:18:44,21100.0,4000,Buy,231161494
2024-08-13 10:18:46,21100.0,1000,Buy,231161574
2024-08-13 10:18:50,21100.0,500,Buy,231161638
2024-08-13 10:18:56,21100.0,5000,Buy,231161752
2024-08-13 10:18:57,21050.0,1000,Sell,231161768
2024-08-13 10:19:05,21100.0,2000,Buy,231161898
2024-08-13 10:19:19,21100.0,2000,Buy,231162189
2024-08-13 10:19:22,21100.0,100,Buy,231162239
2024-08-13 10:19:41,21100.0,100,Buy,231162547
2024-08-13 10:19:41,21100.0,2000,Buy,231162548
2024-08-13 10:19:41,21100.0,600,Buy,231162549
2024-08-13 10:19:41,21100.0,4200,Buy,231162550
2024-08-13 10:19:41,21100.0,300,Buy,231162551
2024-08-13 10:19:41,21100.0,1300,Buy,231162546
2024-08-13 10:19:41,21100.0,1000,Buy,231162554
2024-08-13 10:19:41,21100.0,500,Buy,231162556
2024-08-13 10:19:41,21100.0,11900,Buy,231162557
2024-08-13 10:19:41,21100.0,500,Buy,231162562
2024-08-13 10:19:41,21100.0,800,Buy,231162552
2024-08-13 10:19:41,21100.0,50000,Buy,231162545
2024-08-13 10:19:41,21100.0,1200,Buy,231162555
2024-08-13 10:19:41,21100.0,3700,Buy,231162543
2024-08-13 10:19:41,21100.0,3000,Buy,231162544
2024-08-13 10:19:41,21100.0,9000,Buy,231162531
2024-08-13 10:19:41,21100.0,700,Buy,231162532
2024-08-13 10:19:41,21100.0,4000,Buy,231162533
2024-08-13 10:19:41,21100.0,2200,Buy,231162534
2024-08-13 10:19:41,21100.0,1000,Buy,231162535
2024-08-13 10:19:41,21100.0,1400,Buy,231162553
2024-08-13 10:19:41,21100.0,300,Buy,231162536
2024-08-13 10:19:41,21100.0,4200,Buy,231162541
2024-08-13 10:19:41,21100.0,2200,Buy,231162540
2024-08-13 10:19:41,21100.0,800,Buy,231162542
2024-08-13 10:19:41,21100.0,12600,Buy,231162538
2024-08-13 10:19:41,21100.0,1800,Buy,231162537
2024-08-13 10:19:41,21100.0,1700,Buy,231162539
2024-08-13 10:19:48,21050.0,100,Sell,231162705
2024-08-13 10:19:49,21100.0,7600,Buy,231162725
2024-08-13 10:19:49,21100.0,1000,Buy,231162726
2024-08-13 10:19:49,21100.0,1400,Buy,231162727
2024-08-13 10:19:52,21100.0,300,Buy,231162779
2024-08-13 10:19:52,21100.0,300,Buy,231162778
2024-08-13 10:19:52,21100.0,1400,Buy,231162777
2024-08-13 10:19:52,21100.0,2000,Buy,231162776
2024-08-13 10:19:52,21100.0,600,Buy,231162771
2024-08-13 10:19:52,21100.0,800,Buy,231162773
2024-08-13 10:19:52,21100.0,600,Buy,231162772
2024-08-13 10:19:53,21100.0,400,Buy,231162782
2024-08-13 10:19:53,21100.0,600,Buy,231162783
2024-08-13 10:19:53,21100.0,1000,Buy,231162784
2024-08-13 10:19:59,21100.0,100,Buy,231162845
2024-08-13 10:20:02,21100.0,1000,Buy,231162938
2024-08-13 10:20:11,21100.0,300,Buy,231163034
2024-08-13 10:20:11,21100.0,200,Buy,231163035
2024-08-13 10:20:14,21100.0,1000,Buy,231163079
2024-08-13 10:20:14,21100.0,1000,Buy,231163080
2024-08-13 10:20:14,21100.0,1000,Buy,231163081
2024-08-13 10:20:14,21100.0,500,Buy,231163082
2024-08-13 10:20:14,21100.0,1500,Buy,231163083
2024-08-13 10:20:23,21100.0,900,Buy,231163272
2024-08-13 10:20:23,21100.0,200,Buy,231163273
2024-08-13 10:20:32,21100.0,100,Buy,231163429
2024-08-13 10:20:35,21100.0,500,Buy,231163476
2024-08-13 10:20:36,21100.0,4000,Buy,231163494
2024-08-13 10:20:37,21100.0,200,Buy,231163539
2024-08-13 10:20:38,21100.0,100,Buy,231163543
2024-08-13 10:20:41,21100.0,2000,Buy,231163605
2024-08-13 10:20:43,21100.0,500,Buy,231163638
2024-08-13 10:20:43,21100.0,500,Buy,231163639
2024-08-13 10:20:43,21100.0,1000,Buy,231163640
2024-08-13 10:20:43,21100.0,800,Buy,231163641
2024-08-13 10:20:43,21100.0,2200,Buy,231163642
2024-08-13 10:20:48,21100.0,100,Buy,231163768
2024-08-13 10:20:48,21100.0,100,Buy,231163763
2024-08-13 10:20:49,21100.0,400,Buy,231163785
2024-08-13 10:20:49,21100.0,1000,Buy,231163784
2024-08-13 10:20:49,21100.0,400,Buy,231163782
2024-08-13 10:20:49,21100.0,200,Buy,231163783
2024-08-13 10:20:51,21100.0,400,Buy,231163817
2024-08-13 10:20:51,21100.0,500,Buy,231163818
2024-08-13 10:20:51,21100.0,100,Buy,231163816
2024-08-13 10:20:57,21100.0,1000,Buy,231163904
2024-08-13 10:21:00,21100.0,800,Buy,231163976
2024-08-13 10:21:00,21100.0,300,Buy,231163977
2024-08-13 10:21:00,21100.0,300,Buy,231163978
2024-08-13 10:21:00,21100.0,1600,Buy,231163979
2024-08-13 10:21:07,21100.0,300,Buy,231164101
2024-08-13 10:21:07,21100.0,600,Buy,231164099
2024-08-13 10:21:07,21100.0,100,Buy,231164100
2024-08-13 10:21:08,21050.0,400,Sell,231164135
2024-08-13 10:21:12,21100.0,1500,Buy,231164208
2024-08-13 10:21:16,21100.0,500,Buy,231164242
2024-08-13 10:21:16,21100.0,500,Buy,231164243
2024-08-13 10:21:29,21100.0,200,Buy,231164535
2024-08-13 10:21:43,21050.0,400,Sell,231164782
2024-08-13 10:22:11,21050.0,2200,Sell,231165141
2024-08-13 10:22:16,21100.0,100,Buy,231165286
2024-08-13 10:22:19,21100.0,700,Buy,231165349
2024-08-13 10:22:19,21100.0,300,Buy,231165350
2024-08-13 10:22:30,21100.0,500,Buy,231165506
2024-08-13 10:22:42,21100.0,100,Buy,231165636
2024-08-13 10:22:45,21100.0,100,Buy,231165699
2024-08-13 10:22:57,21100.0,1300,Buy,231165843
2024-08-13 10:22:57,21100.0,500,Buy,231165844
2024-08-13 10:22:57,21100.0,200,Buy,231165845
2024-08-13 10:23:03,21100.0,500,Buy,231165929
2024-08-13 10:23:03,21100.0,400,Buy,231165933
2024-08-13 10:23:03,21100.0,600,Buy,231165934
2024-08-13 10:23:04,21100.0,900,Buy,231165955
2024-08-13 10:23:04,21100.0,100,Buy,231165956
2024-08-13 10:23:14,21100.0,1100,Buy,231166063
2024-08-13 10:23:14,21100.0,900,Buy,231166064
2024-08-13 10:23:24,21100.0,500,Buy,231166185
2024-08-13 10:23:34,21100.0,500,Buy,231166337
2024-08-13 10:23:45,21100.0,500,Buy,231166466
2024-08-13 10:23:51,21100.0,5000,Buy,231166561
2024-08-13 10:24:02,21100.0,1000,Buy,231166699
2024-08-13 10:24:02,21100.0,2000,Buy,231166700
2024-08-13 10:24:02,21100.0,2800,Buy,231166701
2024-08-13 10:24:02,21100.0,1200,Buy,231166702
2024-08-13 10:24:17,21100.0,1300,Buy,231166845
2024-08-13 10:24:17,21100.0,500,Buy,231166846
2024-08-13 10:24:17,21100.0,200,Buy,231166847
2024-08-13 10:24:27,21100.0,700,Buy,231166960
2024-08-13 10:24:27,21100.0,300,Buy,231166959
2024-08-13 10:24:31,21100.0,300,Buy,231167019
2024-08-13 10:24:31,21100.0,300,Buy,231167017
2024-08-13 10:24:31,21100.0,400,Buy,231167018
2024-08-13 10:24:35,21100.0,100,Buy,231167081
2024-08-13 10:24:35,21100.0,300,Buy,231167079
2024-08-13 10:24:35,21100.0,100,Buy,231167080
2024-08-13 10:24:54,21100.0,100,Buy,231167338
2024-08-13 10:24:58,21050.0,500,Sell,231167386
2024-08-13 10:25:04,21100.0,100,Buy,231167484
2024-08-13 10:25:04,21100.0,100,Buy,231167485
2024-08-13 10:25:11,21100.0,200,Buy,231167537
2024-08-13 10:25:19,21100.0,100,Buy,231167671
2024-08-13 10:25:19,21100.0,1000,Buy,231167670
2024-08-13 10:25:19,21100.0,200,Buy,231167669
2024-08-13 10:25:19,21100.0,700,Buy,231167668
2024-08-13 10:25:28,21100.0,100,Buy,231167840
2024-08-13 10:25:34,21100.0,500,Buy,231167928
2024-08-13 10:25:50,21100.0,100,Buy,231168247
2024-08-13 10:26:05,21100.0,200,Buy,231168485
2024-08-13 10:26:05,21100.0,200,Buy,231168486
2024-08-13 10:26:05,21100.0,1600,Buy,231168487
2024-08-13 10:26:06,21050.0,1000,Sell,231168490
2024-08-13 10:26:16,21100.0,400,Buy,231168714
2024-08-13 10:26:16,21100.0,100,Buy,231168715
2024-08-13 10:26:21,21100.0,2000,Buy,231168774
2024-08-13 10:26:24,21100.0,1000,Buy,231168805
2024-08-13 10:26:42,21100.0,100,Buy,231169082
2024-08-13 10:26:42,21100.0,100,Buy,231169084
2024-08-13 10:27:01,21100.0,100,Buy,231169371
2024-08-13 10:27:04,21100.0,100,Buy,231169436
2024-08-13 10:27:13,21100.0,800,Buy,231169575
2024-08-13 10:27:13,21100.0,2300,Buy,231169574
2024-08-13 10:27:13,21100.0,1000,Buy,231169573
2024-08-13 10:27:13,21100.0,3000,Buy,231169572
2024-08-13 10:27:13,21100.0,1000,Buy,231169571
2024-08-13 10:27:13,21100.0,10000,Buy,231169570
2024-08-13 10:27:13,21100.0,5000,Buy,231169568
2024-08-13 10:27:13,21100.0,2300,Buy,231169567
2024-08-13 10:27:13,21100.0,1000,Buy,231169566
2024-08-13 10:27:13,21100.0,6500,Buy,231169565
2024-08-13 10:27:13,21100.0,500,Buy,231169569
2024-08-13 10:27:24,21100.0,200,Buy,231169768
2024-08-13 10:27:24,21100.0,1800,Buy,231169769
2024-08-13 10:27:24,21100.0,400,Buy,231169774
2024-08-13 10:28:03,21100.0,8300,Sell,231170617
2024-08-13 10:28:03,21100.0,1000,Sell,231170616
2024-08-13 10:28:03,21100.0,100,Sell,231170615
2024-08-13 10:28:03,21100.0,600,Sell,231170614
2024-08-13 10:28:04,21100.0,100,Sell,231170632
2024-08-13 10:28:26,21150.0,2000,Buy,231170975
2024-08-13 10:28:36,21100.0,500,Sell,231171079
2024-08-13 10:28:42,21100.0,2300,Sell,231171150
2024-08-13 10:28:42,21100.0,100,Sell,231171146
2024-08-13 10:28:52,21100.0,1000,Sell,231171309
2024-08-13 10:28:54,21100.0,100,Sell,231171363
2024-08-13 10:29:04,21100.0,6000,Sell,231171501
2024-08-13 10:29:09,21100.0,100,Sell,231171579
2024-08-13 10:29:18,21100.0,100,Sell,231171816
2024-08-13 10:29:18,21100.0,100,Sell,231171817
2024-08-13 10:29:21,21100.0,600,Sell,231171847
2024-08-13 10:29:28,21150.0,2000,Buy,231171927
2024-08-13 10:29:32,21100.0,400,Sell,231171992
2024-08-13 10:29:32,21100.0,100,Sell,231171991
2024-08-13 10:29:32,21100.0,100,Sell,231171990
2024-08-13 10:29:32,21100.0,2000,Sell,231171989
2024-08-13 10:29:32,21100.0,300,Sell,231171988
2024-08-13 10:29:32,21100.0,5000,Sell,231171987
2024-08-13 10:29:32,21100.0,200,Sell,231171986
2024-08-13 10:29:32,21100.0,1000,Sell,231171985
2024-08-13 10:29:32,21100.0,100,Sell,231171984
2024-08-13 10:29:32,21100.0,2000,Sell,231171982
2024-08-13 10:29:32,21100.0,14700,Sell,231171981
2024-08-13 10:29:32,21100.0,4500,Sell,231171980
2024-08-13 10:29:32,21100.0,800,Sell,231171979
2024-08-13 10:29:32,21100.0,3400,Sell,231171978
2024-08-13 10:29:32,21100.0,200,Sell,231171977
2024-08-13 10:29:32,21100.0,500,Sell,231171976
2024-08-13 10:29:32,21100.0,700,Sell,231171975
2024-08-13 10:29:32,21100.0,3500,Sell,231171983
2024-08-13 10:29:33,21100.0,100,Buy,231172003
2024-08-13 10:29:44,21100.0,100,Buy,231172217
2024-08-13 10:29:59,21100.0,100,Buy,231172420
2024-08-13 10:30:00,21100.0,100,Buy,231172436
2024-08-13 10:30:05,21100.0,1400,Buy,231172510
2024-08-13 10:30:05,21100.0,200,Buy,231172514
2024-08-13 10:30:06,21100.0,100,Buy,231172521
2024-08-13 10:30:08,21100.0,9600,Buy,231172539
2024-08-13 10:30:08,21100.0,300,Buy,231172540
2024-08-13 10:30:10,21100.0,100,Sell,231172558
2024-08-13 10:30:17,21100.0,100,Buy,231172638
2024-08-13 10:30:20,21100.0,100,Buy,231172679
2024-08-13 10:30:20,21100.0,400,Buy,231172680
2024-08-13 10:30:23,21100.0,100,Buy,231172727
2024-08-13 10:30:25,21100.0,100,Buy,231172746
2024-08-13 10:30:25,21100.0,900,Buy,231172747
2024-08-13 10:30:30,21100.0,1400,Buy,231172801
2024-08-13 10:30:47,21100.0,600,Sell,231173041
2024-08-13 10:30:47,21100.0,200,Sell,231173042
2024-08-13 10:30:47,21100.0,800,Sell,231173043
2024-08-13 10:30:47,21100.0,3200,Sell,231173044
2024-08-13 10:30:47,21100.0,200,Sell,231173045
2024-08-13 10:31:11,21100.0,5000,Sell,231173419
2024-08-13 10:31:11,21100.0,200,Sell,231173420
2024-08-13 10:31:11,21100.0,700,Sell,231173417
2024-08-13 10:31:11,21100.0,4000,Sell,231173418
2024-08-13 10:31:23,21100.0,100,Buy,231173608
2024-08-13 10:31:23,21150.0,500,Buy,231173609
2024-08-13 10:31:35,21100.0,100,Buy,231173765
2024-08-13 10:31:35,21100.0,100,Buy,231173766
2024-08-13 10:31:58,21100.0,2200,Sell,231174136
2024-08-13 10:32:12,21100.0,4000,Sell,231174381
2024-08-13 10:32:18,21100.0,2000,Sell,231174507
2024-08-13 10:32:18,21100.0,1000,Sell,231174505
2024-08-13 10:32:18,21100.0,100,Sell,231174506
2024-08-13 10:32:18,21100.0,3000,Sell,231174503
2024-08-13 10:32:18,21100.0,13600,Sell,231174501
2024-08-13 10:32:18,21100.0,200,Sell,231174502
2024-08-13 10:32:18,21100.0,100,Sell,231174504
2024-08-13 10:32:37,21100.0,100,Sell,231174738
2024-08-13 10:32:38,21100.0,3200,Sell,231174755
2024-08-13 10:32:52,21100.0,2700,Sell,231174967
2024-08-13 10:32:52,21100.0,14000,Sell,231174968
2024-08-13 10:33:00,21150.0,1300,Buy,231175055
2024-08-13 10:33:04,21100.0,5000,Sell,231175139
2024-08-13 10:33:21,21150.0,1300,Buy,231175414
2024-08-13 10:33:34,21100.0,200,Sell,231175705
2024-08-13 10:33:37,21150.0,2000,Buy,231175825
2024-08-13 10:33:41,21100.0,100,Sell,231175923
2024-08-13 10:33:43,21150.0,1300,Buy,231175963
2024-08-13 10:34:05,21150.0,1300,Buy,231176387
2024-08-13 10:34:28,21150.0,1300,Buy,231176676
2024-08-13 10:34:34,21100.0,1700,Sell,231176776
2024-08-13 10:34:40,21150.0,2000,Buy,231176861
2024-08-13 10:34:40,21150.0,200,Buy,231176869
2024-08-13 10:34:49,21150.0,1300,Buy,231176997
2024-08-13 10:35:04,21100.0,700,Sell,231177253
2024-08-13 10:35:04,21100.0,600,Sell,231177251
2024-08-13 10:35:04,21100.0,1000,Sell,231177250
2024-08-13 10:35:04,21100.0,1400,Sell,231177252
2024-08-13 10:35:04,21100.0,600,Sell,231177246
2024-08-13 10:35:04,21100.0,1200,Sell,231177245
2024-08-13 10:35:04,21100.0,4200,Sell,231177244
2024-08-13 10:35:04,21100.0,300,Sell,231177247
2024-08-13 10:35:11,21150.0,1300,Buy,231177364
2024-08-13 10:35:33,21150.0,1300,Buy,231177808
2024-08-13 10:35:42,21150.0,2000,Buy,231177982
2024-08-13 10:35:44,21150.0,500,Buy,231178010
2024-08-13 10:35:51,21100.0,5000,Sell,231178112
2024-08-13 10:35:56,21150.0,1300,Buy,231178175
2024-08-13 10:35:57,21100.0,1000,Sell,231178200
2024-08-13 10:36:01,21100.0,3400,Sell,231178260
2024-08-13 10:36:02,21100.0,5000,Sell,231178262
2024-08-13 10:36:06,21100.0,4000,Sell,231178336
2024-08-13 10:36:06,21100.0,100,Sell,231178337
2024-08-13 10:36:18,21150.0,200,Buy,231178484
2024-08-13 10:36:18,21150.0,1300,Buy,231178485
2024-08-13 10:36:40,21150.0,1300,Buy,231178722
2024-08-13 10:36:44,21150.0,2000,Buy,231178785
2024-08-13 10:37:01,21150.0,100,Buy,231179117
2024-08-13 10:37:02,21150.0,1300,Buy,231179132
2024-08-13 10:37:21,21100.0,30000,Sell,231179422
2024-08-13 10:37:24,21150.0,1300,Buy,231179460
2024-08-13 10:37:28,21100.0,3300,Sell,231179531
2024-08-13 10:37:28,21100.0,1000,Sell,231179530
2024-08-13 10:37:28,21100.0,5000,Sell,231179528
2024-08-13 10:37:28,21100.0,120500,Sell,231179527
2024-08-13 10:37:28,21100.0,200,Sell,231179529
2024-08-13 10:37:30,21100.0,3000,Sell,231179562
2024-08-13 10:37:36,21100.0,16400,Sell,231179678
2024-08-13 10:37:36,21100.0,200,Sell,231179679
2024-08-13 10:37:36,21100.0,200,Sell,231179680
2024-08-13 10:37:36,21100.0,1400,Sell,231179681
2024-08-13 10:37:36,21100.0,4000,Sell,231179682
2024-08-13 10:37:36,21100.0,3300,Sell,231179683
2024-08-13 10:37:38,21100.0,900,Sell,231179724
2024-08-13 10:37:38,21100.0,400,Sell,231179725
2024-08-13 10:37:38,21100.0,100,Sell,231179727
2024-08-13 10:37:38,21100.0,1300,Sell,231179728
2024-08-13 10:37:38,21100.0,1300,Sell,231179729
2024-08-13 10:37:38,21100.0,100,Sell,231179733
2024-08-13 10:37:38,21100.0,200,Sell,231179723
2024-08-13 10:37:38,21100.0,100,Sell,231179731
2024-08-13 10:37:38,21100.0,100,Sell,231179732
2024-08-13 10:37:38,21100.0,200,Sell,231179734
2024-08-13 10:37:38,21100.0,800,Sell,231179735
2024-08-13 10:37:38,21100.0,100,Sell,231179730
2024-08-13 10:37:38,21100.0,100,Sell,231179722
2024-08-13 10:37:38,21100.0,100,Sell,231179713
2024-08-13 10:37:38,21100.0,2000,Sell,231179720
2024-08-13 10:37:38,21100.0,3000,Sell,231179721
2024-08-13 10:37:38,21100.0,1800,Sell,231179708
2024-08-13 10:37:38,21100.0,2900,Sell,231179709
2024-08-13 10:37:38,21100.0,1000,Sell,231179710
2024-08-13 10:37:38,21100.0,100,Sell,231179711
2024-08-13 10:37:38,21100.0,7800,Sell,231179712
2024-08-13 10:37:38,21100.0,100,Sell,231179719
2024-08-13 10:37:38,21100.0,900,Sell,231179718
2024-08-13 10:37:38,21100.0,1000,Sell,231179717
2024-08-13 10:37:38,21100.0,700,Sell,231179714
2024-08-13 10:37:38,21100.0,2300,Sell,231179715
2024-08-13 10:37:38,21100.0,600,Sell,231179716
2024-08-13 10:37:43,21100.0,900,Sell,231179777
2024-08-13 10:37:43,21100.0,300,Sell,231179778
2024-08-13 10:37:43,21100.0,2000,Sell,231179779
2024-08-13 10:37:43,21100.0,1400,Sell,231179780
2024-08-13 10:37:43,21100.0,100,Sell,231179781
2024-08-13 10:37:46,21100.0,1300,Buy,231179852
2024-08-13 10:37:54,21100.0,900,Buy,231179977
2024-08-13 10:37:54,21100.0,1500,Buy,231179978
2024-08-13 10:37:58,21100.0,100,Buy,231180023
2024-08-13 10:38:09,21100.0,1300,Buy,231180170
2024-08-13 10:38:14,21100.0,1000,Buy,231180245
2024-08-13 10:38:16,21100.0,1800,Buy,231180264
2024-08-13 10:38:31,21100.0,1300,Buy,231180518
2024-08-13 10:38:42,21100.0,100,Buy,231180674
2024-08-13 10:38:47,21100.0,100,Buy,231180739
2024-08-13 10:38:48,21100.0,2300,Buy,231180747
2024-08-13 10:38:57,21100.0,1300,Buy,231180898
2024-08-13 10:38:59,21100.0,200,Buy,231180941
2024-08-13 10:39:05,21100.0,1000,Buy,231181016
2024-08-13 10:39:13,21100.0,100,Buy,231181151
2024-08-13 10:39:17,21100.0,200,Buy,231181229
2024-08-13 10:39:20,21100.0,1300,Buy,231181268
2024-08-13 10:39:31,21100.0,500,Buy,231181433
2024-08-13 10:39:40,21100.0,3000,Buy,231181541
2024-08-13 10:39:43,21100.0,5000,Buy,231181604
2024-08-13 10:39:44,21100.0,1300,Buy,231181617
2024-08-13 10:39:52,21100.0,5000,Buy,231181771
2024-08-13 10:40:08,21100.0,1300,Buy,231182029
2024-08-13 10:40:32,21050.0,200,Sell,231182887
2024-08-13 10:40:32,21100.0,1300,Buy,231182891
2024-08-13 10:40:37,21100.0,100,Buy,231182942
2024-08-13 10:40:41,21100.0,1000,Buy,231182988
2024-08-13 10:40:44,21100.0,100,Buy,231183022
2024-08-13 10:40:51,21100.0,2000,Buy,231183097
2024-08-13 10:40:53,21100.0,1900,Buy,231183146
2024-08-13 10:40:56,21100.0,1300,Buy,231183183
2024-08-13 10:41:06,21100.0,300,Buy,231183455
2024-08-13 10:41:20,21100.0,1400,Buy,231183661
2024-08-13 10:41:43,21100.0,1400,Buy,231184063
2024-08-13 10:41:48,21050.0,500,Sell,231184134
2024-08-13 10:41:56,21100.0,2000,Buy,231184414
2024-08-13 10:41:56,21050.0,5000,Sell,231184413
2024-08-13 10:42:02,21050.0,10000,Sell,231184574
2024-08-13 10:42:08,21100.0,1400,Buy,231184673
2024-08-13 10:42:12,21050.0,2000,Sell,231184803
2024-08-13 10:42:18,21100.0,500,Buy,231185051
2024-08-13 10:42:22,21050.0,5000,Sell,231185144
2024-08-13 10:42:31,21100.0,1400,Buy,231185354
2024-08-13 10:42:53,21100.0,100,Buy,231185776
2024-08-13 10:42:56,21100.0,1400,Buy,231185871
2024-08-13 10:42:58,21100.0,1900,Buy,231185898
2024-08-13 10:43:11,21100.0,800,Buy,231186177
2024-08-13 10:43:11,21100.0,200,Buy,231186178
2024-08-13 10:43:17,21100.0,500,Buy,231186239
2024-08-13 10:43:20,21100.0,1000,Buy,231186345
2024-08-13 10:43:20,21100.0,400,Buy,231186344
2024-08-13 10:43:44,21100.0,200,Buy,231186858
2024-08-13 10:43:44,21100.0,1200,Buy,231186859
2024-08-13 10:43:47,21100.0,300,Buy,231186954
2024-08-13 10:43:47,21100.0,1700,Buy,231186955
2024-08-13 10:43:54,21100.0,500,Buy,231187076
2024-08-13 10:44:00,21100.0,1900,Buy,231187130
2024-08-13 10:44:08,21100.0,1400,Buy,231187250
2024-08-13 10:44:15,21050.0,1000,Sell,231187380
2024-08-13 10:44:28,21050.0,10000,Sell,231187598
2024-08-13 10:44:32,21100.0,1400,Buy,231187651
2024-08-13 10:44:44,21050.0,100,Sell,231187936
2024-08-13 10:44:44,21050.0,200,Sell,231187935
2024-08-13 10:44:44,21050.0,200,Sell,231187934
2024-08-13 10:44:44,21050.0,1000,Sell,231187933
2024-08-13 10:44:44,21050.0,100,Sell,231187929
2024-08-13 10:44:44,21050.0,100,Sell,231187931
2024-08-13 10:44:44,21050.0,300,Sell,231187930
2024-08-13 10:44:44,21050.0,100,Sell,231187937
2024-08-13 10:44:44,21050.0,10000,Sell,231187928
2024-08-13 10:44:44,21050.0,200,Sell,231187932
2024-08-13 10:44:44,21050.0,200,Sell,231187938
2024-08-13 10:44:44,21050.0,200,Sell,231187942
2024-08-13 10:44:44,21050.0,1300,Sell,231187940
2024-08-13 10:44:44,21050.0,100,Sell,231187941
2024-08-13 10:44:44,21050.0,1000,Sell,231187943
2024-08-13 10:44:44,21050.0,300,Sell,231187944
2024-08-13 10:44:44,21050.0,500,Sell,231187945
2024-08-13 10:44:44,21050.0,500,Sell,231187946
2024-08-13 10:44:44,21050.0,500,Sell,231187947
2024-08-13 10:44:44,21050.0,1300,Sell,231187948
2024-08-13 10:44:44,21050.0,1000,Sell,231187927
2024-08-13 10:44:44,21050.0,300,Sell,231187949
2024-08-13 10:44:44,21050.0,500,Sell,231187939
2024-08-13 10:44:44,21050.0,400,Sell,231187926
2024-08-13 10:44:44,21050.0,600,Sell,231187884
2024-08-13 10:44:44,21050.0,3400,Sell,231187924
2024-08-13 10:44:44,21050.0,200,Sell,231187950
2024-08-13 10:44:44,21050.0,100,Sell,231187902
2024-08-13 10:44:44,21050.0,1000,Sell,231187903
2024-08-13 10:44:44,21050.0,100,Sell,231187904
2024-08-13 10:44:44,21050.0,1000,Sell,231187905
2024-08-13 10:44:44,21050.0,100,Sell,231187906
2024-08-13 10:44:44,21050.0,5000,Sell,231187907
2024-08-13 10:44:44,21050.0,3000,Sell,231187908
2024-08-13 10:44:44,21050.0,100,Sell,231187909
2024-08-13 10:44:44,21050.0,300,Sell,231187910
2024-08-13 10:44:44,21050.0,200,Sell,231187911
2024-08-13 10:44:44,21050.0,100,Sell,231187912
2024-08-13 10:44:44,21050.0,100,Sell,231187913
2024-08-13 10:44:44,21050.0,600,Sell,231187914
2024-08-13 10:44:44,21050.0,100,Sell,231187915
2024-08-13 10:44:44,21050.0,200,Sell,231187916
2024-08-13 10:44:44,21050.0,300,Sell,231187917
2024-08-13 10:44:44,21050.0,1000,Sell,231187918
2024-08-13 10:44:44,21050.0,200,Sell,231187919
2024-08-13 10:44:44,21050.0,200,Sell,231187920
2024-08-13 10:44:44,21050.0,1000,Sell,231187921
2024-08-13 10:44:44,21050.0,1000,Sell,231187922
2024-08-13 10:44:44,21050.0,1000,Sell,231187923
2024-08-13 10:44:44,21050.0,100,Sell,231187925
2024-08-13 10:44:44,21050.0,100,Sell,231187951
2024-08-13 10:44:44,21050.0,1300,Sell,231187987
2024-08-13 10:44:44,21050.0,200,Sell,231187953
2024-08-13 10:44:44,21050.0,100,Sell,231187980
2024-08-13 10:44:44,21050.0,1000,Sell,231187981
2024-08-13 10:44:44,21050.0,1000,Sell,231187982
2024-08-13 10:44:44,21050.0,100,Sell,231187983
2024-08-13 10:44:44,21050.0,200,Sell,231187984
2024-08-13 10:44:44,21050.0,500,Sell,231187985
2024-08-13 10:44:44,21050.0,100,Sell,231187986
2024-08-13 10:44:44,21050.0,100,Sell,231187901
2024-08-13 10:44:44,21050.0,10000,Sell,231187988
2024-08-13 10:44:44,21050.0,100,Sell,231187989
2024-08-13 10:44:44,21050.0,100,Sell,231187979
2024-08-13 10:44:44,21050.0,1300,Sell,231187990
2024-08-13 10:44:44,21050.0,100,Sell,231187992
2024-08-13 10:44:44,21050.0,100,Sell,231187993
2024-08-13 10:44:44,21050.0,100,Sell,231187994
2024-08-13 10:44:44,21050.0,300,Sell,231187995
2024-08-13 10:44:44,21050.0,3000,Sell,231187996
2024-08-13 10:44:44,21050.0,100,Sell,231187997
2024-08-13 10:44:44,21050.0,200,Sell,231187998
2024-08-13 10:44:44,21050.0,200,Sell,231187999
2024-08-13 10:44:44,21050.0,20000,Sell,231188000
2024-08-13 10:44:44,21050.0,1000,Sell,231188001
2024-08-13 10:44:44,21050.0,100,Sell,231187991
2024-08-13 10:44:44,21050.0,100,Sell,231187952
2024-08-13 10:44:44,21050.0,500,Sell,231187978
2024-08-13 10:44:44,21050.0,1100,Sell,231187976
2024-08-13 10:44:44,21050.0,100,Sell,231187954
2024-08-13 10:44:44,21050.0,100,Sell,231187955
2024-08-13 10:44:44,21050.0,500,Sell,231187956
2024-08-13 10:44:44,21050.0,5000,Sell,231187957
2024-08-13 10:44:44,21050.0,2000,Sell,231187958
2024-08-13 10:44:44,21050.0,100,Sell,231187959
2024-08-13 10:44:44,21050.0,100,Sell,231187960
2024-08-13 10:44:44,21050.0,1000,Sell,231187961
2024-08-13 10:44:44,21050.0,100,Sell,231187962
2024-08-13 10:44:44,21050.0,1000,Sell,231187963
2024-08-13 10:44:44,21050.0,100,Sell,231187977
2024-08-13 10:44:44,21050.0,100,Sell,231187964
2024-08-13 10:44:44,21050.0,100,Sell,231187966
2024-08-13 10:44:44,21050.0,100,Sell,231187967
2024-08-13 10:44:44,21050.0,200,Sell,231187968
2024-08-13 10:44:44,21050.0,100,Sell,231187969
2024-08-13 10:44:44,21050.0,100,Sell,231187970
2024-08-13 10:44:44,21050.0,100,Sell,231187971
2024-08-13 10:44:44,21050.0,100,Sell,231187972
2024-08-13 10:44:44,21050.0,100,Sell,231187973
2024-08-13 10:44:44,21050.0,100,Sell,231187974
2024-08-13 10:44:44,21050.0,1100,Sell,231187975
2024-08-13 10:44:44,21050.0,100,Sell,231187965
2024-08-13 10:44:44,21050.0,1000,Sell,231187900
2024-08-13 10:44:44,21050.0,500,Sell,231187873
2024-08-13 10:44:44,21050.0,200,Sell,231187898
2024-08-13 10:44:44,21050.0,100,Sell,231187822
2024-08-13 10:44:44,21050.0,200,Sell,231187823
2024-08-13 10:44:44,21050.0,200,Sell,231187824
2024-08-13 10:44:44,21050.0,1000,Sell,231187825
2024-08-13 10:44:44,21050.0,100,Sell,231187826
2024-08-13 10:44:44,21050.0,100,Sell,231187827
2024-08-13 10:44:44,21050.0,100,Sell,231187828
2024-08-13 10:44:44,21050.0,3000,Sell,231187829
2024-08-13 10:44:44,21050.0,300,Sell,231187830
2024-08-13 10:44:44,21050.0,3000,Sell,231187831
2024-08-13 10:44:44,21050.0,15400,Sell,231187821
2024-08-13 10:44:44,21050.0,100,Sell,231187832
2024-08-13 10:44:44,21050.0,100,Sell,231187834
2024-08-13 10:44:44,21050.0,5000,Sell,231187835
2024-08-13 10:44:44,21050.0,100,Sell,231187836
2024-08-13 10:44:44,21050.0,1000,Sell,231187899
2024-08-13 10:44:44,21050.0,200,Sell,231187838
2024-08-13 10:44:44,21050.0,100,Sell,231187839
2024-08-13 10:44:44,21050.0,100,Sell,231187840
2024-08-13 10:44:44,21050.0,100,Sell,231187841
2024-08-13 10:44:44,21050.0,200,Sell,231187842
2024-08-13 10:44:44,21050.0,800,Sell,231187843
2024-08-13 10:44:44,21050.0,10000,Sell,231187833
2024-08-13 10:44:44,21050.0,600,Sell,231187820
2024-08-13 10:44:44,21050.0,1000,Sell,231187819
2024-08-13 10:44:44,21050.0,1000,Sell,231187818
2024-08-13 10:44:44,21050.0,9600,Sell,231187795
2024-08-13 10:44:44,21050.0,100,Sell,231187796
2024-08-13 10:44:44,21050.0,100,Sell,231187797
2024-08-13 10:44:44,21050.0,1000,Sell,231187798
2024-08-13 10:44:44,21050.0,100000,Sell,231187799
2024-08-13 10:44:44,21050.0,1000,Sell,231187800
2024-08-13 10:44:44,21050.0,100,Sell,231187801
2024-08-13 10:44:44,21050.0,100,Sell,231187802
2024-08-13 10:44:44,21050.0,100,Sell,231187803
2024-08-13 10:44:44,21050.0,200,Sell,231187804
2024-08-13 10:44:44,21050.0,500,Sell,231187805
2024-08-13 10:44:44,21050.0,100,Sell,231187806
2024-08-13 10:44:44,21050.0,100,Sell,231187807
2024-08-13 10:44:44,21050.0,300,Sell,231187808
2024-08-13 10:44:44,21050.0,1000,Sell,231187809
2024-08-13 10:44:44,21050.0,200,Sell,231187810
2024-08-13 10:44:44,21050.0,500,Sell,231187811
2024-08-13 10:44:44,21050.0,2000,Sell,231187812
2024-08-13 10:44:44,21050.0,100,Sell,231187813
2024-08-13 10:44:44,21050.0,3000,Sell,231187814
2024-08-13 10:44:44,21050.0,200,Sell,231187815
2024-08-13 10:44:44,21050.0,1000,Sell,231187816
2024-08-13 10:44:44,21050.0,100,Sell,231187817
2024-08-13 10:44:44,21050.0,1000,Sell,231187844
2024-08-13 10:44:44,21050.0,100,Sell,231187845
2024-08-13 10:44:44,21050.0,700,Sell,231187837
2024-08-13 10:44:44,21050.0,5000,Sell,231187847
2024-08-13 10:44:44,21050.0,100,Sell,231187875
2024-08-13 10:44:44,21050.0,100,Sell,231187876
2024-08-13 10:44:44,21050.0,100,Sell,231187877
2024-08-13 10:44:44,21050.0,300,Sell,231187878
2024-08-13 10:44:44,21050.0,200,Sell,231187879
2024-08-13 10:44:44,21050.0,100,Sell,231187880
2024-08-13 10:44:44,21050.0,100,Sell,231187846
2024-08-13 10:44:44,21050.0,10000,Sell,231187882
2024-08-13 10:44:44,21050.0,100,Sell,231187883
2024-08-13 10:44:44,21050.0,100,Sell,231187885
2024-08-13 10:44:44,21050.0,100,Sell,231187874
2024-08-13 10:44:44,21050.0,1000,Sell,231187886
2024-08-13 10:44:44,21050.0,1000,Sell,231187888
2024-08-13 10:44:44,21050.0,100,Sell,231187889
2024-08-13 10:44:44,21050.0,100,Sell,231187890
2024-08-13 10:44:44,21050.0,100,Sell,231187891
2024-08-13 10:44:44,21050.0,10000,Sell,231187892
2024-08-13 10:44:44,21050.0,300,Sell,231187893
2024-08-13 10:44:44,21050.0,9500,Sell,231187894
2024-08-13 10:44:44,21050.0,3900,Sell,231187895
2024-08-13 10:44:44,21050.0,2000,Sell,231187896
2024-08-13 10:44:44,21050.0,200,Sell,231187897
2024-08-13 10:44:44,21050.0,500,Sell,231187887
2024-08-13 10:44:44,21050.0,1000,Sell,231187872
2024-08-13 10:44:44,21050.0,100,Sell,231187881
2024-08-13 10:44:44,21050.0,2000,Sell,231187851
2024-08-13 10:44:44,21050.0,500,Sell,231187848
2024-08-13 10:44:44,21050.0,300,Sell,231187849
2024-08-13 10:44:44,21050.0,100,Sell,231187850
2024-08-13 10:44:44,21050.0,400,Sell,231187871
2024-08-13 10:44:44,21050.0,300,Sell,231187852
2024-08-13 10:44:44,21050.0,100,Sell,231187853
2024-08-13 10:44:44,21050.0,200,Sell,231187854
2024-08-13 10:44:44,21050.0,200,Sell,231187855
2024-08-13 10:44:44,21050.0,200,Sell,231187857
2024-08-13 10:44:44,21050.0,300,Sell,231187858
2024-08-13 10:44:44,21050.0,100,Sell,231187859
2024-08-13 10:44:44,21050.0,500,Sell,231187856
2024-08-13 10:44:44,21050.0,100,Sell,231187868
2024-08-13 10:44:44,21050.0,1500,Sell,231187861
2024-08-13 10:44:44,21050.0,2000,Sell,231187862
2024-08-13 10:44:44,21050.0,100,Sell,231187863
2024-08-13 10:44:44,21050.0,1000,Sell,231187864
2024-08-13 10:44:44,21050.0,1800,Sell,231187865
2024-08-13 10:44:44,21050.0,100,Sell,231187866
2024-08-13 10:44:44,21050.0,100,Sell,231187867
2024-08-13 10:44:44,21050.0,200,Sell,231187860
2024-08-13 10:44:44,21050.0,200,Sell,231187869
2024-08-13 10:44:44,21050.0,100,Sell,231187870
2024-08-13 10:44:45,21050.0,400,Sell,231188058
2024-08-13 10:44:45,21050.0,100,Sell,231188060
2024-08-13 10:44:45,21050.0,4200,Sell,231188061
2024-08-13 10:44:45,21050.0,1500,Sell,231188065
2024-08-13 10:44:45,21050.0,200,Sell,231188063
2024-08-13 10:44:45,21050.0,100,Sell,231188064
2024-08-13 10:44:45,21050.0,100,Sell,231188057
2024-08-13 10:44:45,21050.0,100,Sell,231188062
2024-08-13 10:44:45,21050.0,100,Sell,231188056
2024-08-13 10:44:45,21050.0,5000,Sell,231188066
2024-08-13 10:44:45,21050.0,500,Sell,231188054
2024-08-13 10:44:45,21050.0,100,Sell,231188053
2024-08-13 10:44:45,21050.0,100,Sell,231188052
2024-08-13 10:44:45,21050.0,500,Sell,231188051
2024-08-13 10:44:45,21050.0,1000,Sell,231188050
2024-08-13 10:44:45,21050.0,100,Sell,231188049
2024-08-13 10:44:45,21050.0,2000,Sell,231188048
2024-08-13 10:44:45,21050.0,200,Sell,231188047
2024-08-13 10:44:45,21050.0,100,Sell,231188055
2024-08-13 10:44:45,21050.0,200,Sell,231188067
2024-08-13 10:44:45,21050.0,200,Sell,231188077
2024-08-13 10:44:45,21050.0,300,Sell,231188069
2024-08-13 10:44:45,21050.0,2000,Sell,231188046
2024-08-13 10:44:45,21050.0,1700,Sell,231188087
2024-08-13 10:44:45,21050.0,2000,Sell,231188086
2024-08-13 10:44:45,21050.0,200,Sell,231188085
2024-08-13 10:44:45,21050.0,1900,Sell,231188084
2024-08-13 10:44:45,21050.0,200,Sell,231188083
2024-08-13 10:44:45,21050.0,100,Sell,231188082
2024-08-13 10:44:45,21050.0,200,Sell,231188081
2024-08-13 10:44:45,21050.0,200,Sell,231188068
2024-08-13 10:44:45,21050.0,2000,Sell,231188080
2024-08-13 10:44:45,21050.0,500,Sell,231188078
2024-08-13 10:44:45,21050.0,100,Sell,231188076
2024-08-13 10:44:45,21050.0,500,Sell,231188075
2024-08-13 10:44:45,21050.0,5000,Sell,231188074
2024-08-13 10:44:45,21050.0,300,Sell,231188073
2024-08-13 10:44:45,21050.0,1500,Sell,231188072
2024-08-13 10:44:45,21050.0,100,Sell,231188071
2024-08-13 10:44:45,21050.0,100,Sell,231188070
2024-08-13 10:44:45,21050.0,100,Sell,231188079
2024-08-13 10:44:45,21050.0,2500,Sell,231188045
2024-08-13 10:44:45,21050.0,500,Sell,231188059
2024-08-13 10:44:45,21050.0,900,Sell,231188043
2024-08-13 10:44:45,21050.0,200,Sell,231188020
2024-08-13 10:44:45,21050.0,200,Sell,231188019
2024-08-13 10:44:45,21050.0,100,Sell,231188018
2024-08-13 10:44:45,21050.0,1000,Sell,231188017
2024-08-13 10:44:45,21050.0,1000,Sell,231188016
2024-08-13 10:44:45,21050.0,100,Sell,231188015
2024-08-13 10:44:45,21050.0,100,Sell,231188014
2024-08-13 10:44:45,21050.0,100,Sell,231188003
2024-08-13 10:44:45,21050.0,100,Sell,231188021
2024-08-13 10:44:45,21050.0,100,Sell,231188013
2024-08-13 10:44:45,21050.0,100,Sell,231188011
2024-08-13 10:44:45,21050.0,100,Sell,231188010
2024-08-13 10:44:45,21050.0,100,Sell,231188009
2024-08-13 10:44:45,21050.0,100,Sell,231188007
2024-08-13 10:44:45,21050.0,20000,Sell,231188006
2024-08-13 10:44:45,21050.0,300,Sell,231188005
2024-08-13 10:44:45,21050.0,200,Sell,231188004
2024-08-13 10:44:45,21050.0,100,Sell,231188044
2024-08-13 10:44:45,21050.0,100,Sell,231188012
2024-08-13 10:44:45,21050.0,2000,Sell,231188022
2024-08-13 10:44:45,21050.0,200,Sell,231188008
2024-08-13 10:44:45,21050.0,500,Sell,231188024
2024-08-13 10:44:45,21050.0,100,Sell,231188041
2024-08-13 10:44:45,21050.0,100,Sell,231188040
2024-08-13 10:44:45,21050.0,100,Sell,231188039
2024-08-13 10:44:45,21050.0,100,Sell,231188038
2024-08-13 10:44:45,21050.0,100,Sell,231188042
2024-08-13 10:44:45,21050.0,200,Sell,231188037
2024-08-13 10:44:45,21050.0,500,Sell,231188035
2024-08-13 10:44:45,21050.0,500,Sell,231188034
2024-08-13 10:44:45,21050.0,1000,Sell,231188033
2024-08-13 10:44:45,21050.0,400,Sell,231188036
2024-08-13 10:44:45,21050.0,1000,Sell,231188031
2024-08-13 10:44:45,21050.0,1000,Sell,231188002
2024-08-13 10:44:45,21050.0,500,Sell,231188030
2024-08-13 10:44:45,21050.0,300,Sell,231188029
2024-08-13 10:44:45,21050.0,700,Sell,231188028
2024-08-13 10:44:45,21050.0,300,Sell,231188027
2024-08-13 10:44:45,21050.0,500,Sell,231188026
2024-08-13 10:44:45,21050.0,1000,Sell,231188025
2024-08-13 10:44:45,21050.0,300,Sell,231188032
2024-08-13 10:44:45,21050.0,600,Sell,231188023
2024-08-13 10:44:49,21050.0,6200,Sell,231188172
2024-08-13 10:44:49,21050.0,300,Sell,231188173
2024-08-13 10:44:49,21050.0,2000,Sell,231188174
2024-08-13 10:44:49,21050.0,100,Sell,231188175
2024-08-13 10:44:56,21050.0,1400,Buy,231188308
2024-08-13 10:44:59,21050.0,200,Buy,231188333
2024-08-13 10:45:00,21050.0,1000,Buy,231188386
2024-08-13 10:45:11,21050.0,300,Buy,231188678
2024-08-13 10:45:20,21050.0,1000,Buy,231188811
2024-08-13 10:45:20,21050.0,400,Buy,231188812
2024-08-13 10:45:23,21050.0,200,Buy,231188866
2024-08-13 10:45:31,21050.0,700,Buy,231189075
2024-08-13 10:45:33,21050.0,12300,Buy,231189104
2024-08-13 10:45:33,21050.0,5200,Buy,231189105
2024-08-13 10:45:34,21000.0,6000,Sell,231189142
2024-08-13 10:45:34,21000.0,2000,Sell,231189143
2024-08-13 10:45:34,21000.0,100,Sell,231189144
2024-08-13 10:45:34,21000.0,1000,Sell,231189145
2024-08-13 10:45:34,21000.0,5000,Sell,231189146
2024-08-13 10:45:34,21000.0,100,Sell,231189147
2024-08-13 10:45:34,21000.0,200,Sell,231189148
2024-08-13 10:45:34,21000.0,200,Sell,231189149
2024-08-13 10:45:34,21000.0,500,Sell,231189153
2024-08-13 10:45:34,21000.0,100,Sell,231189151
2024-08-13 10:45:34,21000.0,100,Sell,231189152
2024-08-13 10:45:34,21000.0,1100,Sell,231189154
2024-08-13 10:45:34,21000.0,5000,Sell,231189155
2024-08-13 10:45:34,21000.0,200,Sell,231189156
2024-08-13 10:45:34,21000.0,100,Sell,231189157
2024-08-13 10:45:34,21000.0,200,Sell,231189158
2024-08-13 10:45:34,21000.0,100,Sell,231189141
2024-08-13 10:45:34,21000.0,500,Sell,231189150
2024-08-13 10:45:34,21000.0,100,Sell,231189140
2024-08-13 10:45:34,21000.0,9100,Sell,231189159
2024-08-13 10:45:34,21000.0,400,Sell,231189138
2024-08-13 10:45:34,21000.0,100,Sell,231189139
2024-08-13 10:45:34,21000.0,30000,Sell,231189119
2024-08-13 10:45:34,21000.0,200,Sell,231189120
2024-08-13 10:45:34,21000.0,300,Sell,231189121
2024-08-13 10:45:34,21000.0,1600,Sell,231189122
2024-08-13 10:45:34,21000.0,100,Sell,231189124
2024-08-13 10:45:34,21000.0,100,Sell,231189125
2024-08-13 10:45:34,21000.0,100,Sell,231189126
2024-08-13 10:45:34,21000.0,200,Sell,231189127
2024-08-13 10:45:34,21000.0,300,Sell,231189123
2024-08-13 10:45:34,21000.0,100,Sell,231189129
2024-08-13 10:45:34,21000.0,100,Sell,231189128
2024-08-13 10:45:34,21000.0,30000,Sell,231189136
2024-08-13 10:45:34,21000.0,500,Sell,231189135
2024-08-13 10:45:34,21000.0,100,Sell,231189134
2024-08-13 10:45:34,21000.0,2800,Sell,231189137
2024-08-13 10:45:34,21000.0,500,Sell,231189132
2024-08-13 10:45:34,21000.0,300,Sell,231189131
2024-08-13 10:45:34,21000.0,200,Sell,231189130
2024-08-13 10:45:34,21000.0,300,Sell,231189133
2024-08-13 10:45:39,21000.0,1000,Sell,231189309
2024-08-13 10:45:39,21000.0,3600,Sell,231189318
2024-08-13 10:45:39,21000.0,1300,Sell,231189317
2024-08-13 10:45:39,21000.0,2000,Sell,231189315
2024-08-13 10:45:39,21000.0,500,Sell,231189314
2024-08-13 10:45:39,21000.0,100,Sell,231189313
2024-08-13 10:45:39,21000.0,100,Sell,231189312
2024-08-13 10:45:39,21000.0,200,Sell,231189311
2024-08-13 10:45:39,21000.0,100,Sell,231189310
2024-08-13 10:45:39,21000.0,5000,Sell,231189308
2024-08-13 10:45:39,21000.0,3700,Sell,231189316
2024-08-13 10:45:39,21000.0,1100,Sell,231189306
2024-08-13 10:45:39,21000.0,800,Sell,231189307
2024-08-13 10:45:39,21000.0,3000,Sell,231189294
2024-08-13 10:45:39,21000.0,16500,Sell,231189296
2024-08-13 10:45:39,21000.0,4000,Sell,231189297
2024-08-13 10:45:39,21000.0,1400,Sell,231189295
2024-08-13 10:45:39,21000.0,3800,Sell,231189299
2024-08-13 10:45:39,21000.0,200,Sell,231189300
2024-08-13 10:45:39,21000.0,100,Sell,231189301
2024-08-13 10:45:39,21000.0,1000,Sell,231189302
2024-08-13 10:45:39,21000.0,500,Sell,231189298
2024-08-13 10:45:42,21000.0,1400,Sell,231189386
2024-08-13 10:45:42,21000.0,1300,Sell,231189387
2024-08-13 10:45:44,21050.0,1400,Buy,231189409
2024-08-13 10:45:51,21000.0,100,Sell,231189583
2024-08-13 10:45:52,21000.0,1000,Sell,231189681
2024-08-13 10:45:52,21000.0,100,Sell,231189684
2024-08-13 10:45:52,21000.0,1000,Sell,231189682
2024-08-13 10:45:52,21000.0,100,Sell,231189683
2024-08-13 10:45:52,21000.0,1000,Sell,231189685
2024-08-13 10:45:52,21000.0,9100,Sell,231189692
2024-08-13 10:45:52,21000.0,100,Sell,231189687
2024-08-13 10:45:52,21000.0,500,Sell,231189688
2024-08-13 10:45:52,21000.0,100,Sell,231189689
2024-08-13 10:45:52,21000.0,100,Sell,231189690
2024-08-13 10:45:52,21000.0,3000,Sell,231189691
2024-08-13 10:45:52,21000.0,5000,Sell,231189680
2024-08-13 10:45:52,21000.0,100,Sell,231189693
2024-08-13 10:45:52,21000.0,300,Sell,231189686
2024-08-13 10:45:52,21000.0,200,Sell,231189679
2024-08-13 10:45:52,21000.0,100,Sell,231189673
2024-08-13 10:45:52,21000.0,100,Sell,231189678
2024-08-13 10:45:52,21000.0,5000,Sell,231189694
2024-08-13 10:45:52,21000.0,500,Sell,231189664
2024-08-13 10:45:52,21000.0,5000,Sell,231189665
2024-08-13 10:45:52,21000.0,200,Sell,231189666
2024-08-13 10:45:52,21000.0,1000,Sell,231189667
2024-08-13 10:45:52,21000.0,500,Sell,231189668
2024-08-13 10:45:52,21000.0,100,Sell,231189663
2024-08-13 10:45:52,21000.0,500,Sell,231189669
2024-08-13 10:45:52,21000.0,200,Sell,231189671
2024-08-13 10:45:52,21000.0,1000,Sell,231189672
2024-08-13 10:45:52,21000.0,100,Sell,231189674
2024-08-13 10:45:52,21000.0,200,Sell,231189675
2024-08-13 10:45:52,21000.0,100,Sell,231189676
2024-08-13 10:45:52,21000.0,5000,Sell,231189677
2024-08-13 10:45:52,21000.0,100,Sell,231189670
2024-08-13 10:45:52,21000.0,1300,Sell,231189695
2024-08-13 10:45:52,21000.0,1000,Sell,231189718
2024-08-13 10:45:52,21000.0,200,Sell,231189697
2024-08-13 10:45:52,21000.0,5000,Sell,231189716
2024-08-13 10:45:52,21000.0,100,Sell,231189717
2024-08-13 10:45:52,21000.0,300,Sell,231189719
2024-08-13 10:45:52,21000.0,300,Sell,231189720
2024-08-13 10:45:52,21000.0,5000,Sell,231189721
2024-08-13 10:45:52,21000.0,300,Sell,231189722
2024-08-13 10:45:52,21000.0,100,Sell,231189715
2024-08-13 10:45:52,21000.0,100,Sell,231189723
2024-08-13 10:45:52,21000.0,1000,Sell,231189725
2024-08-13 10:45:52,21000.0,100,Sell,231189726
2024-08-13 10:45:52,21000.0,100,Sell,231189727
2024-08-13 10:45:52,21000.0,100,Sell,231189728
2024-08-13 10:45:52,21000.0,600,Sell,231189729
2024-08-13 10:45:52,21000.0,500,Sell,231189662
2024-08-13 10:45:52,21000.0,200,Sell,231189724
2024-08-13 10:45:52,21000.0,5000,Sell,231189696
2024-08-13 10:45:52,21000.0,500,Sell,231189714
2024-08-13 10:45:52,21000.0,500,Sell,231189712
2024-08-13 10:45:52,21000.0,100,Sell,231189698
2024-08-13 10:45:52,21000.0,100,Sell,231189699
2024-08-13 10:45:52,21000.0,100,Sell,231189700
2024-08-13 10:45:52,21000.0,100,Sell,231189701
2024-08-13 10:45:52,21000.0,1000,Sell,231189702
2024-08-13 10:45:52,21000.0,500,Sell,231189703
2024-08-13 10:45:52,21000.0,200,Sell,231189713
2024-08-13 10:45:52,21000.0,1000,Sell,231189704
2024-08-13 10:45:52,21000.0,1000,Sell,231189706
2024-08-13 10:45:52,21000.0,500,Sell,231189707
2024-08-13 10:45:52,21000.0,200,Sell,231189708
2024-08-13 10:45:52,21000.0,2000,Sell,231189709
2024-08-13 10:45:52,21000.0,5000,Sell,231189710
2024-08-13 10:45:52,21000.0,200,Sell,231189711
2024-08-13 10:45:52,21000.0,2300,Sell,231189705
2024-08-13 10:45:52,21000.0,100,Sell,231189661
2024-08-13 10:45:52,21000.0,5000,Sell,231189641
2024-08-13 10:45:52,21000.0,5000,Sell,231189659
2024-08-13 10:45:52,21000.0,200,Sell,231189607
2024-08-13 10:45:52,21000.0,1000,Sell,231189608
2024-08-13 10:45:52,21000.0,10000,Sell,231189609
2024-08-13 10:45:52,21000.0,800,Sell,231189610
2024-08-13 10:45:52,21000.0,100,Sell,231189611
2024-08-13 10:45:52,21000.0,100,Sell,231189612
2024-08-13 10:45:52,21000.0,1000,Sell,231189606
2024-08-13 10:45:52,21000.0,200,Sell,231189613
2024-08-13 10:45:52,21000.0,100,Sell,231189615
2024-08-13 10:45:52,21000.0,100,Sell,231189616
2024-08-13 10:45:52,21000.0,1000,Sell,231189617
2024-08-13 10:45:52,21000.0,10000,Sell,231189618
2024-08-13 10:45:52,21000.0,200,Sell,231189620
2024-08-13 10:45:52,21000.0,100,Sell,231189621
2024-08-13 10:45:52,21000.0,200,Sell,231189614
2024-08-13 10:45:52,21000.0,2000,Sell,231189622
2024-08-13 10:45:52,21000.0,400,Sell,231189605
2024-08-13 10:45:52,21000.0,100,Sell,231189603
2024-08-13 10:45:52,21000.0,400,Sell,231189660
2024-08-13 10:45:52,21000.0,600,Sell,231189590
2024-08-13 10:45:52,21000.0,500,Sell,231189591
2024-08-13 10:45:52,21000.0,100,Sell,231189592
2024-08-13 10:45:52,21000.0,5000,Sell,231189593
2024-08-13 10:45:52,21000.0,5000,Sell,231189594
2024-08-13 10:45:52,21000.0,100,Sell,231189604
2024-08-13 10:45:52,21000.0,300,Sell,231189595
2024-08-13 10:45:52,21000.0,100,Sell,231189597
2024-08-13 10:45:52,21000.0,200,Sell,231189598
2024-08-13 10:45:52,21000.0,100,Sell,231189599
2024-08-13 10:45:52,21000.0,5000,Sell,231189600
2024-08-13 10:45:52,21000.0,5000,Sell,231189601
2024-08-13 10:45:52,21000.0,200,Sell,231189602
2024-08-13 10:45:52,21000.0,5000,Sell,231189596
2024-08-13 10:45:52,21000.0,500,Sell,231189623
2024-08-13 10:45:52,21000.0,9800,Sell,231189619
2024-08-13 10:45:52,21000.0,100,Sell,231189625
2024-08-13 10:45:52,21000.0,1000,Sell,231189645
2024-08-13 10:45:52,21000.0,100,Sell,231189624
2024-08-13 10:45:52,21000.0,100,Sell,231189647
2024-08-13 10:45:52,21000.0,500,Sell,231189648
2024-08-13 10:45:52,21000.0,400,Sell,231189649
2024-08-13 10:45:52,21000.0,2000,Sell,231189650
2024-08-13 10:45:52,21000.0,100,Sell,231189644
2024-08-13 10:45:52,21000.0,1000,Sell,231189651
2024-08-13 10:45:52,21000.0,200,Sell,231189653
2024-08-13 10:45:52,21000.0,100,Sell,231189654
2024-08-13 10:45:52,21000.0,2000,Sell,231189655
2024-08-13 10:45:52,21000.0,1000,Sell,231189656
2024-08-13 10:45:52,21000.0,1000,Sell,231189657
2024-08-13 10:45:52,21000.0,100,Sell,231189658
2024-08-13 10:45:52,21000.0,100,Sell,231189652
2024-08-13 10:45:52,21000.0,1000,Sell,231189643
2024-08-13 10:45:52,21000.0,1000,Sell,231189646
2024-08-13 10:45:52,21000.0,200,Sell,231189640
2024-08-13 10:45:52,21000.0,1000,Sell,231189626
2024-08-13 10:45:52,21000.0,200,Sell,231189627
2024-08-13 10:45:52,21000.0,100,Sell,231189642
2024-08-13 10:45:52,21000.0,100,Sell,231189629
2024-08-13 10:45:52,21000.0,300,Sell,231189630
2024-08-13 10:45:52,21000.0,100,Sell,231189631
2024-08-13 10:45:52,21000.0,200,Sell,231189632
2024-08-13 10:45:52,21000.0,500,Sell,231189628
2024-08-13 10:45:52,21000.0,100,Sell,231189634
2024-08-13 10:45:52,21000.0,200,Sell,231189635
2024-08-13 10:45:52,21000.0,200,Sell,231189636
2024-08-13 10:45:52,21000.0,100,Sell,231189637
2024-08-13 10:45:52,21000.0,100,Sell,231189639
2024-08-13 10:45:52,21000.0,500,Sell,231189638
2024-08-13 10:45:52,21000.0,500,Sell,231189633
2024-08-13 10:45:55,21050.0,300,Buy,231189782
2024-08-13 10:45:56,21000.0,300,Sell,231189799
2024-08-13 10:45:56,21000.0,300,Sell,231189800
2024-08-13 10:45:56,21000.0,300,Sell,231189801
2024-08-13 10:45:56,21000.0,300,Sell,231189804
2024-08-13 10:45:56,21000.0,500,Sell,231189803
2024-08-13 10:45:56,21000.0,6500,Sell,231189805
2024-08-13 10:45:56,21000.0,500,Sell,231189798
2024-08-13 10:45:56,21000.0,2000,Sell,231189802
2024-08-13 10:45:56,21000.0,500,Sell,231189797
2024-08-13 10:45:56,21000.0,100,Sell,231189794
2024-08-13 10:45:56,21000.0,100,Sell,231189795
2024-08-13 10:45:56,21000.0,1200,Sell,231189793
2024-08-13 10:45:56,21000.0,1000,Sell,231189792
2024-08-13 10:45:56,21000.0,500,Sell,231189791
2024-08-13 10:45:56,21000.0,600,Sell,231189790
2024-08-13 10:45:56,21000.0,100,Sell,231189789
2024-08-13 10:45:56,21000.0,5000,Sell,231189788
2024-08-13 10:45:56,21000.0,100,Sell,231189787
2024-08-13 10:45:56,21000.0,100,Sell,231189796
2024-08-13 10:45:57,21000.0,100,Sell,231189842
2024-08-13 10:45:57,21000.0,300,Sell,231189843
2024-08-13 10:45:57,21000.0,200,Sell,231189844
2024-08-13 10:45:57,21000.0,2400,Sell,231189845
2024-08-13 10:45:57,21050.0,1000,Buy,231189847
2024-08-13 10:45:57,21000.0,2700,Sell,231189848
2024-08-13 10:45:57,21000.0,1900,Sell,231189849
2024-08-13 10:45:57,21000.0,1000,Sell,231189853
2024-08-13 10:45:57,21000.0,7100,Sell,231189851
2024-08-13 10:45:57,21000.0,200,Sell,231189841
2024-08-13 10:45:57,21000.0,2000,Sell,231189854
2024-08-13 10:45:57,21000.0,200,Sell,231189855
2024-08-13 10:45:57,21000.0,100,Sell,231189856
