time,price,volume,match_type,id
2024-08-30 09:14:58,23000.0,75500,ATO/ATC,235893506
2024-08-30 09:15:04,23050.0,200,Buy,235893693
2024-08-30 09:15:04,23050.0,8200,Buy,235893694
2024-08-30 09:15:12,23050.0,800,Buy,235893795
2024-08-30 09:15:14,23050.0,400,Buy,235893805
2024-08-30 09:15:17,23050.0,600,Buy,235893845
2024-08-30 09:15:17,23050.0,1000,Buy,235893846
2024-08-30 09:15:22,23050.0,1000,Sell,235893909
2024-08-30 09:15:23,23100.0,100,Buy,235893918
2024-08-30 09:15:26,23100.0,100,Buy,235893971
2024-08-30 09:15:40,23050.0,1000,Sell,235894139
2024-08-30 09:15:48,23100.0,900,Buy,235894244
2024-08-30 09:17:21,23100.0,1000,Buy,235895763
2024-08-30 09:17:26,23100.0,500,Buy,235895849
2024-08-30 09:17:26,23050.0,1000,Sell,235895841
2024-08-30 09:17:26,23050.0,1400,Sell,235895837
2024-08-30 09:17:26,23050.0,20300,Sell,235895839
2024-08-30 09:17:26,23050.0,5000,Sell,235895838
2024-08-30 09:17:26,23050.0,200,Sell,235895840
2024-08-30 09:17:38,23100.0,200,Buy,235896022
2024-08-30 09:17:45,23100.0,500,Buy,235896109
2024-08-30 09:18:27,23050.0,400,Sell,235896678
2024-08-30 09:18:27,23000.0,100,Sell,235896679
2024-08-30 09:18:28,23050.0,100,Sell,235896697
2024-08-30 09:18:36,23050.0,900,Buy,235896839
2024-08-30 09:18:48,23050.0,100,Sell,235897008
2024-08-30 09:19:07,23050.0,1900,Buy,235897316
2024-08-30 09:19:07,23050.0,500,Buy,235897319
2024-08-30 09:19:18,23050.0,100,Sell,235897471
2024-08-30 09:19:19,23050.0,2000,Sell,235897478
2024-08-30 09:19:35,23050.0,100,Sell,235897753
2024-08-30 09:19:35,23050.0,300,Sell,235897746
2024-08-30 09:19:35,23050.0,200,Sell,235897752
2024-08-30 09:20:11,23050.0,100,Buy,235898342
2024-08-30 09:20:13,23050.0,600,Buy,235898381
2024-08-30 09:20:13,23050.0,1500,Buy,235898382
2024-08-30 09:20:13,23050.0,2900,Buy,235898383
2024-08-30 09:20:15,23050.0,100,Buy,235898490
2024-08-30 09:20:57,23000.0,1000,Sell,235899050
2024-08-30 09:21:39,23000.0,1000,Sell,235899585
2024-08-30 09:21:44,23000.0,500,Sell,235899664
2024-08-30 09:22:14,23000.0,100,Sell,235900252
2024-08-30 09:22:27,23000.0,1000,Sell,235900442
2024-08-30 09:22:34,23050.0,100,Buy,235900760
2024-08-30 09:22:34,23000.0,200,Sell,235900752
2024-08-30 09:23:43,23050.0,100,Buy,235902099
2024-08-30 09:23:43,23050.0,200,Buy,235902098
2024-08-30 09:23:43,23050.0,200,Buy,235902097
2024-08-30 09:23:51,23050.0,100,Buy,235902225
2024-08-30 09:23:54,23050.0,3500,Buy,235902278
2024-08-30 09:24:04,23050.0,200,Buy,235902492
2024-08-30 09:24:21,23050.0,100,Buy,235902851
2024-08-30 09:24:21,23050.0,2000,Buy,235902852
2024-08-30 09:24:21,23050.0,400,Buy,235902853
2024-08-30 09:24:29,23000.0,6700,Sell,235903047
2024-08-30 09:24:29,23000.0,500,Sell,235903046
2024-08-30 09:24:29,23000.0,2500,Sell,235903037
2024-08-30 09:24:29,23000.0,100,Sell,235903044
2024-08-30 09:24:29,23000.0,100,Sell,235903043
2024-08-30 09:24:29,23000.0,800,Sell,235903042
2024-08-30 09:24:29,23000.0,300,Sell,235903041
2024-08-30 09:24:29,23000.0,100,Sell,235903040
2024-08-30 09:24:29,23000.0,5200,Sell,235903039
2024-08-30 09:24:29,23000.0,200,Sell,235903038
2024-08-30 09:24:29,23000.0,1500,Sell,235903045
2024-08-30 09:24:29,23000.0,5000,Sell,235903036
2024-08-30 09:24:29,23000.0,100,Sell,235903034
2024-08-30 09:24:29,23000.0,2500,Sell,235903025
2024-08-30 09:24:29,23000.0,600,Sell,235903035
2024-08-30 09:24:29,23000.0,100,Sell,235903027
2024-08-30 09:24:29,23000.0,100,Sell,235903028
2024-08-30 09:24:29,23000.0,500,Sell,235903026
2024-08-30 09:24:29,23000.0,400,Sell,235903030
2024-08-30 09:24:29,23000.0,2000,Sell,235903031
2024-08-30 09:24:29,23000.0,500,Sell,235903032
2024-08-30 09:24:29,23000.0,100,Sell,235903033
2024-08-30 09:24:29,23000.0,100,Sell,235903029
2024-08-30 09:24:31,23050.0,200,Buy,235903083
2024-08-30 09:24:31,23000.0,1700,Sell,235903099
2024-08-30 09:24:38,23050.0,400,Buy,235903225
2024-08-30 09:24:38,23050.0,200,Buy,235903226
2024-08-30 09:24:44,23050.0,2000,Sell,235903372
2024-08-30 09:24:51,23050.0,500,Sell,235903495
2024-08-30 09:24:52,23050.0,700,Sell,235903506
2024-08-30 09:25:43,23050.0,800,Sell,235904539
2024-08-30 09:25:43,23050.0,400,Sell,235904529
2024-08-30 09:25:49,23050.0,100,Sell,235904669
2024-08-30 09:26:07,23100.0,100,Buy,235904975
2024-08-30 09:27:06,23100.0,500,Buy,235905849
2024-08-30 09:27:08,23100.0,1000,Buy,235905886
2024-08-30 09:27:08,23100.0,800,Buy,235905887
2024-08-30 09:27:08,23100.0,1000,Buy,235905888
2024-08-30 09:27:08,23100.0,100,Buy,235905889
2024-08-30 09:27:08,23100.0,1000,Buy,235905890
2024-08-30 09:27:08,23100.0,100,Buy,235905891
2024-08-30 09:27:08,23100.0,900,Buy,235905892
2024-08-30 09:27:08,23100.0,200,Buy,235905893
2024-08-30 09:27:08,23100.0,4000,Buy,235905894
2024-08-30 09:27:08,23100.0,300,Buy,235905895
2024-08-30 09:27:08,23100.0,1000,Buy,235905896
2024-08-30 09:27:08,23100.0,50000,Buy,235905897
2024-08-30 09:27:08,23100.0,10000,Buy,235905898
2024-08-30 09:27:08,23100.0,100,Buy,235905899
2024-08-30 09:27:08,23100.0,1400,Buy,235905900
2024-08-30 09:27:08,23100.0,1000,Buy,235905885
2024-08-30 09:27:08,23100.0,300,Buy,235905884
2024-08-30 09:27:08,23100.0,100,Buy,235905901
2024-08-30 09:27:08,23100.0,100,Buy,235905882
2024-08-30 09:27:08,23100.0,100,Buy,235905863
2024-08-30 09:27:08,23100.0,200,Buy,235905864
2024-08-30 09:27:08,23100.0,300,Buy,235905865
2024-08-30 09:27:08,23100.0,600,Buy,235905866
2024-08-30 09:27:08,23100.0,5000,Buy,235905867
2024-08-30 09:27:08,23100.0,200,Buy,235905868
2024-08-30 09:27:08,23100.0,200,Buy,235905869
2024-08-30 09:27:08,23100.0,300,Buy,235905870
2024-08-30 09:27:08,23100.0,4700,Buy,235905875
2024-08-30 09:27:08,23100.0,3000,Buy,235905876
2024-08-30 09:27:08,23100.0,1000,Buy,235905877
2024-08-30 09:27:08,23100.0,2000,Buy,235905878
2024-08-30 09:27:08,23100.0,200,Buy,235905879
2024-08-30 09:27:08,23100.0,500,Buy,235905880
2024-08-30 09:27:08,23100.0,100,Buy,235905881
2024-08-30 09:27:08,23100.0,900,Buy,235905883
2024-08-30 09:27:08,23100.0,6100,Buy,235905862
2024-08-30 09:27:24,23100.0,4800,Sell,235906168
2024-08-30 09:27:31,23100.0,100,Sell,235906263
2024-08-30 09:27:44,23150.0,500,Buy,235906487
2024-08-30 09:27:44,23150.0,100,Buy,235906488
2024-08-30 09:27:44,23150.0,4400,Buy,235906489
2024-08-30 09:27:54,23150.0,100,Buy,235906740
2024-08-30 09:28:13,23150.0,500,Buy,235907130
2024-08-30 09:28:50,23150.0,38100,Buy,235907768
2024-08-30 09:28:50,23150.0,800,Buy,235907767
2024-08-30 09:28:50,23150.0,1500,Buy,235907766
2024-08-30 09:28:50,23150.0,100,Buy,235907765
2024-08-30 09:28:50,23150.0,100,Buy,235907764
2024-08-30 09:28:50,23150.0,100,Buy,235907763
2024-08-30 09:28:50,23150.0,1000,Buy,235907762
2024-08-30 09:28:50,23150.0,200,Buy,235907761
2024-08-30 09:28:50,23150.0,500,Buy,235907760
2024-08-30 09:28:50,23150.0,500,Buy,235907759
2024-08-30 09:28:50,23150.0,20000,Buy,235907758
2024-08-30 09:28:50,23150.0,3000,Buy,235907756
2024-08-30 09:28:50,23150.0,16100,Buy,235907746
2024-08-30 09:28:50,23150.0,100,Buy,235907757
2024-08-30 09:28:50,23150.0,100,Buy,235907748
2024-08-30 09:28:50,23150.0,200,Buy,235907750
2024-08-30 09:28:50,23150.0,11900,Buy,235907747
2024-08-30 09:28:50,23150.0,2000,Buy,235907752
2024-08-30 09:28:50,23150.0,200,Buy,235907753
2024-08-30 09:28:50,23150.0,3000,Buy,235907754
2024-08-30 09:28:50,23150.0,200,Buy,235907755
2024-08-30 09:28:50,23150.0,100,Buy,235907751
2024-08-30 09:28:50,23150.0,200,Buy,235907749
2024-08-30 09:28:59,23150.0,100,Buy,235907889
2024-08-30 09:29:01,23150.0,200,Buy,235907913
2024-08-30 09:29:13,23150.0,2200,Buy,235908105
2024-08-30 09:29:17,23150.0,1500,Buy,235908177
2024-08-30 09:29:23,23150.0,200,Buy,235908341
2024-08-30 09:29:40,23150.0,1000,Buy,235908713
2024-08-30 09:29:47,23150.0,1900,Buy,235908840
2024-08-30 09:29:47,23150.0,200,Buy,235908839
2024-08-30 09:29:47,23150.0,200,Buy,235908837
2024-08-30 09:29:47,23150.0,1000,Buy,235908838
2024-08-30 09:29:47,23150.0,6700,Buy,235908836
2024-08-30 09:30:00,23150.0,2000,Buy,235909058
2024-08-30 09:30:04,23150.0,100,Buy,235909123
2024-08-30 09:30:04,23150.0,1000,Buy,235909124
2024-08-30 09:30:04,23150.0,100,Buy,235909125
2024-08-30 09:30:04,23150.0,500,Buy,235909126
2024-08-30 09:30:04,23150.0,200,Buy,235909127
2024-08-30 09:30:04,23150.0,3000,Buy,235909128
2024-08-30 09:30:04,23150.0,1000,Buy,235909129
2024-08-30 09:30:04,23150.0,3000,Buy,235909130
2024-08-30 09:30:04,23150.0,1100,Buy,235909122
2024-08-30 09:30:05,23150.0,200,Buy,235909133
2024-08-30 09:30:05,23150.0,500,Buy,235909134
2024-08-30 09:30:05,23150.0,300,Buy,235909135
2024-08-30 09:30:22,23150.0,500,Buy,235909415
2024-08-30 09:30:48,23100.0,100,Sell,235909900
2024-08-30 09:30:51,23150.0,2800,Buy,235909966
2024-08-30 09:31:08,23150.0,100,Buy,235910249
2024-08-30 09:31:08,23150.0,300,Buy,235910250
2024-08-30 09:31:08,23150.0,7200,Buy,235910247
2024-08-30 09:31:08,23150.0,1000,Buy,235910248
2024-08-30 09:31:08,23150.0,1400,Buy,235910246
2024-08-30 09:31:12,23150.0,200,Buy,235910317
2024-08-30 09:31:12,23150.0,4800,Buy,235910318
2024-08-30 09:31:13,23100.0,100,Sell,235910327
2024-08-30 09:31:14,23150.0,800,Buy,235910348
2024-08-30 09:31:16,23150.0,8800,Buy,235910359
2024-08-30 09:31:16,23150.0,200,Buy,235910360
2024-08-30 09:31:16,23150.0,1000,Buy,235910361
2024-08-30 09:31:19,23150.0,300,Buy,235910424
2024-08-30 09:31:19,23150.0,1000,Buy,235910423
2024-08-30 09:31:19,23150.0,500,Buy,235910422
2024-08-30 09:31:19,23150.0,100,Buy,235910420
2024-08-30 09:31:19,23150.0,2000,Buy,235910419
2024-08-30 09:31:19,23150.0,1300,Buy,235910417
2024-08-30 09:31:19,23150.0,300,Buy,235910421
2024-08-30 09:31:19,23150.0,300,Buy,235910418
2024-08-30 09:31:35,23150.0,3700,Sell,235910639
2024-08-30 09:31:39,23200.0,200,Buy,235910727
2024-08-30 09:31:39,23150.0,100,Sell,235910733
2024-08-30 09:31:48,23150.0,100,Sell,235911027
2024-08-30 09:31:58,23150.0,300,Sell,235911210
2024-08-30 09:31:58,23150.0,400,Sell,235911211
2024-08-30 09:32:00,23150.0,100,Sell,235911268
2024-08-30 09:32:08,23200.0,100,Buy,235911492
2024-08-30 09:32:08,23200.0,100,Buy,235911493
2024-08-30 09:32:08,23200.0,1800,Buy,235911491
2024-08-30 09:32:12,23150.0,100,Sell,235911560
2024-08-30 09:32:13,23150.0,1400,Sell,235911583
2024-08-30 09:32:16,23150.0,100,Buy,235911669
2024-08-30 09:32:18,23150.0,300,Buy,235911759
2024-08-30 09:32:34,23150.0,200,Buy,235912030
2024-08-30 09:32:34,23150.0,8200,Buy,235912029
2024-08-30 09:32:39,23150.0,1600,Sell,235912131
2024-08-30 09:32:46,23150.0,2000,Buy,235912301
2024-08-30 09:32:54,23150.0,100,Buy,235912479
2024-08-30 09:32:54,23150.0,100,Buy,235912480
2024-08-30 09:33:48,23100.0,500,Sell,235913718
2024-08-30 09:34:01,23150.0,2500,Buy,235914060
2024-08-30 09:34:21,23100.0,2000,Sell,235914596
2024-08-30 09:34:27,23150.0,10000,Buy,235914774
2024-08-30 09:34:47,23100.0,1000,Sell,235915148
2024-08-30 09:34:57,23100.0,400,Sell,235915374
2024-08-30 09:35:20,23100.0,500,Sell,235915926
2024-08-30 09:35:20,23100.0,1000,Sell,235915916
2024-08-30 09:35:31,23100.0,1000,Sell,235916136
2024-08-30 09:35:38,23150.0,100,Buy,235916290
2024-08-30 09:36:03,23150.0,1000,Buy,235916836
2024-08-30 09:36:59,23150.0,1000,Buy,235917962
2024-08-30 09:37:00,23150.0,2000,Buy,235917995
2024-08-30 09:37:00,23150.0,100,Buy,235917994
2024-08-30 09:37:00,23150.0,700,Buy,235917992
2024-08-30 09:37:00,23150.0,1300,Buy,235917991
2024-08-30 09:37:00,23150.0,2000,Buy,235917993
2024-08-30 09:37:08,23100.0,1000,Sell,235918095
2024-08-30 09:37:10,23100.0,1300,Sell,235918143
2024-08-30 09:37:10,23100.0,800,Sell,235918142
2024-08-30 09:37:10,23100.0,400,Sell,235918141
2024-08-30 09:37:10,23100.0,100,Sell,235918139
2024-08-30 09:37:10,23100.0,100,Sell,235918140
2024-08-30 09:37:10,23100.0,100,Sell,235918138
2024-08-30 09:37:10,23100.0,12000,Sell,235918133
2024-08-30 09:37:10,23100.0,7700,Sell,235918136
2024-08-30 09:37:10,23100.0,8400,Sell,235918137
2024-08-30 09:37:10,23100.0,12700,Sell,235918130
2024-08-30 09:37:10,23100.0,13400,Sell,235918131
2024-08-30 09:37:10,23100.0,30600,Sell,235918132
2024-08-30 09:37:10,23100.0,7400,Sell,235918134
2024-08-30 09:37:10,23100.0,5000,Sell,235918135
2024-08-30 09:37:15,23100.0,100,Sell,235918206
2024-08-30 09:37:15,23100.0,1000,Sell,235918207
2024-08-30 09:37:15,23100.0,4800,Sell,235918208
2024-08-30 09:37:15,23100.0,800,Sell,235918209
2024-08-30 09:37:15,23100.0,1000,Sell,235918210
2024-08-30 09:37:15,23100.0,3700,Sell,235918211
2024-08-30 09:37:37,23100.0,1600,Sell,235918650
2024-08-30 09:37:37,23100.0,800,Sell,235918651
2024-08-30 09:37:37,23100.0,5500,Sell,235918652
2024-08-30 09:37:37,23100.0,5000,Sell,235918653
2024-08-30 09:37:37,23100.0,500,Sell,235918657
2024-08-30 09:37:37,23100.0,1000,Sell,235918655
2024-08-30 09:37:37,23100.0,500,Sell,235918656
2024-08-30 09:37:37,23100.0,100,Sell,235918649
2024-08-30 09:37:37,23100.0,500,Sell,235918658
2024-08-30 09:37:37,23100.0,200,Sell,235918654
2024-08-30 09:37:37,23100.0,500,Sell,235918646
2024-08-30 09:37:37,23100.0,2900,Sell,235918645
2024-08-30 09:37:37,23100.0,1500,Sell,235918644
2024-08-30 09:37:37,23100.0,700,Sell,235918634
2024-08-30 09:37:37,23100.0,500,Sell,235918635
2024-08-30 09:37:37,23100.0,10000,Sell,235918637
2024-08-30 09:37:37,23100.0,200,Sell,235918638
2024-08-30 09:37:37,23100.0,1300,Sell,235918636
2024-08-30 09:37:37,23100.0,1000,Sell,235918640
2024-08-30 09:37:37,23100.0,1000,Sell,235918641
2024-08-30 09:37:37,23100.0,1100,Sell,235918642
2024-08-30 09:37:37,23100.0,800,Sell,235918643
2024-08-30 09:37:37,23100.0,100,Sell,235918639
2024-08-30 09:38:09,23050.0,300,Sell,235919209
2024-08-30 09:38:09,23050.0,100,Sell,235919218
2024-08-30 09:38:09,23050.0,1200,Sell,235919217
2024-08-30 09:38:09,23050.0,4400,Sell,235919216
2024-08-30 09:38:09,23050.0,600,Sell,235919211
2024-08-30 09:38:09,23050.0,24800,Sell,235919210
2024-08-30 09:38:09,23050.0,900,Sell,235919208
2024-08-30 09:38:09,23050.0,200,Sell,235919203
2024-08-30 09:38:09,23050.0,100,Sell,235919206
2024-08-30 09:38:09,23050.0,900,Sell,235919207
2024-08-30 09:38:09,23050.0,5000,Sell,235919200
2024-08-30 09:38:09,23050.0,300,Sell,235919202
2024-08-30 09:38:09,23050.0,100,Sell,235919201
2024-08-30 09:38:09,23050.0,1100,Sell,235919204
2024-08-30 09:38:09,23050.0,700,Sell,235919205
2024-08-30 09:38:18,23100.0,200,Buy,235919372
2024-08-30 09:39:15,23100.0,1000,Buy,235920542
2024-08-30 09:39:19,23100.0,500,Buy,235920597
2024-08-30 09:39:21,23100.0,100,Buy,235920629
2024-08-30 09:39:41,23100.0,2000,Buy,235920956
2024-08-30 09:40:01,23050.0,500,Sell,235921279
2024-08-30 09:40:10,23100.0,100,Buy,235921439
2024-08-30 09:40:37,23100.0,100,Buy,235921852
2024-08-30 09:41:01,23100.0,100,Buy,235922205
2024-08-30 09:41:02,23100.0,1000,Buy,235922219
2024-08-30 09:41:43,23100.0,500,Buy,235923006
2024-08-30 09:41:49,23050.0,5000,Sell,235923126
2024-08-30 09:41:49,23050.0,1200,Sell,235923127
2024-08-30 09:41:49,23050.0,13000,Sell,235923128
2024-08-30 09:41:49,23050.0,13400,Sell,235923129
2024-08-30 09:41:49,23050.0,47400,Sell,235923130
2024-08-30 09:41:50,23100.0,300,Buy,235923133
2024-08-30 09:42:09,23100.0,1000,Buy,235923661
2024-08-30 09:42:10,23050.0,63600,Sell,235923671
2024-08-30 09:42:10,23050.0,30600,Sell,235923672
2024-08-30 09:42:10,23050.0,5800,Sell,235923673
2024-08-30 09:42:13,23100.0,100,Buy,235923728
2024-08-30 09:42:22,23100.0,200,Buy,235923896
2024-08-30 09:42:27,23100.0,500,Buy,235924035
2024-08-30 09:42:50,23050.0,6200,Sell,235924473
2024-08-30 09:42:50,23050.0,2000,Sell,235924474
2024-08-30 09:43:13,23050.0,3000,Sell,235924902
2024-08-30 09:43:31,23050.0,10000,Sell,235925436
2024-08-30 09:43:31,23050.0,17900,Sell,235925440
2024-08-30 09:43:31,23050.0,100,Sell,235925439
2024-08-30 09:43:31,23050.0,2400,Sell,235925435
2024-08-30 09:43:31,23050.0,200,Sell,235925437
2024-08-30 09:43:31,23050.0,8400,Sell,235925438
2024-08-30 09:43:41,23050.0,300,Sell,235925603
2024-08-30 09:43:47,23050.0,1800,Sell,235925721
2024-08-30 09:43:47,23050.0,3200,Sell,235925722
2024-08-30 09:43:54,23050.0,200,Sell,235925901
2024-08-30 09:44:11,23050.0,100,Sell,235926250
2024-08-30 09:44:14,23100.0,4100,Buy,235926384
2024-08-30 09:44:14,23100.0,1000,Buy,235926385
2024-08-30 09:44:14,23100.0,500,Buy,235926387
2024-08-30 09:44:14,23100.0,3000,Buy,235926388
2024-08-30 09:44:14,23100.0,13600,Buy,235926389
2024-08-30 09:44:14,23100.0,1500,Buy,235926386
2024-08-30 09:44:17,23050.0,1000,Sell,235926534
2024-08-30 09:44:26,23050.0,200,Sell,235926762
2024-08-30 09:44:37,23050.0,200,Sell,235927066
2024-08-30 09:44:45,23050.0,2800,Sell,235927194
2024-08-30 09:44:52,23050.0,1000,Sell,235927370
2024-08-30 09:45:52,23050.0,100,Sell,235928792
2024-08-30 09:46:00,23050.0,500,Sell,235928951
2024-08-30 09:46:16,23050.0,500,Sell,235929304
2024-08-30 09:46:25,23050.0,100,Sell,235929523
2024-08-30 09:47:29,23050.0,400,Sell,235930997
2024-08-30 09:47:29,23050.0,800,Sell,235930996
2024-08-30 09:47:29,23050.0,4800,Sell,235930995
2024-08-30 09:47:29,23050.0,100,Sell,235930994
2024-08-30 09:47:29,23050.0,500,Sell,235930993
2024-08-30 09:47:29,23050.0,1700,Sell,235930992
2024-08-30 09:47:29,23050.0,2500,Sell,235930991
2024-08-30 09:47:29,23050.0,300,Sell,235930989
2024-08-30 09:47:29,23050.0,700,Sell,235930988
2024-08-30 09:47:29,23050.0,50000,Sell,235930987
2024-08-30 09:47:29,23050.0,300,Sell,235930986
2024-08-30 09:47:29,23050.0,100,Sell,235930985
2024-08-30 09:47:29,23050.0,700,Sell,235930990
2024-08-30 09:47:52,23050.0,300,Sell,235931515
2024-08-30 09:47:58,23100.0,100,Buy,235931662
2024-08-30 09:48:03,23050.0,100,Sell,235931824
2024-08-30 09:48:30,23050.0,900,Sell,235932489
2024-08-30 09:48:30,23050.0,100,Sell,235932488
2024-08-30 09:48:34,23100.0,200,Buy,235932580
2024-08-30 09:48:54,23050.0,300,Sell,235933051
2024-08-30 09:49:02,23050.0,100,Sell,235933181
2024-08-30 09:49:08,23050.0,100,Sell,235933376
2024-08-30 09:49:10,23050.0,100,Sell,235933408
2024-08-30 09:49:14,23050.0,300,Sell,235933656
2024-08-30 09:49:35,23050.0,300,Sell,235934143
2024-08-30 09:49:41,23050.0,200,Sell,235934393
2024-08-30 09:49:41,23050.0,1000,Sell,235934392
2024-08-30 09:49:41,23050.0,4400,Sell,235934390
2024-08-30 09:49:41,23050.0,1400,Sell,235934391
2024-08-30 09:49:42,23050.0,200,Sell,235934405
2024-08-30 09:49:44,23050.0,100,Sell,235934498
2024-08-30 09:49:44,23050.0,1000,Sell,235934499
2024-08-30 09:49:44,23050.0,3900,Sell,235934500
2024-08-30 09:49:49,23050.0,200,Sell,235934672
2024-08-30 09:49:55,23050.0,300,Sell,235934824
2024-08-30 09:50:10,23050.0,300,Sell,235935352
2024-08-30 09:50:15,23050.0,300,Sell,235935500
2024-08-30 09:50:30,23050.0,500,Sell,235935961
2024-08-30 09:50:32,23050.0,1200,Sell,235936126
2024-08-30 09:50:35,23050.0,300,Sell,235936198
2024-08-30 09:50:41,23050.0,900,Sell,235936372
2024-08-30 09:50:41,23050.0,300,Sell,235936373
2024-08-30 09:50:55,23050.0,300,Sell,235936738
2024-08-30 09:50:57,23050.0,500,Sell,235936780
2024-08-30 09:51:00,23050.0,400,Sell,235936891
2024-08-30 09:51:05,23050.0,100,Sell,235937086
2024-08-30 09:51:12,23050.0,10000,Sell,235937317
2024-08-30 09:51:15,23050.0,300,Sell,235937414
2024-08-30 09:51:16,23050.0,5000,Sell,235937439
2024-08-30 09:51:16,23050.0,400,Sell,235937434
2024-08-30 09:51:16,23050.0,100,Sell,235937438
2024-08-30 09:51:16,23050.0,500,Sell,235937437
2024-08-30 09:51:16,23050.0,700,Sell,235937436
2024-08-30 09:51:16,23050.0,300,Sell,235937435
2024-08-30 09:51:16,23050.0,4600,Sell,235937440
2024-08-30 09:51:16,23050.0,23700,Sell,235937433
2024-08-30 09:51:16,23050.0,500,Sell,235937426
2024-08-30 09:51:16,23050.0,800,Sell,235937431
2024-08-30 09:51:16,23050.0,900,Sell,235937432
2024-08-30 09:51:16,23050.0,11800,Sell,235937424
2024-08-30 09:51:16,23050.0,1700,Sell,235937427
2024-08-30 09:51:16,23050.0,1000,Sell,235937425
2024-08-30 09:51:16,23050.0,23700,Sell,235937428
2024-08-30 09:51:16,23050.0,3300,Sell,235937429
2024-08-30 09:51:16,23050.0,1000,Sell,235937430
2024-08-30 09:51:28,23050.0,400,Sell,235937850
2024-08-30 09:51:32,23050.0,600,Sell,235937959
2024-08-30 09:51:35,23050.0,300,Sell,235938078
2024-08-30 09:51:41,23050.0,1000,Sell,235938239
2024-08-30 09:51:43,23050.0,400,Sell,235938360
2024-08-30 09:51:56,23050.0,300,Sell,235938803
2024-08-30 09:51:56,23050.0,400,Sell,235938808
2024-08-30 09:52:08,23050.0,100,Sell,235939246
2024-08-30 09:52:12,23050.0,15600,Sell,235939382
2024-08-30 09:52:12,23050.0,9400,Sell,235939383
2024-08-30 09:52:16,23050.0,300,Sell,235939458
2024-08-30 09:52:21,23050.0,500,Sell,235939580
2024-08-30 09:52:24,23050.0,1000,Sell,235939674
2024-08-30 09:52:24,23050.0,400,Sell,235939671
2024-08-30 09:52:26,23050.0,12100,Sell,235939706
2024-08-30 09:52:26,23050.0,2800,Sell,235939707
2024-08-30 09:52:26,23050.0,700,Sell,235939708
2024-08-30 09:52:26,23050.0,5000,Sell,235939709
2024-08-30 09:52:26,23050.0,14400,Sell,235939710
2024-08-30 09:52:26,23050.0,3000,Sell,235939713
2024-08-30 09:52:29,23050.0,1000,Sell,235939777
2024-08-30 09:52:30,23050.0,1000,Sell,235939780
2024-08-30 09:52:36,23050.0,300,Sell,235939935
2024-08-30 09:52:41,23050.0,1000,Sell,235940067
2024-08-30 09:52:45,23050.0,200,Sell,235940183
2024-08-30 09:52:45,23050.0,500,Sell,235940188
2024-08-30 09:52:49,23050.0,100,Sell,235940278
2024-08-30 09:52:49,23050.0,2000,Sell,235940277
2024-08-30 09:52:49,23050.0,500,Sell,235940275
2024-08-30 09:52:49,23050.0,2300,Sell,235940274
2024-08-30 09:52:49,23050.0,100,Sell,235940276
2024-08-30 09:52:50,23100.0,100,Buy,235940305
2024-08-30 09:52:50,23100.0,3000,Buy,235940307
2024-08-30 09:52:50,23100.0,1000,Buy,235940308
2024-08-30 09:52:50,23100.0,500,Buy,235940309
2024-08-30 09:52:50,23100.0,100,Buy,235940310
2024-08-30 09:52:50,23100.0,400,Buy,235940311
2024-08-30 09:52:50,23100.0,39900,Buy,235940312
2024-08-30 09:52:53,23050.0,100,Sell,235940413
2024-08-30 09:52:53,23050.0,500,Sell,235940414
2024-08-30 09:52:53,23050.0,400,Sell,235940415
2024-08-30 09:52:56,23050.0,300,Sell,235940513
2024-08-30 09:52:58,23050.0,5100,Sell,235940563
2024-08-30 09:52:58,23050.0,800,Sell,235940562
2024-08-30 09:52:58,23050.0,800,Sell,235940560
2024-08-30 09:52:58,23050.0,1300,Sell,235940559
2024-08-30 09:52:58,23050.0,400,Sell,235940561
2024-08-30 09:53:06,23050.0,200,Sell,235940763
2024-08-30 09:53:09,23050.0,4700,Sell,235940804
2024-08-30 09:53:09,23050.0,300,Sell,235940805
2024-08-30 09:53:13,23050.0,400,Sell,235940966
2024-08-30 09:53:16,23050.0,300,Sell,235941046
2024-08-30 09:53:25,23050.0,1000,Sell,235941262
2024-08-30 09:53:32,23050.0,200,Sell,235941377
2024-08-30 09:53:34,23050.0,300,Sell,235941432
2024-08-30 09:53:37,23050.0,300,Sell,235941544
2024-08-30 09:53:41,23050.0,500,Sell,235941715
2024-08-30 09:53:42,23050.0,800,Sell,235941743
2024-08-30 09:53:42,23050.0,1000,Sell,235941744
2024-08-30 09:53:42,23050.0,600,Sell,235941745
2024-08-30 09:53:42,23050.0,600,Sell,235941746
2024-08-30 09:53:43,23050.0,100,Sell,235941767
2024-08-30 09:53:43,23050.0,500,Sell,235941766
2024-08-30 09:53:43,23050.0,400,Sell,235941765
2024-08-30 09:53:45,23050.0,2000,Sell,235941837
2024-08-30 09:53:46,23050.0,100,Sell,235941853
2024-08-30 09:53:46,23050.0,100,Sell,235941870
2024-08-30 09:53:46,23050.0,2900,Sell,235941852
2024-08-30 09:53:46,23050.0,100,Sell,235941869
2024-08-30 09:53:56,23000.0,300,Sell,235942116
2024-08-30 09:53:57,23000.0,1000,Sell,235942133
2024-08-30 09:54:10,23000.0,400,Sell,235942401
2024-08-30 09:54:17,23000.0,300,Sell,235942523
2024-08-30 09:54:26,23000.0,2500,Sell,235942699
2024-08-30 09:54:37,23000.0,300,Sell,235942926
2024-08-30 09:54:38,23000.0,500,Sell,235942967
2024-08-30 09:54:57,23000.0,300,Sell,235943340
2024-08-30 09:55:03,23050.0,1000,Buy,235943487
2024-08-30 09:55:06,23000.0,400,Sell,235943548
2024-08-30 09:55:06,23000.0,1500,Sell,235943535
2024-08-30 09:55:17,23000.0,300,Sell,235943797
2024-08-30 09:55:19,23000.0,8200,Sell,235943841
2024-08-30 09:55:19,23000.0,8400,Sell,235943840
2024-08-30 09:55:19,23000.0,1000,Sell,235943839
2024-08-30 09:55:19,23000.0,5000,Sell,235943838
2024-08-30 09:55:19,23000.0,200,Sell,235943837
2024-08-30 09:55:19,23000.0,200,Sell,235943836
2024-08-30 09:55:19,23000.0,100,Sell,235943835
2024-08-30 09:55:19,23000.0,100,Sell,235943834
2024-08-30 09:55:19,23000.0,100,Sell,235943833
2024-08-30 09:55:19,23000.0,100,Sell,235943827
2024-08-30 09:55:19,23000.0,200,Sell,235943831
2024-08-30 09:55:19,23000.0,100,Sell,235943830
2024-08-30 09:55:19,23000.0,500,Sell,235943829
2024-08-30 09:55:19,23000.0,100,Sell,235943828
2024-08-30 09:55:19,23000.0,500,Sell,235943825
2024-08-30 09:55:19,23000.0,1000,Sell,235943824
2024-08-30 09:55:19,23000.0,33800,Sell,235943823
2024-08-30 09:55:19,23000.0,400,Sell,235943832
2024-08-30 09:55:19,23000.0,20000,Sell,235943826
2024-08-30 09:55:31,23000.0,300,Sell,235944151
2024-08-30 09:55:34,23000.0,500,Sell,235944204
2024-08-30 09:55:35,23050.0,7600,Buy,235944209
2024-08-30 09:55:37,23000.0,300,Sell,235944265
2024-08-30 09:55:56,23000.0,100,Sell,235944622
2024-08-30 09:55:58,23000.0,300,Sell,235944675
2024-08-30 09:56:03,23000.0,400,Sell,235944777
2024-08-30 09:56:18,23000.0,300,Sell,235945043
2024-08-30 09:56:30,23000.0,1100,Sell,235945434
2024-08-30 09:56:30,23000.0,500,Sell,235945449
2024-08-30 09:56:38,23000.0,300,Sell,235945559
2024-08-30 09:56:58,23000.0,300,Sell,235945913
2024-08-30 09:56:58,23000.0,400,Sell,235945916
2024-08-30 09:57:08,23050.0,100,Buy,235946082
2024-08-30 09:57:18,23000.0,70000,Sell,235946282
2024-08-30 09:57:18,23000.0,300,Sell,235946283
2024-08-30 09:57:26,23000.0,500,Sell,235946452
2024-08-30 09:57:38,23000.0,300,Sell,235946658
2024-08-30 09:57:54,23000.0,400,Sell,235946981
2024-08-30 09:57:58,23000.0,300,Sell,235947087
2024-08-30 09:58:19,23000.0,300,Sell,235947423
2024-08-30 09:58:22,23000.0,4100,Sell,235947454
2024-08-30 09:58:22,23000.0,25900,Sell,235947453
2024-08-30 09:58:23,23000.0,500,Sell,235947507
2024-08-30 09:58:30,23000.0,1100,Sell,235947624
2024-08-30 09:58:31,23000.0,500,Sell,235947633
2024-08-30 09:58:39,23000.0,300,Sell,235947852
2024-08-30 09:58:51,23000.0,400,Sell,235948054
2024-08-30 09:58:57,23050.0,100,Buy,235948122
2024-08-30 09:58:59,23000.0,300,Sell,235948176
2024-08-30 09:59:05,23000.0,100,Sell,235948291
2024-08-30 09:59:19,23000.0,300,Sell,235948557
2024-08-30 09:59:20,23000.0,500,Sell,235948561
2024-08-30 09:59:24,23000.0,300,Sell,235948649
2024-08-30 09:59:39,23000.0,300,Sell,235948948
2024-08-30 09:59:47,23000.0,400,Sell,235949102
2024-08-30 10:00:00,23000.0,300,Sell,235949305
2024-08-30 10:00:15,23000.0,500,Sell,235949692
2024-08-30 10:00:17,23000.0,200,Sell,235949707
2024-08-30 10:00:20,23000.0,300,Sell,235949780
2024-08-30 10:00:34,23000.0,800,Sell,235950170
2024-08-30 10:00:38,23000.0,1000,Sell,235950212
2024-08-30 10:00:40,23000.0,300,Sell,235950247
2024-08-30 10:00:43,23000.0,400,Sell,235950328
2024-08-30 10:00:53,23050.0,100,Buy,235950494
2024-08-30 10:01:00,23000.0,300,Sell,235950604
2024-08-30 10:01:11,23000.0,300,Sell,235950798
2024-08-30 10:01:11,23000.0,200,Sell,235950797
2024-08-30 10:01:20,23000.0,300,Sell,235950943
2024-08-30 10:01:36,23000.0,3000,Sell,235951280
2024-08-30 10:01:40,23000.0,400,Sell,235951367
2024-08-30 10:01:40,23000.0,300,Sell,235951374
2024-08-30 10:01:47,23000.0,400,Sell,235951565
2024-08-30 10:02:00,23000.0,300,Sell,235951857
2024-08-30 10:02:08,23000.0,500,Sell,235952082
2024-08-30 10:02:21,23000.0,300,Sell,235952358
2024-08-30 10:02:28,23050.0,300,Buy,235952462
2024-08-30 10:02:41,23000.0,300,Sell,235952783
2024-08-30 10:02:59,23000.0,200,Sell,235953106
2024-08-30 10:03:01,23000.0,300,Sell,235953168
2024-08-30 10:03:04,23000.0,500,Sell,235953224
2024-08-30 10:03:21,23000.0,300,Sell,235953501
2024-08-30 10:03:25,23000.0,200,Sell,235953577
2024-08-30 10:03:31,23000.0,100,Sell,235953704
2024-08-30 10:03:33,23000.0,400,Sell,235953734
2024-08-30 10:03:41,23000.0,300,Sell,235953971
2024-08-30 10:03:54,23000.0,4600,Sell,235954260
2024-08-30 10:03:54,23000.0,200,Sell,235954261
2024-08-30 10:03:54,23000.0,1800,Sell,235954262
2024-08-30 10:03:55,23000.0,1000,Sell,235954266
2024-08-30 10:04:01,23000.0,500,Sell,235954334
2024-08-30 10:04:02,23000.0,300,Sell,235954358
2024-08-30 10:04:15,23000.0,100,Sell,235954607
2024-08-30 10:04:21,23000.0,300,Sell,235954708
2024-08-30 10:04:28,23000.0,400,Sell,235954823
2024-08-30 10:04:39,23000.0,1000,Sell,235954999
2024-08-30 10:04:40,23000.0,1100,Sell,235955069
2024-08-30 10:04:42,23000.0,300,Sell,235955178
2024-08-30 10:04:56,23050.0,25600,Buy,235955486
2024-08-30 10:04:56,23050.0,24400,Buy,235955487
2024-08-30 10:05:02,23000.0,300,Sell,235955569
2024-08-30 10:05:10,23050.0,300,Buy,235955725
2024-08-30 10:05:15,23000.0,1100,Sell,235955806
2024-08-30 10:05:22,23000.0,300,Sell,235955887
2024-08-30 10:05:24,23000.0,400,Sell,235955934
2024-08-30 10:05:24,23050.0,100,Buy,235955919
2024-08-30 10:05:42,23000.0,300,Sell,235956293
2024-08-30 10:05:43,23000.0,600,Sell,235956302
2024-08-30 10:05:53,23000.0,500,Sell,235956503
2024-08-30 10:06:03,23000.0,300,Sell,235956661
2024-08-30 10:06:21,23000.0,400,Sell,235956987
2024-08-30 10:06:23,23000.0,300,Sell,235957018
2024-08-30 10:06:30,23000.0,1000,Sell,235957132
2024-08-30 10:06:36,23000.0,2000,Sell,235957197
2024-08-30 10:06:39,23000.0,100,Sell,235957246
2024-08-30 10:06:43,23000.0,300,Sell,235957303
2024-08-30 10:06:50,23000.0,500,Sell,235957415
2024-08-30 10:07:03,23000.0,300,Sell,235957730
2024-08-30 10:07:10,23000.0,300,Sell,235957851
2024-08-30 10:07:13,23000.0,100,Sell,235957880
2024-08-30 10:07:17,23000.0,400,Sell,235957979
2024-08-30 10:07:23,23000.0,300,Sell,235958074
2024-08-30 10:07:43,23000.0,300,Sell,235958408
2024-08-30 10:07:45,23000.0,500,Sell,235958430
2024-08-30 10:08:03,23000.0,300,Sell,235958721
2024-08-30 10:08:13,23000.0,400,Sell,235958842
2024-08-30 10:08:23,23000.0,1000,Sell,235959010
2024-08-30 10:08:26,23000.0,300,Sell,235959066
2024-08-30 10:08:33,23000.0,2000,Sell,235959122
2024-08-30 10:08:41,23000.0,500,Sell,235959273
2024-08-30 10:08:44,23000.0,300,Sell,235959347
2024-08-30 10:08:45,23000.0,2000,Sell,235959354
2024-08-30 10:09:03,23000.0,100,Sell,235959665
2024-08-30 10:09:04,23000.0,300,Sell,235959673
2024-08-30 10:09:10,23000.0,400,Sell,235959737
2024-08-30 10:09:11,23050.0,1200,Buy,235959774
2024-08-30 10:09:24,23000.0,300,Sell,235959961
2024-08-30 10:09:29,23050.0,7000,Buy,235960017
2024-08-30 10:09:41,23050.0,4000,Buy,235960202
2024-08-30 10:09:44,23000.0,300,Sell,235960283
2024-08-30 10:10:05,23000.0,300,Sell,235960560
2024-08-30 10:10:06,23000.0,400,Sell,235960586
2024-08-30 10:10:25,23000.0,300,Sell,235960897
2024-08-30 10:10:27,23000.0,2000,Sell,235960923
2024-08-30 10:10:32,23050.0,200,Buy,235960988
2024-08-30 10:10:33,23000.0,500,Sell,235961044
2024-08-30 10:10:34,23000.0,500,Sell,235961064
2024-08-30 10:10:42,23050.0,500,Buy,235961174
2024-08-30 10:10:45,23000.0,300,Sell,235961224
2024-08-30 10:10:48,23050.0,900,Buy,235961245
2024-08-30 10:10:48,23050.0,1000,Buy,235961270
2024-08-30 10:10:48,23050.0,2000,Buy,235961271
2024-08-30 10:10:48,23050.0,1000,Buy,235961272
2024-08-30 10:10:48,23050.0,5000,Buy,235961273
2024-08-30 10:10:48,23050.0,500,Buy,235961274
2024-08-30 10:10:48,23050.0,2000,Buy,235961275
2024-08-30 10:10:48,23050.0,10000,Buy,235961276
2024-08-30 10:10:48,23050.0,1000,Buy,235961277
2024-08-30 10:10:48,23050.0,100,Buy,235961278
2024-08-30 10:10:48,23050.0,200,Buy,235961279
2024-08-30 10:10:48,23050.0,1000,Buy,235961280
2024-08-30 10:10:48,23050.0,2000,Buy,235961281
2024-08-30 10:10:48,23050.0,100,Buy,235961282
2024-08-30 10:10:48,23050.0,12300,Buy,235961244
2024-08-30 10:10:48,23050.0,500,Buy,235961285
2024-08-30 10:10:48,23050.0,200,Buy,235961286
2024-08-30 10:10:48,23050.0,500,Buy,235961287
2024-08-30 10:10:48,23050.0,100,Buy,235961266
2024-08-30 10:10:48,23050.0,4700,Buy,235961265
2024-08-30 10:10:48,23050.0,300,Buy,235961284
2024-08-30 10:10:48,23050.0,100,Buy,235961263
2024-08-30 10:10:48,23050.0,400,Buy,235961264
2024-08-30 10:10:48,23050.0,10000,Buy,235961246
2024-08-30 10:10:48,23050.0,100,Buy,235961247
2024-08-30 10:10:48,23050.0,10000,Buy,235961248
2024-08-30 10:10:48,23050.0,5000,Buy,235961249
2024-08-30 10:10:48,23050.0,100,Buy,235961250
2024-08-30 10:10:48,23050.0,100,Buy,235961251
2024-08-30 10:10:48,23050.0,2000,Buy,235961252
2024-08-30 10:10:48,23050.0,3000,Buy,235961253
2024-08-30 10:10:48,23050.0,100,Buy,235961283
2024-08-30 10:10:48,23050.0,400,Buy,235961255
2024-08-30 10:10:48,23050.0,6500,Buy,235961256
2024-08-30 10:10:48,23050.0,100,Buy,235961257
2024-08-30 10:10:48,23050.0,2000,Buy,235961254
2024-08-30 10:10:48,23050.0,1000,Buy,235961258
2024-08-30 10:10:48,23050.0,2000,Buy,235961259
2024-08-30 10:10:48,23050.0,100,Buy,235961260
2024-08-30 10:10:48,23050.0,200,Buy,235961261
2024-08-30 10:10:48,23050.0,2000,Buy,235961262
2024-08-30 10:10:58,23050.0,100,Sell,235961438
2024-08-30 10:11:02,23050.0,400,Sell,235961505
2024-08-30 10:11:06,23050.0,300,Sell,235961531
2024-08-30 10:11:20,23050.0,1000,Sell,235961764
2024-08-30 10:11:26,23050.0,300,Sell,235961824
2024-08-30 10:11:30,23050.0,500,Sell,235961894
2024-08-30 10:11:36,23050.0,100,Sell,235961978
2024-08-30 10:11:46,23050.0,300,Sell,235962117
2024-08-30 10:11:58,23050.0,400,Sell,235962340
2024-08-30 10:12:06,23050.0,300,Sell,235962422
2024-08-30 10:12:14,23050.0,100,Sell,235962586
2024-08-30 10:12:16,23050.0,1000,Sell,235962633
2024-08-30 10:12:26,23050.0,300,Sell,235962837
2024-08-30 10:12:26,23050.0,500,Sell,235962848
2024-08-30 10:12:33,23050.0,100,Sell,235962968
2024-08-30 10:12:37,23100.0,10100,Buy,235963048
2024-08-30 10:12:37,23100.0,3300,Buy,235963049
2024-08-30 10:12:38,23100.0,500,Buy,235963088
2024-08-30 10:12:38,23100.0,800,Buy,235963087
2024-08-30 10:12:38,23100.0,300,Buy,235963086
2024-08-30 10:12:38,23100.0,6000,Buy,235963085
2024-08-30 10:12:38,23100.0,100,Buy,235963084
2024-08-30 10:12:38,23100.0,1000,Buy,235963083
2024-08-30 10:12:38,23100.0,100,Buy,235963081
2024-08-30 10:12:38,23100.0,5000,Buy,235963080
2024-08-30 10:12:38,23100.0,10000,Buy,235963079
2024-08-30 10:12:38,23100.0,200,Buy,235963077
2024-08-30 10:12:38,23100.0,1000,Buy,235963076
2024-08-30 10:12:38,23100.0,4100,Buy,235963075
2024-08-30 10:12:38,23100.0,500,Buy,235963082
2024-08-30 10:12:38,23100.0,1000,Buy,235963078
2024-08-30 10:12:47,23050.0,300,Sell,235963217
2024-08-30 10:12:48,23100.0,10800,Buy,235963231
2024-08-30 10:12:48,23100.0,2200,Buy,235963230
2024-08-30 10:12:56,23100.0,700,Buy,235963385
2024-08-30 10:12:56,23100.0,600,Buy,235963384
2024-08-30 10:12:56,23100.0,5000,Buy,235963383
2024-08-30 10:12:56,23100.0,400,Buy,235963382
2024-08-30 10:12:56,23100.0,500,Buy,235963381
2024-08-30 10:12:56,23100.0,200,Buy,235963380
2024-08-30 10:12:56,23100.0,1500,Buy,235963379
2024-08-30 10:12:56,23100.0,600,Buy,235963378
2024-08-30 10:12:56,23100.0,200,Buy,235963377
2024-08-30 10:12:56,23100.0,200,Buy,235963376
2024-08-30 10:12:56,23100.0,200,Buy,235963375
2024-08-30 10:12:56,23100.0,39200,Buy,235963362
2024-08-30 10:12:56,23100.0,3000,Buy,235963373
2024-08-30 10:12:56,23100.0,200,Buy,235963372
2024-08-30 10:12:56,23100.0,200,Buy,235963371
2024-08-30 10:12:56,23100.0,2000,Buy,235963370
2024-08-30 10:12:56,23100.0,200,Buy,235963369
2024-08-30 10:12:56,23100.0,2000,Buy,235963368
2024-08-30 10:12:56,23100.0,200,Buy,235963367
2024-08-30 10:12:56,23100.0,100,Buy,235963366
2024-08-30 10:12:56,23100.0,2000,Buy,235963365
2024-08-30 10:12:56,23100.0,1000,Buy,235963364
2024-08-30 10:12:56,23100.0,5000,Buy,235963363
2024-08-30 10:12:56,23100.0,2000,Buy,235963374
2024-08-30 10:12:57,23100.0,300,Buy,235963403
2024-08-30 10:12:57,23100.0,500,Buy,235963407
2024-08-30 10:12:57,23100.0,11200,Buy,235963408
2024-08-30 10:13:07,23100.0,1500,Buy,235963553
2024-08-30 10:13:07,23100.0,100,Buy,235963552
2024-08-30 10:13:07,23100.0,800,Buy,235963550
2024-08-30 10:13:07,23050.0,300,Sell,235963540
2024-08-30 10:13:07,23100.0,5000,Buy,235963551
2024-08-30 10:13:13,23050.0,1000,Sell,235963633
2024-08-30 10:13:23,23050.0,500,Sell,235963807
2024-08-30 10:13:27,23050.0,300,Sell,235963869
2024-08-30 10:13:46,23100.0,100,Buy,235964236
2024-08-30 10:13:46,23100.0,200,Buy,235964237
2024-08-30 10:13:46,23100.0,3000,Buy,235964238
2024-08-30 10:13:46,23100.0,400,Buy,235964239
2024-08-30 10:13:46,23100.0,1000,Buy,235964240
2024-08-30 10:13:46,23100.0,1700,Buy,235964243
2024-08-30 10:13:46,23100.0,500,Buy,235964242
2024-08-30 10:13:46,23100.0,1000,Buy,235964244
2024-08-30 10:13:46,23100.0,30000,Buy,235964245
2024-08-30 10:13:46,23100.0,36800,Buy,235964246
2024-08-30 10:13:46,23100.0,900,Buy,235964241
2024-08-30 10:13:46,23100.0,3500,Buy,235964235
2024-08-30 10:13:46,23100.0,2000,Buy,235964232
2024-08-30 10:13:46,23100.0,1000,Buy,235964233
2024-08-30 10:13:46,23100.0,1000,Buy,235964234
2024-08-30 10:13:46,23100.0,1500,Buy,235964220
2024-08-30 10:13:46,23100.0,3300,Buy,235964221
2024-08-30 10:13:46,23100.0,200,Buy,235964222
2024-08-30 10:13:46,23100.0,100,Buy,235964224
2024-08-30 10:13:46,23100.0,500,Buy,235964223
2024-08-30 10:13:46,23100.0,10000,Buy,235964226
2024-08-30 10:13:46,23100.0,500,Buy,235964227
2024-08-30 10:13:46,23100.0,10000,Buy,235964228
2024-08-30 10:13:46,23100.0,1000,Buy,235964231
2024-08-30 10:13:46,23100.0,800,Buy,235964225
2024-08-30 10:13:47,23050.0,300,Sell,235964256
2024-08-30 10:13:51,23050.0,400,Sell,235964320
2024-08-30 10:13:52,23100.0,8400,Buy,235964341
2024-08-30 10:14:07,23050.0,300,Sell,235964625
2024-08-30 10:14:12,23100.0,400,Buy,235964753
2024-08-30 10:14:15,23100.0,2000,Buy,235964783
2024-08-30 10:14:16,23050.0,300,Sell,235964800
2024-08-30 10:14:16,23050.0,400,Sell,235964801
2024-08-30 10:14:19,23050.0,500,Sell,235964848
2024-08-30 10:14:20,23100.0,1000,Buy,235964858
2024-08-30 10:14:27,23050.0,300,Sell,235964984
2024-08-30 10:14:34,23100.0,500,Buy,235965085
2024-08-30 10:14:43,23050.0,700,Sell,235965206
2024-08-30 10:14:47,23050.0,400,Sell,235965266
2024-08-30 10:14:48,23050.0,300,Sell,235965271
2024-08-30 10:14:56,23100.0,500,Buy,235965353
2024-08-30 10:15:08,23050.0,300,Sell,235965474
2024-08-30 10:15:15,23050.0,500,Sell,235965573
2024-08-30 10:15:28,23100.0,100,Buy,235965774
2024-08-30 10:15:28,23100.0,400,Buy,235965773
2024-08-30 10:15:28,23050.0,300,Sell,235965780
2024-08-30 10:15:43,23050.0,500,Sell,235966107
2024-08-30 10:15:48,23050.0,23700,Sell,235966180
2024-08-30 10:15:48,23050.0,300,Sell,235966196
2024-08-30 10:15:48,23050.0,6600,Sell,235966186
2024-08-30 10:15:48,23050.0,13000,Sell,235966185
2024-08-30 10:15:48,23050.0,4300,Sell,235966179
2024-08-30 10:15:48,23050.0,30600,Sell,235966183
2024-08-30 10:15:48,23050.0,1000,Sell,235966182
2024-08-30 10:15:48,23050.0,3400,Sell,235966181
2024-08-30 10:15:48,23050.0,13400,Sell,235966184
2024-08-30 10:16:07,23050.0,5100,Sell,235966457
2024-08-30 10:16:07,23050.0,7400,Sell,235966458
2024-08-30 10:16:07,23050.0,7500,Sell,235966459
2024-08-30 10:16:08,23050.0,300,Sell,235966483
2024-08-30 10:16:11,23050.0,400,Sell,235966525
2024-08-30 10:16:19,23050.0,800,Sell,235966629
2024-08-30 10:16:29,23050.0,300,Sell,235966785
2024-08-30 10:16:30,23050.0,500,Sell,235966792
2024-08-30 10:16:40,23050.0,500,Sell,235966932
2024-08-30 10:16:49,23050.0,300,Sell,235967089
2024-08-30 10:16:53,23100.0,100,Buy,235967150
2024-08-30 10:17:10,23050.0,300,Sell,235967390
2024-08-30 10:17:29,23050.0,300,Sell,235967695
2024-08-30 10:17:36,23050.0,500,Sell,235967826
2024-08-30 10:17:36,23100.0,200,Buy,235967822
2024-08-30 10:17:49,23050.0,300,Sell,235968040
2024-08-30 10:17:58,23050.0,5000,Sell,235968168
2024-08-30 10:18:05,23050.0,400,Sell,235968244
2024-08-30 10:18:05,23050.0,100,Sell,235968246
2024-08-30 10:18:07,23100.0,300,Buy,235968266
2024-08-30 10:18:09,23050.0,300,Sell,235968322
2024-08-30 10:18:21,23100.0,400,Buy,235968417
2024-08-30 10:18:21,23100.0,500,Buy,235968418
2024-08-30 10:18:30,23050.0,300,Sell,235968535
2024-08-30 10:18:32,23050.0,500,Sell,235968578
2024-08-30 10:18:50,23050.0,300,Sell,235968884
2024-08-30 10:18:56,23050.0,2100,Sell,235969068
2024-08-30 10:19:00,23050.0,400,Sell,235969127
2024-08-30 10:19:08,23050.0,200,Sell,235969225
2024-08-30 10:19:10,23050.0,300,Sell,235969267
2024-08-30 10:19:13,23050.0,200,Sell,235969342
2024-08-30 10:19:28,23050.0,100,Sell,235969516
2024-08-30 10:19:28,23050.0,500,Sell,235969519
2024-08-30 10:19:30,23050.0,300,Sell,235969546
2024-08-30 10:19:33,23050.0,200,Sell,235969583
2024-08-30 10:19:41,23050.0,10000,Sell,235969655
2024-08-30 10:19:52,23050.0,300,Sell,235969822
2024-08-30 10:19:56,23050.0,400,Sell,235969881
2024-08-30 10:20:11,23050.0,300,Sell,235970085
2024-08-30 10:20:24,23050.0,500,Sell,235970245
2024-08-30 10:20:27,23050.0,2000,Sell,235970280
2024-08-30 10:20:31,23050.0,300,Sell,235970346
2024-08-30 10:20:34,23050.0,2600,Sell,235970369
2024-08-30 10:20:34,23050.0,500,Sell,235970370
2024-08-30 10:20:51,23050.0,300,Sell,235970767
2024-08-30 10:20:53,23050.0,400,Sell,235970801
2024-08-30 10:20:53,23050.0,5000,Sell,235970798
2024-08-30 10:21:10,23050.0,1000,Sell,235971071
2024-08-30 10:21:11,23050.0,300,Sell,235971078
2024-08-30 10:21:12,23050.0,2000,Sell,235971091
2024-08-30 10:21:18,23050.0,400,Sell,235971223
2024-08-30 10:21:21,23050.0,500,Sell,235971263
2024-08-30 10:21:27,23050.0,100,Sell,235971323
2024-08-30 10:21:32,23050.0,300,Sell,235971407
2024-08-30 10:21:38,23050.0,300,Sell,235971480
2024-08-30 10:21:39,23100.0,200,Buy,235971547
2024-08-30 10:21:52,23050.0,300,Sell,235971690
2024-08-30 10:22:12,23050.0,300,Sell,235972027
2024-08-30 10:22:17,23050.0,500,Sell,235972101
2024-08-30 10:22:32,23050.0,300,Sell,235972271
2024-08-30 10:22:46,23050.0,400,Sell,235972397
2024-08-30 10:22:52,23050.0,300,Sell,235972498
2024-08-30 10:22:59,23050.0,200,Sell,235972566
2024-08-30 10:23:12,23050.0,300,Sell,235972838
2024-08-30 10:23:12,23050.0,1300,Sell,235972837
2024-08-30 10:23:13,23050.0,500,Sell,235972853
2024-08-30 10:23:26,23050.0,3500,Sell,235973038
2024-08-30 10:23:33,23050.0,300,Sell,235973134
2024-08-30 10:23:34,23050.0,200,Sell,235973194
2024-08-30 10:23:41,23050.0,400,Sell,235973318
2024-08-30 10:23:53,23050.0,1000,Sell,235973493
2024-08-30 10:23:53,23050.0,300,Sell,235973479
2024-08-30 10:24:09,23050.0,500,Sell,235973733
2024-08-30 10:24:13,23050.0,300,Sell,235973780
2024-08-30 10:24:33,23050.0,300,Sell,235974007
2024-08-30 10:24:38,23050.0,400,Sell,235974086
2024-08-30 10:24:44,23050.0,1000,Sell,235974167
2024-08-30 10:24:45,23050.0,1000,Sell,235974173
2024-08-30 10:24:53,23050.0,300,Sell,235974321
2024-08-30 10:25:00,23050.0,100,Sell,235974412
2024-08-30 10:25:07,23050.0,500,Sell,235974475
2024-08-30 10:25:12,23050.0,1800,Sell,235974522
2024-08-30 10:25:14,23050.0,300,Sell,235974540
2024-08-30 10:25:16,23050.0,100,Sell,235974555
2024-08-30 10:25:18,23050.0,100,Sell,235974622
2024-08-30 10:25:34,23050.0,400,Sell,235974846
2024-08-30 10:25:34,23050.0,300,Sell,235974834
2024-08-30 10:25:38,23050.0,100,Sell,235974874
2024-08-30 10:25:54,23100.0,1000,Buy,235975130
2024-08-30 10:25:54,23050.0,300,Sell,235975135
2024-08-30 10:25:54,23100.0,1100,Buy,235975134
2024-08-30 10:25:54,23100.0,300,Buy,235975129
2024-08-30 10:25:54,23100.0,3000,Buy,235975132
2024-08-30 10:25:54,23100.0,2000,Buy,235975131
2024-08-30 10:25:54,23100.0,500,Buy,235975133
2024-08-30 10:26:02,23050.0,500,Sell,235975369
2024-08-30 10:26:14,23050.0,300,Sell,235975507
2024-08-30 10:26:18,23050.0,200,Sell,235975562
2024-08-30 10:26:20,23100.0,1300,Buy,235975629
2024-08-30 10:26:20,23100.0,1900,Buy,235975623
2024-08-30 10:26:20,23100.0,100,Buy,235975624
2024-08-30 10:26:20,23100.0,500,Buy,235975625
2024-08-30 10:26:20,23100.0,2000,Buy,235975626
2024-08-30 10:26:20,23100.0,2000,Buy,235975627
2024-08-30 10:26:20,23100.0,100,Buy,235975628
2024-08-30 10:26:29,23100.0,23700,Buy,235975777
2024-08-30 10:26:34,23050.0,300,Sell,235975908
2024-08-30 10:26:45,23100.0,7900,Buy,235976104
2024-08-30 10:26:54,23050.0,300,Sell,235976250
2024-08-30 10:27:01,23050.0,500,Sell,235976317
2024-08-30 10:27:15,23050.0,300,Sell,235976478
2024-08-30 10:27:26,23050.0,400,Sell,235976655
2024-08-30 10:27:35,23050.0,300,Sell,235976789
2024-08-30 10:27:51,23050.0,100,Sell,235976976
2024-08-30 10:27:54,23050.0,500,Sell,235977000
2024-08-30 10:27:55,23050.0,300,Sell,235977021
2024-08-30 10:28:15,23050.0,300,Sell,235977302
2024-08-30 10:28:23,23050.0,400,Sell,235977366
2024-08-30 10:28:36,23050.0,300,Sell,235977525
2024-08-30 10:28:51,23050.0,500,Sell,235977740
2024-08-30 10:28:55,23050.0,2800,Sell,235977780
2024-08-30 10:28:55,23050.0,100,Sell,235977779
2024-08-30 10:28:55,23050.0,100,Sell,235977776
2024-08-30 10:28:55,23050.0,500,Sell,235977778
2024-08-30 10:28:55,23050.0,1000,Sell,235977777
2024-08-30 10:28:55,23050.0,500,Sell,235977774
2024-08-30 10:28:55,23050.0,8400,Sell,235977773
2024-08-30 10:28:55,23050.0,36900,Sell,235977772
2024-08-30 10:28:55,23050.0,700,Sell,235977775
2024-08-30 10:28:56,23050.0,300,Sell,235977785
2024-08-30 10:29:16,23050.0,300,Sell,235978052
2024-08-30 10:29:19,23050.0,200,Sell,235978098
2024-08-30 10:29:19,23050.0,200,Sell,235978099
2024-08-30 10:29:36,23050.0,100,Sell,235978428
2024-08-30 10:29:36,23050.0,200,Sell,235978427
2024-08-30 10:29:47,23050.0,500,Sell,235978565
2024-08-30 10:29:56,23050.0,300,Sell,235978681
2024-08-30 10:30:15,23050.0,400,Sell,235979031
2024-08-30 10:30:16,23050.0,300,Sell,235979042
2024-08-30 10:30:37,23050.0,200,Sell,235979303
2024-08-30 10:30:37,23050.0,100,Sell,235979304
2024-08-30 10:30:40,23050.0,900,Sell,235979330
2024-08-30 10:30:40,23050.0,100,Sell,235979331
2024-08-30 10:30:43,23050.0,100,Sell,235979395
2024-08-30 10:30:43,23050.0,400,Sell,235979394
2024-08-30 10:30:57,23050.0,300,Sell,235979601
2024-08-30 10:31:07,23100.0,100,Buy,235979752
2024-08-30 10:31:17,23050.0,300,Sell,235979935
2024-08-30 10:31:33,23050.0,100,Sell,235980238
2024-08-30 10:31:37,23050.0,200,Sell,235980274
2024-08-30 10:31:37,23050.0,100,Sell,235980275
2024-08-30 10:31:40,23050.0,500,Sell,235980342
2024-08-30 10:31:52,23050.0,3000,Sell,235980559
2024-08-30 10:31:52,23050.0,5000,Sell,235980558
2024-08-30 10:31:57,23050.0,300,Sell,235980726
2024-08-30 10:32:02,23050.0,100,Sell,235980810
2024-08-30 10:32:08,23050.0,400,Sell,235980915
2024-08-30 10:32:18,23050.0,300,Sell,235981090
2024-08-30 10:32:35,23050.0,5000,Sell,235981368
2024-08-30 10:32:36,23050.0,500,Sell,235981447
2024-08-30 10:32:38,23050.0,300,Sell,235981460
2024-08-30 10:32:58,23050.0,300,Sell,235981834
2024-08-30 10:33:04,23050.0,100,Sell,235981954
2024-08-30 10:33:04,23050.0,400,Sell,235981964
2024-08-30 10:33:18,23050.0,300,Sell,235982173
2024-08-30 10:33:32,23050.0,500,Sell,235982504
2024-08-30 10:33:38,23050.0,300,Sell,235982585
2024-08-30 10:33:52,23050.0,2000,Sell,235982833
2024-08-30 10:33:58,23050.0,300,Sell,235982929
2024-08-30 10:34:00,23050.0,400,Sell,235982973
2024-08-30 10:34:01,23050.0,500,Sell,235982982
2024-08-30 10:34:01,23050.0,5500,Sell,235982981
2024-08-30 10:34:03,23050.0,500,Sell,235983019
2024-08-30 10:34:19,23050.0,300,Sell,235983228
2024-08-30 10:34:27,23050.0,200,Sell,235983423
2024-08-30 10:34:28,23050.0,500,Sell,235983440
2024-08-30 10:34:31,23050.0,300,Sell,235983482
2024-08-30 10:34:39,23050.0,300,Sell,235983755
2024-08-30 10:34:42,23050.0,3000,Sell,235983829
2024-08-30 10:34:56,23050.0,400,Sell,235984047
2024-08-30 10:34:59,23050.0,300,Sell,235984118
2024-08-30 10:35:13,23050.0,700,Sell,235984487
2024-08-30 10:35:19,23050.0,300,Sell,235984600
2024-08-30 10:35:23,23050.0,500,Sell,235984662
2024-08-30 10:35:25,23050.0,500,Sell,235984693
2024-08-30 10:35:39,23050.0,500,Sell,235984963
2024-08-30 10:35:40,23050.0,300,Sell,235984982
2024-08-30 10:35:53,23050.0,400,Sell,235985191
2024-08-30 10:36:00,23050.0,300,Sell,235985324
2024-08-30 10:36:17,23050.0,100,Sell,235985562
2024-08-30 10:36:20,23050.0,100,Sell,235985604
2024-08-30 10:36:20,23050.0,100,Sell,235985605
2024-08-30 10:36:20,23050.0,100,Sell,235985606
2024-08-30 10:36:20,23050.0,100,Sell,235985617
2024-08-30 10:36:20,23050.0,2200,Sell,235985618
2024-08-30 10:36:21,23050.0,500,Sell,235985626
2024-08-30 10:36:30,23050.0,5000,Sell,235985771
2024-08-30 10:36:33,23050.0,5000,Sell,235985826
2024-08-30 10:36:40,23050.0,300,Sell,235985976
2024-08-30 10:36:47,23100.0,8400,Buy,235986084
2024-08-30 10:36:52,23100.0,200,Buy,235986164
2024-08-30 10:36:52,23100.0,100,Buy,235986163
2024-08-30 10:36:52,23100.0,1700,Buy,235986166
2024-08-30 10:36:52,23100.0,100,Buy,235986161
2024-08-30 10:36:52,23100.0,100,Buy,235986162
2024-08-30 10:36:52,23100.0,8600,Buy,235986159
2024-08-30 10:36:52,23100.0,200,Buy,235986165
2024-08-30 10:36:52,23100.0,2400,Buy,235986160
2024-08-30 10:36:59,23100.0,1300,Buy,235986279
2024-08-30 10:36:59,23100.0,200,Buy,235986288
2024-08-30 10:36:59,23100.0,1000,Buy,235986286
2024-08-30 10:36:59,23100.0,9800,Buy,235986289
2024-08-30 10:36:59,23100.0,10300,Buy,235986284
2024-08-30 10:36:59,23100.0,1000,Buy,235986283
2024-08-30 10:36:59,23100.0,6000,Buy,235986282
2024-08-30 10:36:59,23100.0,400,Buy,235986285
2024-08-30 10:36:59,23100.0,600,Buy,235986287
2024-08-30 10:37:00,23050.0,300,Sell,235986332
2024-08-30 10:37:03,23100.0,200,Buy,235986359
2024-08-30 10:37:03,23100.0,1800,Buy,235986360
2024-08-30 10:37:06,23100.0,3200,Buy,235986395
2024-08-30 10:37:06,23100.0,1000,Buy,235986396
2024-08-30 10:37:06,23100.0,300,Buy,235986397
2024-08-30 10:37:06,23100.0,7500,Buy,235986398
2024-08-30 10:37:07,23050.0,100,Sell,235986401
2024-08-30 10:37:10,23050.0,1200,Sell,235986476
2024-08-30 10:37:14,23100.0,500,Buy,235986529
2024-08-30 10:37:14,23100.0,1000,Buy,235986530
2024-08-30 10:37:14,23100.0,3300,Buy,235986531
2024-08-30 10:37:14,23100.0,3000,Buy,235986532
2024-08-30 10:37:14,23100.0,100,Buy,235986533
2024-08-30 10:37:14,23100.0,100,Buy,235986534
2024-08-30 10:37:14,23100.0,100,Buy,235986535
2024-08-30 10:37:14,23100.0,4900,Buy,235986528
2024-08-30 10:37:21,23050.0,300,Sell,235986685
2024-08-30 10:37:25,23050.0,200,Sell,235986756
2024-08-30 10:37:40,23100.0,300,Buy,235986991
2024-08-30 10:37:40,23100.0,1000,Buy,235986992
2024-08-30 10:37:40,23100.0,400,Buy,235986993
2024-08-30 10:37:40,23100.0,1300,Buy,235986994
2024-08-30 10:37:41,23050.0,300,Sell,235987026
2024-08-30 10:37:45,23050.0,400,Sell,235987073
2024-08-30 10:37:51,23050.0,300,Sell,235987155
2024-08-30 10:37:53,23100.0,5000,Buy,235987196
2024-08-30 10:38:01,23050.0,300,Sell,235987418
2024-08-30 10:38:07,23050.0,100,Sell,235987508
2024-08-30 10:38:13,23050.0,500,Sell,235987596
2024-08-30 10:38:21,23050.0,300,Sell,235987737
2024-08-30 10:38:31,23100.0,1000,Buy,235987922
2024-08-30 10:38:31,23100.0,400,Buy,235987923
2024-08-30 10:38:31,23100.0,400,Buy,235987924
2024-08-30 10:38:31,23100.0,100,Buy,235987929
2024-08-30 10:38:31,23100.0,100,Buy,235987925
2024-08-30 10:38:31,23100.0,15000,Buy,235987926
2024-08-30 10:38:31,23100.0,5000,Buy,235987927
2024-08-30 10:38:31,23100.0,100,Buy,235987928
2024-08-30 10:38:31,23100.0,1000,Buy,235987930
2024-08-30 10:38:31,23100.0,200,Buy,235987941
2024-08-30 10:38:31,23100.0,5000,Buy,235987932
2024-08-30 10:38:31,23100.0,7000,Buy,235987933
2024-08-30 10:38:31,23100.0,500,Buy,235987934
2024-08-30 10:38:31,23100.0,10000,Buy,235987935
2024-08-30 10:38:31,23100.0,2000,Buy,235987936
2024-08-30 10:38:31,23100.0,400,Buy,235987937
2024-08-30 10:38:31,23100.0,2500,Buy,235987938
2024-08-30 10:38:31,23100.0,6500,Buy,235987939
2024-08-30 10:38:31,23100.0,500,Buy,235987940
2024-08-30 10:38:31,23100.0,500,Buy,235987921
2024-08-30 10:38:31,23100.0,10000,Buy,235987931
2024-08-30 10:38:31,23100.0,3700,Buy,235987920
2024-08-30 10:38:31,23100.0,500,Buy,235987913
2024-08-30 10:38:31,23100.0,200,Buy,235987918
2024-08-30 10:38:31,23100.0,400,Buy,235987896
2024-08-30 10:38:31,23100.0,100,Buy,235987897
2024-08-30 10:38:31,23100.0,100,Buy,235987898
2024-08-30 10:38:31,23100.0,300,Buy,235987899
2024-08-30 10:38:31,23100.0,2000,Buy,235987900
2024-08-30 10:38:31,23100.0,500,Buy,235987919
2024-08-30 10:38:31,23100.0,1000,Buy,235987902
2024-08-30 10:38:31,23100.0,500,Buy,235987903
2024-08-30 10:38:31,23100.0,200,Buy,235987904
2024-08-30 10:38:31,23100.0,5000,Buy,235987905
2024-08-30 10:38:31,23100.0,2000,Buy,235987901
2024-08-30 10:38:31,23100.0,2000,Buy,235987907
2024-08-30 10:38:31,23100.0,1000,Buy,235987908
2024-08-30 10:38:31,23100.0,1000,Buy,235987909
2024-08-30 10:38:31,23100.0,1000,Buy,235987910
2024-08-30 10:38:31,23100.0,900,Buy,235987911
2024-08-30 10:38:31,23100.0,11100,Buy,235987912
2024-08-30 10:38:31,23100.0,2400,Buy,235987914
2024-08-30 10:38:31,23100.0,500,Buy,235987915
2024-08-30 10:38:31,23100.0,5000,Buy,235987916
2024-08-30 10:38:31,23100.0,1000,Buy,235987917
2024-08-30 10:38:31,23100.0,400,Buy,235987906
2024-08-30 10:38:41,23050.0,300,Sell,235988172
2024-08-30 10:38:55,23100.0,1500,Buy,235988454
2024-08-30 10:38:55,23100.0,200,Buy,235988455
2024-08-30 10:38:55,23100.0,700,Buy,235988456
2024-08-30 10:38:55,23100.0,5000,Buy,235988453
2024-08-30 10:39:01,23050.0,300,Sell,235988552
2024-08-30 10:39:10,23050.0,500,Sell,235988704
2024-08-30 10:39:16,23100.0,2100,Buy,235988775
2024-08-30 10:39:16,23100.0,200,Buy,235988774
2024-08-30 10:39:16,23100.0,400,Buy,235988773
2024-08-30 10:39:16,23100.0,500,Buy,235988758
2024-08-30 10:39:16,23100.0,2700,Buy,235988759
2024-08-30 10:39:16,23100.0,7300,Buy,235988772
2024-08-30 10:39:16,23100.0,500,Buy,235988757
2024-08-30 10:39:16,23100.0,1300,Buy,235988756
2024-08-30 10:39:22,23050.0,300,Sell,235988821
2024-08-30 10:39:28,23100.0,800,Buy,235988967
2024-08-30 10:39:28,23100.0,900,Buy,235988966
2024-08-30 10:39:36,23100.0,100,Sell,235989047
2024-08-30 10:39:38,23100.0,400,Sell,235989067
2024-08-30 10:39:40,23100.0,200,Sell,235989087
2024-08-30 10:39:42,23100.0,300,Sell,235989097
2024-08-30 10:39:49,23100.0,100,Sell,235989158
2024-08-30 10:39:56,23100.0,200,Sell,235989280
2024-08-30 10:40:02,23100.0,300,Sell,235989508
2024-08-30 10:40:06,23100.0,500,Sell,235989566
2024-08-30 10:40:22,23100.0,300,Sell,235989779
2024-08-30 10:40:24,23100.0,200,Sell,235989796
2024-08-30 10:40:28,23100.0,500,Sell,235989852
2024-08-30 10:40:34,23100.0,400,Sell,235989958
2024-08-30 10:40:42,23100.0,1000,Sell,235990095
2024-08-30 10:40:42,23100.0,300,Sell,235990109
2024-08-30 10:40:50,23100.0,200,Sell,235990211
2024-08-30 10:40:50,23100.0,10000,Sell,235990216
2024-08-30 10:41:02,23100.0,100,Sell,235990420
2024-08-30 10:41:03,23100.0,300,Sell,235990435
2024-08-30 10:41:03,23100.0,500,Sell,235990422
2024-08-30 10:41:20,23100.0,3000,Sell,235990659
2024-08-30 10:41:23,23100.0,300,Sell,235990707
2024-08-30 10:41:30,23100.0,400,Sell,235990763
2024-08-30 10:41:31,23100.0,200,Sell,235990769
2024-08-30 10:41:38,23100.0,3500,Sell,235990887
2024-08-30 10:41:43,23100.0,300,Sell,235990957
2024-08-30 10:41:44,23100.0,3000,Sell,235990967
2024-08-30 10:41:53,23100.0,600,Sell,235991071
2024-08-30 10:41:53,23100.0,100,Sell,235991072
2024-08-30 10:41:54,23100.0,5900,Sell,235991084
2024-08-30 10:41:57,23100.0,1400,Sell,235991137
2024-08-30 10:41:59,23100.0,500,Sell,235991160
2024-08-30 10:42:00,23100.0,1000,Sell,235991208
2024-08-30 10:42:03,23100.0,300,Sell,235991257
2024-08-30 10:42:06,23100.0,500,Sell,235991296
2024-08-30 10:42:09,23100.0,500,Sell,235991331
2024-08-30 10:42:11,23100.0,100,Sell,235991345
2024-08-30 10:42:17,23100.0,1000,Sell,235991448
2024-08-30 10:42:18,23100.0,9800,Sell,235991452
2024-08-30 10:42:18,23100.0,200,Sell,235991453
2024-08-30 10:42:19,23100.0,2000,Sell,235991460
2024-08-30 10:42:24,23100.0,300,Sell,235991507
2024-08-30 10:42:26,23100.0,400,Sell,235991601
2024-08-30 10:42:27,23100.0,100,Sell,235991627
2024-08-30 10:42:27,23100.0,3500,Sell,235991626
2024-08-30 10:42:27,23100.0,1500,Sell,235991621
2024-08-30 10:42:27,23100.0,100,Sell,235991620
2024-08-30 10:42:27,23100.0,500,Sell,235991619
2024-08-30 10:42:27,23100.0,200,Sell,235991618
2024-08-30 10:42:27,23100.0,300,Sell,235991617
2024-08-30 10:42:27,23100.0,23700,Sell,235991616
2024-08-30 10:42:27,23100.0,400,Sell,235991615
2024-08-30 10:42:27,23100.0,1100,Sell,235991614
2024-08-30 10:42:27,23100.0,600,Sell,235991612
2024-08-30 10:42:27,23100.0,1000,Sell,235991603
2024-08-30 10:42:27,23100.0,100,Sell,235991605
2024-08-30 10:42:27,23100.0,100,Sell,235991606
2024-08-30 10:42:27,23100.0,2100,Sell,235991607
2024-08-30 10:42:27,23100.0,16100,Sell,235991604
2024-08-30 10:42:27,23100.0,200,Sell,235991609
2024-08-30 10:42:27,23100.0,400,Sell,235991610
2024-08-30 10:42:27,23100.0,300,Sell,235991611
2024-08-30 10:42:27,23100.0,100,Sell,235991608
2024-08-30 10:42:27,23100.0,2200,Sell,235991613
2024-08-30 10:42:44,23050.0,300,Sell,235991845
2024-08-30 10:42:55,23050.0,1000,Sell,235992047
2024-08-30 10:42:55,23050.0,500,Sell,235992051
2024-08-30 10:43:04,23050.0,300,Sell,235992246
2024-08-30 10:43:11,23050.0,1500,Sell,235992398
2024-08-30 10:43:18,23050.0,100,Sell,235992502
2024-08-30 10:43:20,23100.0,100,Buy,235992526
2024-08-30 10:43:24,23050.0,300,Sell,235992598
2024-08-30 10:43:43,23050.0,100,Sell,235992926
2024-08-30 10:43:44,23050.0,300,Sell,235992954
2024-08-30 10:43:51,23050.0,500,Sell,235993041
2024-08-30 10:44:05,23050.0,300,Sell,235993339
2024-08-30 10:44:21,23050.0,400,Sell,235993759
2024-08-30 10:44:22,23050.0,300,Sell,235993781
2024-08-30 10:44:25,23050.0,300,Sell,235993820
2024-08-30 10:44:29,23050.0,800,Sell,235993896
2024-08-30 10:44:40,23050.0,800,Sell,235994121
2024-08-30 10:44:45,23050.0,300,Sell,235994184
2024-08-30 10:44:48,23050.0,500,Sell,235994235
2024-08-30 10:45:05,23050.0,300,Sell,235994463
2024-08-30 10:45:06,23050.0,100,Sell,235994475
2024-08-30 10:45:15,23050.0,400,Sell,235994638
2024-08-30 10:45:26,23050.0,300,Sell,235994778
2024-08-30 10:45:33,23050.0,100,Sell,235994886
2024-08-30 10:45:35,23050.0,100,Sell,235994903
2024-08-30 10:45:36,23050.0,100,Sell,235994929
2024-08-30 10:45:43,23050.0,500,Sell,235995054
2024-08-30 10:45:46,23050.0,300,Sell,235995104
2024-08-30 10:46:06,23050.0,300,Sell,235995397
2024-08-30 10:46:11,23050.0,200,Sell,235995495
2024-08-30 10:46:11,23050.0,200,Sell,235995496
2024-08-30 10:46:26,23050.0,300,Sell,235995707
2024-08-30 10:46:40,23050.0,500,Sell,235995942
2024-08-30 10:46:46,23050.0,300,Sell,235996041
2024-08-30 10:47:03,23050.0,600,Sell,235996304
2024-08-30 10:47:07,23050.0,300,Sell,235996369
2024-08-30 10:47:08,23050.0,400,Sell,235996386
2024-08-30 10:47:15,23050.0,100,Sell,235996528
2024-08-30 10:47:16,23100.0,4100,Buy,235996563
2024-08-30 10:47:16,23100.0,4300,Buy,235996556
2024-08-30 10:47:16,23100.0,2000,Buy,235996557
2024-08-30 10:47:16,23100.0,1000,Buy,235996558
2024-08-30 10:47:16,23100.0,2000,Buy,235996559
2024-08-30 10:47:16,23100.0,1000,Buy,235996560
2024-08-30 10:47:16,23100.0,500,Buy,235996561
2024-08-30 10:47:16,23100.0,100,Buy,235996562
2024-08-30 10:47:18,23100.0,100,Buy,235996604
2024-08-30 10:47:27,23050.0,300,Sell,235996701
2024-08-30 10:47:36,23050.0,500,Sell,235996843
2024-08-30 10:47:40,23100.0,800,Buy,235996906
2024-08-30 10:47:40,23100.0,200,Buy,235996907
2024-08-30 10:47:47,23050.0,300,Sell,235996982
2024-08-30 10:47:54,23100.0,100,Buy,235997060
2024-08-30 10:48:07,23050.0,300,Sell,235997258
2024-08-30 10:48:25,23100.0,400,Buy,235997531
2024-08-30 10:48:25,23100.0,300,Buy,235997529
2024-08-30 10:48:25,23100.0,5000,Buy,235997528
2024-08-30 10:48:25,23100.0,2000,Buy,235997527
2024-08-30 10:48:25,23100.0,2000,Buy,235997526
2024-08-30 10:48:25,23100.0,200,Buy,235997525
2024-08-30 10:48:25,23100.0,2000,Buy,235997530
2024-08-30 10:48:25,23100.0,1200,Buy,235997521
2024-08-30 10:48:25,23100.0,500,Buy,235997520
2024-08-30 10:48:25,23100.0,900,Buy,235997519
2024-08-30 10:48:25,23100.0,5000,Buy,235997518
2024-08-30 10:48:25,23100.0,3000,Buy,235997517
2024-08-30 10:48:25,23100.0,300,Buy,235997516
2024-08-30 10:48:25,23100.0,1300,Buy,235997522
2024-08-30 10:48:27,23100.0,300,Sell,235997593
2024-08-30 10:48:32,23100.0,500,Sell,235997644
2024-08-30 10:48:36,23100.0,8000,Sell,235997679
2024-08-30 10:48:37,23100.0,10000,Sell,235997692
2024-08-30 10:48:40,23100.0,700,Sell,235997748
2024-08-30 10:48:48,23100.0,300,Sell,235997858
2024-08-30 10:49:00,23100.0,400,Sell,235998073
2024-08-30 10:49:02,23100.0,1000,Sell,235998087
2024-08-30 10:49:08,23100.0,300,Sell,235998176
2024-08-30 10:49:13,23100.0,4400,Sell,235998252
2024-08-30 10:49:13,23100.0,200,Sell,235998253
2024-08-30 10:49:13,23100.0,2000,Sell,235998254
2024-08-30 10:49:20,23100.0,500,Sell,235998344
2024-08-30 10:49:28,23100.0,300,Sell,235998483
2024-08-30 10:49:28,23100.0,500,Sell,235998490
2024-08-30 10:49:48,23100.0,300,Sell,235998837
2024-08-30 10:49:56,23100.0,400,Sell,235998930
2024-08-30 10:49:56,23100.0,500,Sell,235998927
2024-08-30 10:49:58,23100.0,100,Sell,235998957
2024-08-30 10:50:02,23100.0,300,Sell,235999012
2024-08-30 10:50:02,23100.0,400,Sell,235999011
2024-08-30 10:50:08,23100.0,300,Sell,235999110
2024-08-30 10:50:13,23100.0,10000,Sell,235999185
2024-08-30 10:50:17,23100.0,1000,Sell,235999222
2024-08-30 10:50:21,23100.0,100,Sell,235999255
2024-08-30 10:50:25,23100.0,500,Sell,235999307
2024-08-30 10:50:29,23100.0,300,Sell,235999328
2024-08-30 10:50:33,23100.0,1200,Sell,235999397
2024-08-30 10:50:49,23100.0,300,Sell,235999558
2024-08-30 10:50:51,23100.0,700,Sell,235999577
2024-08-30 10:50:53,23100.0,400,Sell,235999637
2024-08-30 10:50:57,23100.0,1000,Sell,235999662
2024-08-30 10:51:09,23100.0,300,Sell,235999802
2024-08-30 10:51:12,23100.0,200,Sell,235999835
2024-08-30 10:51:20,23100.0,100,Sell,235999940
2024-08-30 10:51:21,23100.0,500,Sell,235999969
2024-08-30 10:51:22,23100.0,100,Sell,235999986
2024-08-30 10:51:29,23100.0,300,Sell,236000094
2024-08-30 10:51:34,23100.0,1000,Sell,236000152
2024-08-30 10:51:42,23100.0,100,Sell,236000233
2024-08-30 10:51:49,23100.0,400,Sell,236000306
2024-08-30 10:51:49,23100.0,400,Sell,236000307
2024-08-30 10:52:02,23100.0,300,Sell,236000466
2024-08-30 10:52:02,23100.0,400,Sell,236000467
2024-08-30 10:52:02,23100.0,500,Sell,236000464
2024-08-30 10:52:02,23100.0,500,Sell,236000462
2024-08-30 10:52:02,23100.0,200,Sell,236000465
2024-08-30 10:52:02,23100.0,100,Sell,236000463
2024-08-30 10:52:09,23100.0,100,Sell,236000574
2024-08-30 10:52:09,23100.0,300,Sell,236000575
2024-08-30 10:52:17,23100.0,500,Sell,236000712
2024-08-30 10:52:23,23100.0,700,Sell,236000775
2024-08-30 10:52:23,23100.0,400,Sell,236000776
2024-08-30 10:52:23,23100.0,300,Sell,236000777
2024-08-30 10:52:23,23100.0,200,Sell,236000778
2024-08-30 10:52:27,23100.0,200,Sell,236000820
2024-08-30 10:52:30,23100.0,400,Sell,236000860
2024-08-30 10:52:35,23100.0,100,Sell,236000928
2024-08-30 10:52:45,23100.0,400,Sell,236001046
2024-08-30 10:52:50,23100.0,400,Sell,236001108
2024-08-30 10:52:52,23100.0,200,Sell,236001124
2024-08-30 10:53:10,23100.0,400,Sell,236001302
2024-08-30 10:53:13,23100.0,500,Sell,236001344
2024-08-30 10:53:24,23100.0,1000,Sell,236001511
2024-08-30 10:53:25,23100.0,200,Sell,236001512
2024-08-30 10:53:30,23100.0,400,Sell,236001582
2024-08-30 10:53:31,23100.0,25600,Sell,236001595
2024-08-30 10:53:31,23100.0,700,Sell,236001596
2024-08-30 10:53:31,23100.0,2400,Sell,236001597
2024-08-30 10:53:31,23100.0,1000,Sell,236001598
2024-08-30 10:53:31,23100.0,200,Sell,236001599
2024-08-30 10:53:31,23100.0,200,Sell,236001600
2024-08-30 10:53:31,23100.0,500,Sell,236001602
2024-08-30 10:53:31,23100.0,200,Sell,236001603
2024-08-30 10:53:31,23100.0,20000,Sell,236001594
2024-08-30 10:53:31,23100.0,2600,Sell,236001601
2024-08-30 10:53:51,23050.0,400,Sell,236001848
2024-08-30 10:54:10,23050.0,500,Sell,236002193
2024-08-30 10:54:11,23050.0,400,Sell,236002200
2024-08-30 10:54:31,23050.0,400,Sell,236002456
2024-08-30 10:54:34,23050.0,400,Sell,236002484
2024-08-30 10:54:38,23050.0,400,Sell,236002541
2024-08-30 10:54:51,23050.0,400,Sell,236002710
2024-08-30 10:55:06,23050.0,500,Sell,236002899
2024-08-30 10:55:12,23050.0,400,Sell,236003019
2024-08-30 10:55:32,23050.0,400,Sell,236003383
2024-08-30 10:55:34,23050.0,400,Sell,236003411
2024-08-30 10:55:36,23100.0,1000,Buy,236003441
2024-08-30 10:55:52,23050.0,400,Sell,236003647
2024-08-30 10:55:53,23050.0,100,Sell,236003653
2024-08-30 10:56:02,23050.0,500,Sell,236003786
2024-08-30 10:56:12,23050.0,400,Sell,236003884
2024-08-30 10:56:26,23100.0,500,Buy,236004018
2024-08-30 10:56:32,23050.0,400,Sell,236004069
2024-08-30 10:56:44,23050.0,1000,Sell,236004220
2024-08-30 10:56:53,23050.0,400,Sell,236004332
2024-08-30 10:56:58,23050.0,500,Sell,236004386
2024-08-30 10:57:06,23050.0,500,Sell,236004512
2024-08-30 10:57:13,23050.0,400,Sell,236004611
2024-08-30 10:57:26,23050.0,400,Sell,236004808
2024-08-30 10:57:33,23050.0,400,Sell,236004889
2024-08-30 10:57:53,23050.0,400,Sell,236005091
2024-08-30 10:57:55,23050.0,500,Sell,236005118
2024-08-30 10:58:14,23050.0,400,Sell,236005304
2024-08-30 10:58:17,23050.0,300,Sell,236005347
2024-08-30 10:58:23,23050.0,400,Sell,236005423
2024-08-30 10:58:34,23050.0,400,Sell,236005521
2024-08-30 10:58:51,23050.0,500,Sell,236005801
2024-08-30 10:58:54,23050.0,400,Sell,236005827
2024-08-30 10:58:56,23050.0,6800,Sell,236005847
2024-08-30 10:58:56,23050.0,3200,Sell,236005848
2024-08-30 10:58:57,23100.0,400,Buy,236005862
2024-08-30 10:59:06,23100.0,2000,Buy,236005993
2024-08-30 10:59:14,23050.0,700,Sell,236006067
2024-08-30 10:59:14,23050.0,400,Sell,236006073
2024-08-30 10:59:14,23050.0,5100,Sell,236006071
2024-08-30 10:59:14,23050.0,5000,Sell,236006070
2024-08-30 10:59:14,23050.0,100,Sell,236006069
2024-08-30 10:59:14,23050.0,4100,Sell,236006068
2024-08-30 10:59:14,23050.0,300,Sell,236006065
2024-08-30 10:59:14,23050.0,600,Sell,236006066
2024-08-30 10:59:14,23050.0,1500,Sell,236006063
2024-08-30 10:59:14,23050.0,1800,Sell,236006056
2024-08-30 10:59:14,23050.0,400,Sell,236006062
2024-08-30 10:59:14,23050.0,500,Sell,236006061
2024-08-30 10:59:14,23050.0,2700,Sell,236006060
2024-08-30 10:59:14,23050.0,300,Sell,236006059
2024-08-30 10:59:14,23050.0,800,Sell,236006058
2024-08-30 10:59:14,23050.0,500,Sell,236006057
2024-08-30 10:59:14,23050.0,600,Sell,236006064
2024-08-30 10:59:19,23050.0,400,Sell,236006111
2024-08-30 10:59:30,23100.0,5000,Buy,236006189
2024-08-30 10:59:34,23050.0,400,Sell,236006243
2024-08-30 10:59:49,23050.0,500,Sell,236006391
2024-08-30 10:59:54,23050.0,400,Sell,236006483
2024-08-30 11:00:01,23050.0,15700,Sell,236006614
2024-08-30 11:00:15,23050.0,400,Sell,236006721
2024-08-30 11:00:16,23050.0,400,Sell,236006730
2024-08-30 11:00:24,23050.0,23100,Sell,236006839
2024-08-30 11:00:24,23050.0,23700,Sell,236006835
2024-08-30 11:00:24,23050.0,900,Sell,236006838
2024-08-30 11:00:24,23050.0,100,Sell,236006837
2024-08-30 11:00:24,23050.0,400,Sell,236006836
2024-08-30 11:00:24,23050.0,100,Sell,236006834
2024-08-30 11:00:24,23050.0,100,Sell,236006828
2024-08-30 11:00:24,23050.0,100,Sell,236006832
2024-08-30 11:00:24,23050.0,300,Sell,236006833
2024-08-30 11:00:24,23050.0,300,Sell,236006829
2024-08-30 11:00:24,23050.0,100,Sell,236006827
2024-08-30 11:00:24,23050.0,300,Sell,236006831
2024-08-30 11:00:24,23050.0,500,Sell,236006830
2024-08-30 11:00:34,23050.0,600,Sell,236006908
2024-08-30 11:00:34,23050.0,500,Sell,236006909
2024-08-30 11:00:34,23050.0,23700,Sell,236006910
2024-08-30 11:00:34,23050.0,1800,Sell,236006911
2024-08-30 11:00:34,23050.0,3400,Sell,236006912
2024-08-30 11:00:35,23050.0,400,Sell,236006924
2024-08-30 11:00:35,23050.0,2300,Sell,236006925
2024-08-30 11:00:43,23050.0,500,Sell,236007010
2024-08-30 11:00:48,23050.0,1200,Sell,236007070
2024-08-30 11:00:50,23050.0,15100,Sell,236007097
2024-08-30 11:00:55,23050.0,400,Sell,236007166
2024-08-30 11:01:11,23050.0,400,Sell,236007360
2024-08-30 11:01:16,23050.0,300,Sell,236007398
2024-08-30 11:01:16,23050.0,100,Sell,236007399
2024-08-30 11:01:33,23050.0,100,Sell,236007544
2024-08-30 11:01:33,23050.0,100,Sell,236007545
2024-08-30 11:01:33,23050.0,200,Sell,236007546
2024-08-30 11:01:33,23050.0,100,Sell,236007547
2024-08-30 11:01:33,23050.0,800,Sell,236007548
2024-08-30 11:01:33,23050.0,600,Sell,236007549
2024-08-30 11:01:33,23050.0,100,Sell,236007550
2024-08-30 11:01:35,23050.0,400,Sell,236007613
2024-08-30 11:01:40,23050.0,500,Sell,236007679
2024-08-30 11:01:56,23050.0,200,Sell,236007898
2024-08-30 11:01:56,23050.0,200,Sell,236007899
2024-08-30 11:02:08,23050.0,200,Sell,236008027
2024-08-30 11:02:08,23050.0,100,Sell,236008026
2024-08-30 11:02:08,23050.0,200,Sell,236008025
2024-08-30 11:02:16,23050.0,400,Sell,236008096
2024-08-30 11:02:31,23050.0,100,Sell,236008299
2024-08-30 11:02:31,23050.0,900,Sell,236008298
2024-08-30 11:02:36,23050.0,200,Sell,236008388
2024-08-30 11:02:36,23050.0,100,Sell,236008389
2024-08-30 11:02:36,23050.0,100,Sell,236008390
2024-08-30 11:02:36,23050.0,400,Sell,236008391
2024-08-30 11:02:56,23050.0,400,Sell,236008603
2024-08-30 11:03:04,23050.0,500,Sell,236008709
2024-08-30 11:03:08,23050.0,900,Sell,236008762
2024-08-30 11:03:08,23050.0,100,Sell,236008763
2024-08-30 11:03:17,23050.0,400,Sell,236008872
2024-08-30 11:03:31,23050.0,1000,Sell,236009031
2024-08-30 11:03:32,23050.0,400,Sell,236009043
2024-08-30 11:03:37,23050.0,400,Sell,236009095
2024-08-30 11:03:57,23050.0,400,Sell,236009347
2024-08-30 11:04:00,23050.0,500,Sell,236009382
2024-08-30 11:04:13,23100.0,3000,Buy,236009588
2024-08-30 11:04:13,23100.0,4900,Buy,236009590
2024-08-30 11:04:13,23100.0,5000,Buy,236009589
2024-08-30 11:04:13,23100.0,600,Buy,236009586
2024-08-30 11:04:13,23100.0,1000,Buy,236009587
2024-08-30 11:04:13,23100.0,2000,Buy,236009584
2024-08-30 11:04:13,23100.0,7700,Buy,236009580
2024-08-30 11:04:13,23100.0,400,Buy,236009583
2024-08-30 11:04:13,23100.0,5000,Buy,236009582
2024-08-30 11:04:13,23100.0,500,Buy,236009581
2024-08-30 11:04:13,23100.0,500,Buy,236009585
2024-08-30 11:04:17,23050.0,400,Sell,236009630
2024-08-30 11:04:19,23100.0,1100,Buy,236009640
2024-08-30 11:04:19,23100.0,5000,Buy,236009641
2024-08-30 11:04:19,23100.0,2000,Buy,236009642
2024-08-30 11:04:19,23100.0,300,Buy,236009643
2024-08-30 11:04:21,23100.0,3100,Buy,236009664
2024-08-30 11:04:21,23100.0,100,Buy,236009662
2024-08-30 11:04:21,23100.0,9700,Buy,236009661
2024-08-30 11:04:21,23100.0,100,Buy,236009663
2024-08-30 11:04:22,23050.0,300,Sell,236009672
2024-08-30 11:04:24,23100.0,3200,Buy,236009728
2024-08-30 11:04:24,23100.0,100,Buy,236009727
2024-08-30 11:04:24,23100.0,6900,Buy,236009722
2024-08-30 11:04:24,23100.0,500,Buy,236009726
2024-08-30 11:04:24,23100.0,300,Buy,236009725
2024-08-30 11:04:24,23100.0,5000,Buy,236009724
2024-08-30 11:04:24,23100.0,2000,Buy,236009723
2024-08-30 11:04:24,23100.0,20000,Buy,236009721
2024-08-30 11:04:24,23100.0,100,Buy,236009714
2024-08-30 11:04:24,23100.0,500,Buy,236009719
2024-08-30 11:04:24,23100.0,100,Buy,236009720
2024-08-30 11:04:24,23100.0,1000,Buy,236009713
2024-08-30 11:04:24,23100.0,28000,Buy,236009715
2024-08-30 11:04:24,23100.0,21900,Buy,236009712
2024-08-30 11:04:24,23100.0,1000,Buy,236009717
2024-08-30 11:04:24,23100.0,20000,Buy,236009716
2024-08-30 11:04:24,23100.0,400,Buy,236009718
2024-08-30 11:04:29,23100.0,11800,Buy,236009786
2024-08-30 11:04:29,23100.0,1600,Buy,236009787
2024-08-30 11:04:38,23050.0,400,Sell,236009930
2024-08-30 11:04:45,23100.0,3000,Buy,236009999
2024-08-30 11:04:45,23100.0,500,Buy,236009997
2024-08-30 11:04:45,23100.0,600,Buy,236010000
2024-08-30 11:04:45,23100.0,3000,Buy,236009995
2024-08-30 11:04:45,23100.0,500,Buy,236009996
2024-08-30 11:04:45,23100.0,700,Buy,236009998
2024-08-30 11:04:45,23100.0,300,Buy,236009994
2024-08-30 11:04:45,23100.0,3400,Buy,236009993
2024-08-30 11:04:58,23050.0,400,Sell,236010199
2024-08-30 11:05:00,23050.0,300,Sell,236010221
2024-08-30 11:05:08,23050.0,100,Sell,236010328
2024-08-30 11:05:08,23050.0,200,Sell,236010329
2024-08-30 11:05:18,23050.0,400,Sell,236010465
2024-08-30 11:05:25,23050.0,400,Sell,236010547
2024-08-30 11:05:38,23050.0,400,Sell,236010727
2024-08-30 11:05:43,23100.0,800,Buy,236010791
2024-08-30 11:05:43,23100.0,200,Buy,236010787
2024-08-30 11:05:43,23100.0,4000,Buy,236010788
2024-08-30 11:05:43,23100.0,400,Buy,236010789
2024-08-30 11:05:43,23100.0,2000,Buy,236010790
2024-08-30 11:05:58,23050.0,400,Sell,236010925
2024-08-30 11:06:03,23050.0,100,Sell,236010992
2024-08-30 11:06:19,23050.0,400,Sell,236011269
2024-08-30 11:06:21,23050.0,400,Sell,236011291
2024-08-30 11:06:32,23050.0,1100,Sell,236011500
2024-08-30 11:06:32,23050.0,600,Sell,236011501
2024-08-30 11:06:32,23050.0,300,Sell,236011502
2024-08-30 11:06:39,23050.0,400,Sell,236011565
2024-08-30 11:06:49,23050.0,500,Sell,236011705
2024-08-30 11:06:50,23050.0,1800,Sell,236011708
2024-08-30 11:06:50,23050.0,200,Sell,236011709
2024-08-30 11:06:59,23050.0,400,Sell,236011809
2024-08-30 11:07:03,23050.0,300,Sell,236011832
2024-08-30 11:07:03,23050.0,700,Sell,236011831
2024-08-30 11:07:17,23050.0,100,Sell,236011949
2024-08-30 11:07:17,23050.0,300,Sell,236011950
2024-08-30 11:07:19,23050.0,200,Sell,236011967
2024-08-30 11:07:19,23050.0,200,Sell,236011968
2024-08-30 11:07:39,23050.0,100,Sell,236012188
2024-08-30 11:07:39,23050.0,300,Sell,236012189
2024-08-30 11:07:45,23050.0,300,Sell,236012278
2024-08-30 11:07:45,23050.0,200,Sell,236012277
2024-08-30 11:07:45,23050.0,300,Sell,236012274
2024-08-30 11:07:45,23050.0,100,Sell,236012272
2024-08-30 11:07:45,23050.0,100,Sell,236012270
2024-08-30 11:07:45,23050.0,300,Sell,236012273
2024-08-30 11:07:45,23050.0,200,Sell,236012271
2024-08-30 11:07:49,23050.0,1000,Sell,236012365
2024-08-30 11:08:00,23050.0,400,Sell,236012508
2024-08-30 11:08:03,23100.0,200,Buy,236012547
2024-08-30 11:08:20,23050.0,400,Sell,236012729
2024-08-30 11:08:36,23050.0,200,Sell,236012894
2024-08-30 11:08:40,23050.0,400,Sell,236012954
2024-08-30 11:08:42,23050.0,500,Sell,236012974
2024-08-30 11:09:00,23050.0,400,Sell,236013189
2024-08-30 11:09:10,23050.0,400,Sell,236013319
2024-08-30 11:09:17,23050.0,1000,Sell,236013418
2024-08-30 11:09:21,23050.0,400,Sell,236013480
2024-08-30 11:09:28,23050.0,200,Sell,236013604
2024-08-30 11:09:38,23050.0,500,Sell,236013794
2024-08-30 11:09:41,23050.0,400,Sell,236013816
2024-08-30 11:09:43,23050.0,100,Sell,236013826
2024-08-30 11:10:01,23050.0,400,Sell,236014072
2024-08-30 11:10:04,23050.0,500,Sell,236014093
2024-08-30 11:10:06,23050.0,400,Sell,236014189
2024-08-30 11:10:12,23050.0,100,Sell,236014336
2024-08-30 11:10:22,23050.0,400,Sell,236014458
2024-08-30 11:10:34,23050.0,500,Sell,236014596
2024-08-30 11:10:42,23050.0,400,Sell,236014680
2024-08-30 11:10:53,23050.0,500,Sell,236014862
2024-08-30 11:11:02,23050.0,100,Sell,236014987
2024-08-30 11:11:02,23050.0,400,Sell,236014984
2024-08-30 11:11:02,23050.0,300,Sell,236014986
2024-08-30 11:11:05,23050.0,100,Sell,236015034
2024-08-30 11:11:22,23050.0,400,Sell,236015280
2024-08-30 11:11:30,23050.0,500,Sell,236015375
2024-08-30 11:11:42,23050.0,400,Sell,236015517
2024-08-30 11:11:46,23050.0,1000,Sell,236015587
2024-08-30 11:11:58,23050.0,400,Sell,236015726
2024-08-30 11:12:02,23050.0,400,Sell,236015772
2024-08-30 11:12:17,23050.0,400,Sell,236015983
2024-08-30 11:12:23,23050.0,400,Sell,236016052
2024-08-30 11:12:27,23050.0,500,Sell,236016117
2024-08-30 11:12:33,23050.0,300,Sell,236016234
2024-08-30 11:12:43,23050.0,400,Sell,236016337
2024-08-30 11:12:55,23050.0,400,Sell,236016512
2024-08-30 11:13:00,23050.0,100,Sell,236016574
2024-08-30 11:13:03,23050.0,400,Sell,236016598
2024-08-30 11:13:19,23050.0,5000,Sell,236016748
2024-08-30 11:13:23,23050.0,400,Sell,236016806
2024-08-30 11:13:23,23050.0,500,Sell,236016805
2024-08-30 11:13:31,23100.0,200,Buy,236016921
2024-08-30 11:13:44,23050.0,400,Sell,236017066
2024-08-30 11:13:51,23050.0,400,Sell,236017118
2024-08-30 11:14:04,23050.0,400,Sell,236017245
2024-08-30 11:14:19,23050.0,100,Sell,236017448
2024-08-30 11:14:19,23050.0,400,Sell,236017449
2024-08-30 11:14:24,23050.0,400,Sell,236017538
2024-08-30 11:14:44,23050.0,400,Sell,236017775
2024-08-30 11:14:47,23050.0,400,Sell,236017826
2024-08-30 11:15:04,23050.0,400,Sell,236018014
2024-08-30 11:15:15,23050.0,500,Sell,236018147
2024-08-30 11:15:25,23050.0,400,Sell,236018253
2024-08-30 11:15:43,23050.0,400,Sell,236018530
2024-08-30 11:15:45,23050.0,400,Sell,236018540
2024-08-30 11:16:03,23050.0,100,Sell,236018786
2024-08-30 11:16:05,23050.0,400,Sell,236018816
2024-08-30 11:16:09,23050.0,100,Sell,236018845
2024-08-30 11:16:12,23050.0,500,Sell,236018888
2024-08-30 11:16:16,23050.0,100,Sell,236018944
2024-08-30 11:16:22,23050.0,2000,Sell,236019014
2024-08-30 11:16:25,23050.0,400,Sell,236019039
2024-08-30 11:16:40,23050.0,400,Sell,236019253
2024-08-30 11:16:41,23050.0,100,Sell,236019261
2024-08-30 11:16:46,23050.0,400,Sell,236019350
2024-08-30 11:17:06,23050.0,400,Sell,236019534
2024-08-30 11:17:09,23050.0,500,Sell,236019559
2024-08-30 11:17:26,23050.0,400,Sell,236019693
2024-08-30 11:17:36,23050.0,400,Sell,236019800
2024-08-30 11:17:46,23050.0,400,Sell,236019917
2024-08-30 11:17:47,23100.0,100,Buy,236019926
2024-08-30 11:17:47,23100.0,500,Buy,236019928
2024-08-30 11:17:47,23100.0,1000,Buy,236019927
2024-08-30 11:17:47,23100.0,3800,Buy,236019924
2024-08-30 11:17:47,23100.0,3000,Buy,236019925
2024-08-30 11:17:49,23100.0,500,Buy,236019937
2024-08-30 11:17:49,23100.0,700,Buy,236019938
2024-08-30 11:17:49,23100.0,6200,Buy,236019939
2024-08-30 11:17:58,23100.0,5000,Buy,236020109
2024-08-30 11:17:58,23100.0,300,Buy,236020108
2024-08-30 11:17:58,23100.0,500,Buy,236020107
2024-08-30 11:17:58,23100.0,2600,Buy,236020106
2024-08-30 11:17:58,23100.0,10000,Buy,236020105
2024-08-30 11:17:58,23100.0,100,Buy,236020102
2024-08-30 11:17:58,23100.0,1000,Buy,236020103
2024-08-30 11:17:58,23100.0,500,Buy,236020101
2024-08-30 11:17:58,23100.0,500,Buy,236020100
2024-08-30 11:17:58,23100.0,400,Buy,236020099
2024-08-30 11:17:58,23100.0,9200,Buy,236020098
2024-08-30 11:17:58,23100.0,500,Buy,236020104
2024-08-30 11:18:06,23050.0,400,Sell,236020193
2024-08-30 11:18:27,23050.0,400,Sell,236020419
2024-08-30 11:18:32,23050.0,300,Sell,236020471
2024-08-30 11:18:37,23100.0,4200,Buy,236020520
2024-08-30 11:18:37,23100.0,1000,Buy,236020519
2024-08-30 11:18:37,23100.0,500,Buy,236020518
2024-08-30 11:18:37,23100.0,200,Buy,236020517
2024-08-30 11:18:37,23100.0,4000,Buy,236020512
2024-08-30 11:18:37,23100.0,1100,Buy,236020515
2024-08-30 11:18:37,23100.0,100,Buy,236020514
2024-08-30 11:18:37,23100.0,500,Buy,236020513
2024-08-30 11:18:37,23100.0,400,Buy,236020516
2024-08-30 11:18:40,23100.0,13000,Buy,236020584
2024-08-30 11:18:47,23050.0,400,Sell,236020670
2024-08-30 11:18:48,23100.0,500,Buy,236020689
2024-08-30 11:18:48,23100.0,21500,Buy,236020690
2024-08-30 11:18:48,23100.0,100,Buy,236020691
2024-08-30 11:18:48,23100.0,1000,Buy,236020692
2024-08-30 11:18:48,23100.0,500,Buy,236020695
2024-08-30 11:18:48,23100.0,1000,Buy,236020694
2024-08-30 11:18:48,23100.0,1500,Buy,236020696
2024-08-30 11:18:48,23100.0,20000,Buy,236020697
2024-08-30 11:18:48,23100.0,2200,Buy,236020698
2024-08-30 11:18:48,23100.0,25000,Buy,236020693
2024-08-30 11:18:48,23100.0,100,Buy,236020688
2024-08-30 11:18:48,23100.0,300,Buy,236020685
2024-08-30 11:18:48,23100.0,1000,Buy,236020686
2024-08-30 11:18:48,23100.0,1000,Buy,236020684
2024-08-30 11:18:48,23100.0,5000,Buy,236020683
2024-08-30 11:18:48,23100.0,3000,Buy,236020681
2024-08-30 11:18:48,23100.0,1000,Buy,236020680
2024-08-30 11:18:48,23100.0,4900,Buy,236020679
2024-08-30 11:18:48,23100.0,5000,Buy,236020678
2024-08-30 11:18:48,23100.0,100,Buy,236020677
2024-08-30 11:18:48,23100.0,5000,Buy,236020676
2024-08-30 11:18:48,23100.0,9200,Buy,236020675
2024-08-30 11:18:48,23100.0,100,Buy,236020687
2024-08-30 11:18:48,23100.0,2000,Buy,236020682
2024-08-30 11:18:51,23100.0,7900,Buy,236020749
2024-08-30 11:18:51,23100.0,1300,Buy,236020748
2024-08-30 11:18:51,23100.0,3800,Buy,236020746
2024-08-30 11:18:51,23100.0,400,Buy,236020747
2024-08-30 11:19:06,23100.0,300,Buy,236020910
2024-08-30 11:19:07,23050.0,400,Sell,236020925
2024-08-30 11:19:18,23100.0,5000,Buy,236021066
2024-08-30 11:19:18,23100.0,400,Buy,236021071
2024-08-30 11:19:18,23100.0,600,Buy,236021070
2024-08-30 11:19:18,23100.0,41800,Buy,236021065
2024-08-30 11:19:18,23100.0,1000,Buy,236021068
2024-08-30 11:19:18,23100.0,200,Buy,236021067
2024-08-30 11:19:18,23100.0,1700,Buy,236021069
2024-08-30 11:19:21,23100.0,500,Sell,236021099
2024-08-30 11:19:27,23100.0,400,Sell,236021176
2024-08-30 11:19:28,23100.0,100,Sell,236021181
2024-08-30 11:19:28,23100.0,400,Sell,236021180
2024-08-30 11:19:35,23100.0,8000,Sell,236021274
2024-08-30 11:19:41,23100.0,500,Sell,236021345
2024-08-30 11:19:42,23100.0,9000,Sell,236021347
2024-08-30 11:19:45,23100.0,200,Sell,236021381
2024-08-30 11:19:48,23100.0,400,Sell,236021406
2024-08-30 11:19:57,23100.0,300,Sell,236021529
2024-08-30 11:20:05,23100.0,500,Sell,236021614
2024-08-30 11:20:05,23100.0,29500,Sell,236021613
2024-08-30 11:20:06,23100.0,500,Sell,236021619
2024-08-30 11:20:08,23100.0,400,Sell,236021642
2024-08-30 11:20:19,23100.0,8600,Sell,236021749
2024-08-30 11:20:19,23100.0,1000,Sell,236021750
2024-08-30 11:20:19,23100.0,2400,Sell,236021751
2024-08-30 11:20:19,23100.0,500,Sell,236021752
2024-08-30 11:20:28,23050.0,400,Sell,236021868
2024-08-30 11:20:48,23050.0,400,Sell,236022100
2024-08-30 11:20:53,23050.0,300,Sell,236022160
2024-08-30 11:21:02,23050.0,100,Sell,236022240
2024-08-30 11:21:09,23050.0,400,Sell,236022300
2024-08-30 11:21:17,23100.0,100,Buy,236022419
2024-08-30 11:21:29,23050.0,400,Sell,236022549
2024-08-30 11:21:49,23050.0,400,Sell,236022829
2024-08-30 11:21:49,23050.0,300,Sell,236022836
2024-08-30 11:21:59,23050.0,500,Sell,236022943
2024-08-30 11:22:09,23050.0,400,Sell,236023048
2024-08-30 11:22:15,23100.0,500,Buy,236023137
2024-08-30 11:22:29,23050.0,400,Sell,236023270
2024-08-30 11:22:45,23050.0,400,Sell,236023418
2024-08-30 11:22:50,23050.0,400,Sell,236023438
2024-08-30 11:23:10,23050.0,400,Sell,236023622
2024-08-30 11:23:13,23050.0,300,Sell,236023648
2024-08-30 11:23:26,23050.0,200,Sell,236023830
2024-08-30 11:23:30,23050.0,400,Sell,236023864
2024-08-30 11:23:42,23050.0,10000,Sell,236024012
2024-08-30 11:23:42,23050.0,400,Sell,236024014
2024-08-30 11:23:50,23050.0,500,Sell,236024124
2024-08-30 11:24:10,23050.0,300,Sell,236024334
2024-08-30 11:24:11,23050.0,500,Sell,236024337
2024-08-30 11:24:31,23050.0,500,Sell,236024548
2024-08-30 11:24:38,23050.0,100,Sell,236024613
2024-08-30 11:24:38,23050.0,300,Sell,236024614
2024-08-30 11:24:43,23050.0,2600,Sell,236024657
2024-08-30 11:24:51,23050.0,500,Sell,236024769
2024-08-30 11:25:01,23050.0,200,Sell,236024875
2024-08-30 11:25:06,23050.0,300,Sell,236024913
2024-08-30 11:25:11,23050.0,500,Sell,236024969
2024-08-30 11:25:18,23050.0,2900,Sell,236025082
2024-08-30 11:25:32,23050.0,500,Sell,236025251
2024-08-30 11:25:34,23050.0,400,Sell,236025278
2024-08-30 11:25:40,23050.0,400,Sell,236025341
2024-08-30 11:25:52,23050.0,500,Sell,236025455
2024-08-30 11:26:02,23050.0,400,Sell,236025574
2024-08-30 11:26:12,23050.0,500,Sell,236025676
2024-08-30 11:26:30,23050.0,300,Sell,236025933
2024-08-30 11:26:32,23050.0,500,Sell,236025946
2024-08-30 11:26:34,23050.0,600,Sell,236025953
2024-08-30 11:26:43,23100.0,13000,Buy,236026054
2024-08-30 11:26:45,23100.0,30600,Buy,236026075
2024-08-30 11:26:46,23100.0,8400,Buy,236026080
2024-08-30 11:26:48,23100.0,13400,Buy,236026102
2024-08-30 11:26:53,23050.0,500,Sell,236026144
2024-08-30 11:26:58,23100.0,7400,Buy,236026203
2024-08-30 11:27:13,23050.0,400,Sell,236026339
2024-08-30 11:27:13,23050.0,100,Sell,236026338
2024-08-30 11:27:27,23100.0,12000,Buy,236026621
2024-08-30 11:27:27,23050.0,300,Sell,236026626
2024-08-30 11:27:31,23100.0,1000,Buy,236026720
2024-08-30 11:27:31,23100.0,100,Buy,236026719
2024-08-30 11:27:31,23100.0,100,Buy,236026718
2024-08-30 11:27:31,23100.0,2300,Buy,236026717
2024-08-30 11:27:31,23100.0,500,Buy,236026716
2024-08-30 11:27:31,23100.0,5000,Buy,236026715
2024-08-30 11:27:31,23100.0,400,Buy,236026714
2024-08-30 11:27:31,23100.0,100,Buy,236026713
2024-08-30 11:27:31,23100.0,500,Buy,236026712
2024-08-30 11:27:31,23100.0,500,Buy,236026711
2024-08-30 11:27:31,23100.0,400,Buy,236026709
2024-08-30 11:27:31,23100.0,1800,Buy,236026710
2024-08-30 11:27:31,23100.0,5000,Buy,236026700
2024-08-30 11:27:31,23100.0,100,Buy,236026707
2024-08-30 11:27:31,23100.0,1000,Buy,236026706
2024-08-30 11:27:31,23100.0,900,Buy,236026705
2024-08-30 11:27:31,23100.0,400,Buy,236026704
2024-08-30 11:27:31,23100.0,15500,Buy,236026703
2024-08-30 11:27:31,23100.0,1000,Buy,236026702
2024-08-30 11:27:31,23100.0,2500,Buy,236026701
2024-08-30 11:27:31,23100.0,100,Buy,236026708
2024-08-30 11:27:31,23100.0,1000,Buy,236026699
2024-08-30 11:27:31,23100.0,400,Buy,236026698
2024-08-30 11:27:31,23100.0,52100,Buy,236026697
2024-08-30 11:27:32,23100.0,400,Buy,236026729
2024-08-30 11:27:32,23100.0,400,Buy,236026728
2024-08-30 11:27:32,23100.0,500,Buy,236026731
2024-08-30 11:27:32,23100.0,900,Buy,236026730
2024-08-30 11:27:32,23100.0,200,Buy,236026727
2024-08-30 11:27:32,23100.0,1000,Buy,236026732
2024-08-30 11:27:32,23100.0,600,Buy,236026725
2024-08-30 11:27:32,23100.0,500,Buy,236026724
2024-08-30 11:27:32,23100.0,1000,Buy,236026723
2024-08-30 11:27:32,23100.0,9500,Buy,236026722
2024-08-30 11:27:32,23100.0,200,Buy,236026721
2024-08-30 11:27:32,23100.0,300,Buy,236026726
2024-08-30 11:27:41,23100.0,2800,Sell,236026850
2024-08-30 11:28:17,23100.0,2000,Buy,236027387
2024-08-30 11:28:38,23100.0,1300,Buy,236027677
2024-08-30 11:28:42,23100.0,400,Buy,236027721
2024-08-30 11:28:54,23100.0,400,Buy,236027854
2024-08-30 11:28:54,23100.0,500,Buy,236027853
2024-08-30 11:28:54,23100.0,300,Buy,236027852
2024-08-30 11:28:54,23100.0,200,Buy,236027851
2024-08-30 11:28:54,23100.0,100,Buy,236027850
2024-08-30 11:28:54,23100.0,400,Buy,236027849
2024-08-30 11:28:54,23100.0,3500,Buy,236027848
2024-08-30 11:28:56,23100.0,4600,Sell,236027873
2024-08-30 11:29:06,23100.0,10000,Buy,236027966
2024-08-30 11:29:17,23100.0,200,Buy,236028063
2024-08-30 11:29:22,23100.0,5000,Buy,236028124
2024-08-30 11:29:38,23100.0,5000,Buy,236028286
2024-08-30 11:29:38,23100.0,5700,Buy,236028284
2024-08-30 11:29:38,23100.0,1000,Buy,236028283
2024-08-30 11:29:38,23100.0,100,Buy,236028282
2024-08-30 11:29:38,23100.0,200,Buy,236028276
2024-08-30 11:29:38,23100.0,1000,Buy,236028280
2024-08-30 11:29:38,23100.0,1000,Buy,236028279
2024-08-30 11:29:38,23100.0,500,Buy,236028278
2024-08-30 11:29:38,23100.0,100,Buy,236028277
2024-08-30 11:29:38,23100.0,400,Buy,236028281
2024-08-30 11:29:48,23100.0,10000,Buy,236028373
2024-08-30 12:59:55,23100.0,300,Buy,236028586
2024-08-30 12:59:55,23100.0,100,Buy,236028587
2024-08-30 12:59:55,23050.0,100,Sell,236028736
2024-08-30 12:59:55,23050.0,1000,Sell,236028737
2024-08-30 12:59:56,23100.0,300,Buy,236029034
2024-08-30 12:59:56,23050.0,4400,Sell,236029035
2024-08-30 12:59:57,23100.0,7200,Buy,236029303
2024-08-30 12:59:57,23100.0,100,Buy,236029300
2024-08-30 12:59:57,23100.0,400,Buy,236029301
2024-08-30 12:59:57,23100.0,2000,Buy,236029299
2024-08-30 12:59:57,23100.0,100,Buy,236029302
2024-08-30 12:59:57,23100.0,1000,Buy,236029297
2024-08-30 12:59:57,23100.0,28600,Buy,236029294
2024-08-30 12:59:57,23100.0,100,Buy,236029298
2024-08-30 12:59:57,23100.0,5000,Buy,236029296
2024-08-30 12:59:57,23100.0,500,Buy,236029295
2024-08-30 12:59:58,23100.0,100,Buy,236029583
2024-08-30 12:59:59,23100.0,400,Buy,236029948
2024-08-30 12:59:59,23050.0,100,Sell,236029949
2024-08-30 12:59:59,23100.0,600,Buy,236029950
2024-08-30 12:59:59,23100.0,100,Buy,236029981
2024-08-30 12:59:59,23050.0,400,Sell,236030026
2024-08-30 13:00:00,23100.0,13600,Buy,236030247
2024-08-30 13:00:00,23100.0,100,Buy,236030268
2024-08-30 13:00:00,23100.0,200,Buy,236030249
2024-08-30 13:00:00,23100.0,100,Buy,236030250
2024-08-30 13:00:00,23100.0,700,Buy,236030251
2024-08-30 13:00:00,23100.0,100,Buy,236030252
2024-08-30 13:00:00,23100.0,200,Buy,236030253
2024-08-30 13:00:00,23100.0,5700,Buy,236030254
2024-08-30 13:00:00,23100.0,3100,Buy,236030255
2024-08-30 13:00:00,23100.0,100,Buy,236030248
2024-08-30 13:00:03,23100.0,100,Buy,236030573
2024-08-30 13:00:03,23100.0,1000,Buy,236030551
2024-08-30 13:00:04,23100.0,5000,Buy,236030593
2024-08-30 13:00:05,23100.0,1000,Buy,236030786
2024-08-30 13:00:05,23050.0,100,Sell,236030737
2024-08-30 13:00:06,23100.0,200,Buy,236030895
2024-08-30 13:00:09,23050.0,1000,Sell,236031127
2024-08-30 13:00:13,23100.0,800,Buy,236031365
2024-08-30 13:00:14,23100.0,200,Buy,236031440
2024-08-30 13:00:22,23100.0,1000,Buy,236031787
2024-08-30 13:00:25,23100.0,100,Buy,236031843
2024-08-30 13:00:36,23050.0,100,Sell,236032014
2024-08-30 13:00:43,23100.0,800,Buy,236032143
2024-08-30 13:00:43,23100.0,3000,Buy,236032144
2024-08-30 13:00:43,23100.0,16100,Buy,236032145
2024-08-30 13:00:43,23100.0,1000,Buy,236032146
2024-08-30 13:00:43,23100.0,1000,Buy,236032147
2024-08-30 13:00:43,23100.0,100,Buy,236032148
2024-08-30 13:00:43,23100.0,300,Buy,236032149
2024-08-30 13:00:43,23100.0,1400,Buy,236032142
2024-08-30 13:00:44,23050.0,100,Sell,236032174
2024-08-30 13:00:48,23050.0,5000,Sell,236032242
2024-08-30 13:01:09,23100.0,400,Buy,236032689
2024-08-30 13:01:09,23100.0,700,Buy,236032690
2024-08-30 13:01:09,23100.0,500,Buy,236032691
2024-08-30 13:01:09,23100.0,2000,Buy,236032692
2024-08-30 13:01:09,23100.0,4400,Buy,236032693
2024-08-30 13:01:09,23100.0,500,Buy,236032694
2024-08-30 13:01:09,23100.0,5000,Buy,236032695
2024-08-30 13:01:09,23100.0,500,Buy,236032696
2024-08-30 13:01:09,23100.0,9700,Buy,236032697
2024-08-30 13:01:11,23100.0,1500,Buy,236032832
2024-08-30 13:01:11,23100.0,300,Buy,236032831
2024-08-30 13:01:11,23100.0,10000,Buy,236032830
2024-08-30 13:01:11,23100.0,300,Buy,236032829
2024-08-30 13:01:11,23100.0,1100,Buy,236032833
2024-08-30 13:01:11,23100.0,100,Buy,236032827
2024-08-30 13:01:11,23100.0,600,Buy,236032826
2024-08-30 13:01:11,23100.0,300,Buy,236032825
2024-08-30 13:01:11,23100.0,500,Buy,236032824
2024-08-30 13:01:11,23100.0,5300,Buy,236032823
2024-08-30 13:01:11,23100.0,30000,Buy,236032828
2024-08-30 13:01:18,23100.0,3000,Buy,236033002
2024-08-30 13:01:18,23100.0,400,Buy,236033001
2024-08-30 13:01:18,23100.0,100,Buy,236033000
2024-08-30 13:01:18,23100.0,100,Buy,236033003
2024-08-30 13:01:18,23100.0,100,Buy,236032998
2024-08-30 13:01:18,23100.0,900,Buy,236032997
2024-08-30 13:01:18,23100.0,900,Buy,236032996
2024-08-30 13:01:18,23100.0,100,Buy,236032999
2024-08-30 13:01:22,23100.0,20000,Sell,236033085
2024-08-30 13:01:37,23150.0,4700,Buy,236033369
2024-08-30 13:01:37,23150.0,100,Buy,236033370
2024-08-30 13:01:37,23150.0,1000,Buy,236033371
2024-08-30 13:01:37,23150.0,200,Buy,236033372
2024-08-30 13:01:37,23150.0,10000,Buy,236033373
2024-08-30 13:01:37,23150.0,500,Buy,236033374
2024-08-30 13:01:37,23150.0,7200,Buy,236033375
2024-08-30 13:01:53,23150.0,15900,Buy,236033626
2024-08-30 13:01:53,23150.0,200,Buy,236033625
2024-08-30 13:01:53,23150.0,500,Buy,236033624
2024-08-30 13:01:53,23150.0,100,Buy,236033621
2024-08-30 13:01:53,23150.0,200,Buy,236033622
2024-08-30 13:01:53,23150.0,2000,Buy,236033623
2024-08-30 13:01:53,23150.0,2000,Buy,236033620
2024-08-30 13:01:53,23150.0,2800,Buy,236033619
2024-08-30 13:02:14,23150.0,400,Buy,236034003
2024-08-30 13:02:14,23150.0,2500,Buy,236034002
2024-08-30 13:02:14,23150.0,100,Buy,236034001
2024-08-30 13:02:14,23150.0,14100,Buy,236033997
2024-08-30 13:02:14,23150.0,4000,Buy,236033999
2024-08-30 13:02:14,23150.0,2500,Buy,236033998
2024-08-30 13:02:14,23150.0,100,Buy,236034000
2024-08-30 13:02:37,23150.0,4100,Buy,236034385
2024-08-30 13:02:37,23150.0,2500,Buy,236034386
2024-08-30 13:02:37,23150.0,300,Buy,236034387
2024-08-30 13:02:37,23150.0,3000,Buy,236034388
2024-08-30 13:02:37,23150.0,2000,Buy,236034389
2024-08-30 13:02:37,23150.0,11800,Buy,236034390
2024-08-30 13:02:58,23100.0,2000,Sell,236034824
2024-08-30 13:02:58,23150.0,100,Buy,236034827
2024-08-30 13:03:21,23150.0,7100,Buy,236035307
2024-08-30 13:03:21,23150.0,1500,Buy,236035309
2024-08-30 13:03:21,23150.0,15100,Buy,236035310
2024-08-30 13:03:33,23150.0,600,Buy,236035544
2024-08-30 13:04:01,23150.0,15000,Buy,236035966
2024-08-30 13:04:32,23100.0,300,Sell,236036580
2024-08-30 13:04:42,23100.0,2200,Sell,236036781
2024-08-30 13:04:57,23100.0,100,Sell,236037008
2024-08-30 13:05:12,23100.0,200,Sell,236037255
2024-08-30 13:05:16,23150.0,200,Buy,236037332
2024-08-30 13:05:28,23100.0,1000,Sell,236037550
2024-08-30 13:05:38,23100.0,100,Sell,236037701
2024-08-30 13:05:53,23100.0,100,Sell,236038073
2024-08-30 13:05:54,23100.0,300,Sell,236038097
2024-08-30 13:06:21,23100.0,100,Sell,236038554
2024-08-30 13:06:23,23100.0,1000,Sell,236038593
2024-08-30 13:06:26,23150.0,2000,Buy,236038651
2024-08-30 13:06:26,23150.0,200,Buy,236038652
2024-08-30 13:06:26,23150.0,100,Buy,236038650
2024-08-30 13:06:26,23150.0,5100,Buy,236038649
2024-08-30 13:06:28,23150.0,13000,Buy,236038665
2024-08-30 13:06:44,23150.0,8400,Buy,236039007
2024-08-30 13:06:56,23150.0,3400,Buy,236039254
2024-08-30 13:06:56,23150.0,100,Buy,236039255
2024-08-30 13:06:56,23150.0,100,Buy,236039256
2024-08-30 13:06:56,23150.0,700,Buy,236039257
2024-08-30 13:06:56,23150.0,7700,Buy,236039258
2024-08-30 13:07:01,23150.0,100,Buy,236039342
2024-08-30 13:07:21,23150.0,6600,Buy,236039679
2024-08-30 13:07:21,23150.0,100,Buy,236039677
2024-08-30 13:07:21,23150.0,4000,Buy,236039676
2024-08-30 13:07:21,23150.0,2700,Buy,236039678
2024-08-30 13:07:23,23150.0,20000,Buy,236039767
2024-08-30 13:07:23,23150.0,2000,Buy,236039766
2024-08-30 13:07:23,23150.0,2000,Buy,236039765
2024-08-30 13:07:23,23150.0,10000,Buy,236039762
2024-08-30 13:07:23,23150.0,100,Buy,236039763
2024-08-30 13:07:23,23150.0,2000,Buy,236039768
2024-08-30 13:07:23,23150.0,500,Buy,236039764
2024-08-30 13:07:23,23150.0,500,Buy,236039769
2024-08-30 13:07:23,23150.0,400,Buy,236039777
2024-08-30 13:07:23,23150.0,100,Buy,236039771
2024-08-30 13:07:23,23150.0,100,Buy,236039772
2024-08-30 13:07:23,23150.0,3000,Buy,236039774
2024-08-30 13:07:23,23150.0,400,Buy,236039775
2024-08-30 13:07:23,23150.0,700,Buy,236039776
2024-08-30 13:07:23,23150.0,1700,Buy,236039778
2024-08-30 13:07:23,23150.0,100,Buy,236039770
2024-08-30 13:07:23,23150.0,3000,Buy,236039761
2024-08-30 13:07:23,23150.0,1000,Buy,236039773
2024-08-30 13:07:23,23150.0,2000,Buy,236039759
2024-08-30 13:07:23,23150.0,300,Buy,236039743
2024-08-30 13:07:23,23150.0,3000,Buy,236039744
2024-08-30 13:07:23,23150.0,500,Buy,236039745
2024-08-30 13:07:23,23150.0,100,Buy,236039746
2024-08-30 13:07:23,23150.0,1000,Buy,236039747
2024-08-30 13:07:23,23150.0,38400,Buy,236039742
2024-08-30 13:07:23,23150.0,200,Buy,236039748
2024-08-30 13:07:23,23150.0,5000,Buy,236039750
2024-08-30 13:07:23,23150.0,500,Buy,236039749
2024-08-30 13:07:23,23150.0,5000,Buy,236039752
2024-08-30 13:07:23,23150.0,400,Buy,236039753
2024-08-30 13:07:23,23150.0,2000,Buy,236039754
2024-08-30 13:07:23,23150.0,3000,Buy,236039755
2024-08-30 13:07:23,23150.0,500,Buy,236039756
2024-08-30 13:07:23,23150.0,400,Buy,236039757
2024-08-30 13:07:23,23150.0,500,Buy,236039758
2024-08-30 13:07:23,23150.0,500,Buy,236039751
2024-08-30 13:07:23,23150.0,100,Buy,236039760
2024-08-30 13:07:28,23100.0,500,Sell,236039902
2024-08-30 13:07:43,23100.0,5000,Sell,236040264
2024-08-30 13:07:45,23100.0,100,Sell,236040283
2024-08-30 13:07:52,23150.0,4700,Buy,236040372
2024-08-30 13:07:52,23150.0,300,Buy,236040371
2024-08-30 13:07:53,23100.0,4200,Sell,236040374
2024-08-30 13:07:57,23100.0,1000,Sell,236040473
2024-08-30 13:08:13,23100.0,100,Sell,236040804
2024-08-30 13:08:20,23100.0,200,Sell,236040937
2024-08-30 13:08:29,23100.0,100,Sell,236041212
2024-08-30 13:08:42,23100.0,100,Sell,236041585
2024-08-30 13:08:52,23100.0,4100,Sell,236041813
2024-08-30 13:09:10,23100.0,100,Sell,236042131
2024-08-30 13:09:11,23100.0,500,Sell,236042147
2024-08-30 13:09:16,23100.0,500,Sell,236042221
2024-08-30 13:09:24,23150.0,5000,Buy,236042416
2024-08-30 13:09:28,23150.0,7900,Buy,236042507
2024-08-30 13:09:36,23150.0,1000,Buy,236042700
2024-08-30 13:09:37,23150.0,1900,Buy,236042744
2024-08-30 13:09:37,23150.0,1000,Buy,236042743
2024-08-30 13:09:37,23150.0,1000,Buy,236042742
2024-08-30 13:09:37,23150.0,1900,Buy,236042740
2024-08-30 13:09:37,23150.0,100,Buy,236042741
2024-08-30 13:09:37,23150.0,100,Buy,236042737
2024-08-30 13:09:37,23150.0,11400,Buy,236042733
2024-08-30 13:09:37,23150.0,1000,Buy,236042734
2024-08-30 13:09:37,23150.0,300,Buy,236042738
2024-08-30 13:09:37,23150.0,3600,Buy,236042736
2024-08-30 13:09:37,23150.0,27700,Buy,236042735
2024-08-30 13:09:42,23150.0,9100,Buy,236042815
2024-08-30 13:09:46,23150.0,400,Buy,236042922
2024-08-30 13:09:48,23150.0,700,Buy,236042970
2024-08-30 13:09:48,23150.0,5000,Buy,236042969
2024-08-30 13:09:48,23150.0,500,Buy,236042968
2024-08-30 13:09:48,23150.0,1600,Buy,236042967
2024-08-30 13:09:48,23150.0,1000,Buy,236042966
2024-08-30 13:09:48,23150.0,200,Buy,236042965
2024-08-30 13:09:48,23150.0,500,Buy,236042962
2024-08-30 13:09:48,23150.0,9000,Buy,236042961
2024-08-30 13:09:48,23150.0,100,Buy,236042960
2024-08-30 13:09:48,23150.0,26100,Buy,236042959
2024-08-30 13:09:48,23150.0,5000,Buy,236042964
2024-08-30 13:09:48,23150.0,300,Buy,236042963
2024-08-30 13:09:55,23150.0,1000,Buy,236043213
2024-08-30 13:09:55,23150.0,4100,Buy,236043215
2024-08-30 13:09:55,23150.0,500,Buy,236043214
2024-08-30 13:09:55,23150.0,3000,Buy,236043211
2024-08-30 13:09:55,23150.0,300,Buy,236043210
2024-08-30 13:09:55,23150.0,200,Buy,236043209
2024-08-30 13:09:55,23150.0,700,Buy,236043208
2024-08-30 13:09:55,23150.0,200,Buy,236043212
2024-08-30 13:09:57,23150.0,1000,Buy,236043285
2024-08-30 13:09:57,23150.0,100,Buy,236043271
2024-08-30 13:09:57,23150.0,800,Buy,236043270
2024-08-30 13:09:57,23150.0,5800,Buy,236043272
2024-08-30 13:09:57,23150.0,100,Buy,236043268
2024-08-30 13:09:57,23150.0,1400,Buy,236043267
2024-08-30 13:09:57,23150.0,900,Buy,236043266
2024-08-30 13:09:57,23150.0,15900,Buy,236043265
2024-08-30 13:09:57,23150.0,25000,Buy,236043269
2024-08-30 13:09:58,23150.0,3000,Buy,236043288
2024-08-30 13:10:15,23150.0,20000,Buy,236043847
2024-08-30 13:10:24,23150.0,10200,Buy,236044009
2024-08-30 13:10:24,23150.0,500,Buy,236044010
2024-08-30 13:10:24,23150.0,300,Buy,236044011
2024-08-30 13:10:29,23150.0,1000,Buy,236044168
2024-08-30 13:10:29,23150.0,200,Buy,236044169
2024-08-30 13:10:29,23150.0,1000,Buy,236044166
2024-08-30 13:10:29,23150.0,1000,Buy,236044167
2024-08-30 13:10:29,23150.0,3400,Buy,236044164
2024-08-30 13:10:29,23150.0,2600,Buy,236044165
2024-08-30 13:10:29,23150.0,200,Buy,236044163
2024-08-30 13:10:29,23150.0,500,Buy,236044162
2024-08-30 13:10:29,23150.0,100,Buy,236044161
2024-08-30 13:10:37,23150.0,17900,Buy,236044302
2024-08-30 13:10:37,23150.0,100,Buy,236044301
2024-08-30 13:10:37,23150.0,200,Buy,236044300
2024-08-30 13:10:37,23150.0,200,Buy,236044299
2024-08-30 13:10:37,23150.0,1000,Buy,236044298
2024-08-30 13:10:37,23150.0,100,Buy,236044297
2024-08-30 13:10:37,23150.0,200,Buy,236044296
2024-08-30 13:10:37,23150.0,500,Buy,236044295
2024-08-30 13:10:37,23150.0,800,Buy,236044286
2024-08-30 13:10:37,23150.0,5000,Buy,236044293
2024-08-30 13:10:37,23150.0,200,Buy,236044292
2024-08-30 13:10:37,23150.0,500,Buy,236044291
2024-08-30 13:10:37,23150.0,1000,Buy,236044290
2024-08-30 13:10:37,23150.0,900,Buy,236044289
2024-08-30 13:10:37,23150.0,1000,Buy,236044288
2024-08-30 13:10:37,23150.0,900,Buy,236044287
2024-08-30 13:10:37,23150.0,100,Buy,236044294
2024-08-30 13:10:39,23150.0,2000,Buy,236044367
2024-08-30 13:10:44,23100.0,100,Sell,236044471
2024-08-30 13:10:45,23150.0,4900,Buy,236044493
2024-08-30 13:10:45,23150.0,300,Buy,236044492
2024-08-30 13:10:45,23150.0,200,Buy,236044490
2024-08-30 13:10:45,23150.0,500,Buy,236044489
2024-08-30 13:10:45,23150.0,100,Buy,236044488
2024-08-30 13:10:45,23150.0,300,Buy,236044487
2024-08-30 13:10:45,23150.0,500,Buy,236044491
2024-08-30 13:10:45,23150.0,200,Buy,236044485
2024-08-30 13:10:45,23150.0,2000,Buy,236044484
2024-08-30 13:10:45,23150.0,100,Buy,236044483
2024-08-30 13:10:45,23150.0,500,Buy,236044482
2024-08-30 13:10:45,23150.0,200,Buy,236044481
2024-08-30 13:10:45,23150.0,100,Buy,236044480
2024-08-30 13:10:45,23150.0,100,Buy,236044486
2024-08-30 13:10:49,23150.0,3000,Buy,236044567
2024-08-30 13:10:51,23100.0,1400,Sell,236044603
2024-08-30 13:10:53,23150.0,200,Buy,236044655
2024-08-30 13:10:54,23150.0,2000,Buy,236044702
2024-08-30 13:10:54,23150.0,1000,Buy,236044703
2024-08-30 13:10:54,23150.0,100,Buy,236044704
2024-08-30 13:10:54,23150.0,6000,Buy,236044705
2024-08-30 13:10:54,23150.0,1000,Buy,236044706
2024-08-30 13:10:54,23150.0,100,Buy,236044707
2024-08-30 13:10:54,23150.0,300,Buy,236044712
2024-08-30 13:10:54,23150.0,1000,Buy,236044709
2024-08-30 13:10:54,23150.0,50000,Buy,236044710
2024-08-30 13:10:54,23150.0,5000,Buy,236044711
2024-08-30 13:10:54,23150.0,100,Buy,236044713
2024-08-30 13:10:54,23150.0,500,Buy,236044701
2024-08-30 13:10:54,23150.0,500,Buy,236044708
2024-08-30 13:10:54,23150.0,10000,Buy,236044700
2024-08-30 13:10:54,23150.0,100,Buy,236044691
2024-08-30 13:10:54,23150.0,100,Buy,236044698
2024-08-30 13:10:54,23150.0,11000,Buy,236044681
2024-08-30 13:10:54,23150.0,200,Buy,236044682
2024-08-30 13:10:54,23150.0,3000,Buy,236044699
2024-08-30 13:10:54,23150.0,1100,Buy,236044684
2024-08-30 13:10:54,23150.0,1000,Buy,236044685
2024-08-30 13:10:54,23150.0,4000,Buy,236044686
