time,price,volume,match_type,id
2024-08-27 09:14:39,22500.0,58500,ATO/ATC,234885308
2024-08-27 09:14:40,22500.0,100,Sell,234885447
2024-08-27 09:14:42,22550.0,1200,Buy,234885559
2024-08-27 09:14:42,22550.0,12000,Buy,234885571
2024-08-27 09:14:42,22550.0,100,Buy,234885570
2024-08-27 09:14:42,22550.0,100,Buy,234885569
2024-08-27 09:14:42,22550.0,200,Buy,234885568
2024-08-27 09:14:42,22550.0,400,Buy,234885567
2024-08-27 09:14:42,22550.0,1000,Buy,234885566
2024-08-27 09:14:42,22550.0,400,Buy,234885558
2024-08-27 09:14:42,22550.0,1000,Buy,234885564
2024-08-27 09:14:42,22550.0,800,Buy,234885560
2024-08-27 09:14:42,22550.0,200,Buy,234885561
2024-08-27 09:14:42,22550.0,1000,Buy,234885565
2024-08-27 09:14:42,22550.0,31400,Buy,234885563
2024-08-27 09:14:42,22550.0,200,Buy,234885562
2024-08-27 09:15:31,22550.0,500,Buy,234886282
2024-08-27 09:15:56,22500.0,500,Sell,234886746
2024-08-27 09:15:56,22500.0,200,Sell,234886745
2024-08-27 09:15:56,22500.0,700,Sell,234886742
2024-08-27 09:15:56,22500.0,100,Sell,234886743
2024-08-27 09:15:56,22500.0,500,Sell,234886744
2024-08-27 09:16:02,22500.0,100,Sell,234886839
2024-08-27 09:16:02,22500.0,100,Sell,234886840
2024-08-27 09:16:02,22500.0,100,Sell,234886841
2024-08-27 09:16:02,22500.0,1700,Sell,234886842
2024-08-27 09:16:03,22500.0,200,Sell,234886859
2024-08-27 09:16:03,22500.0,15000,Sell,234886858
2024-08-27 09:16:03,22500.0,100,Sell,234886860
2024-08-27 09:16:03,22500.0,1000,Sell,234886856
2024-08-27 09:16:03,22500.0,2000,Sell,234886855
2024-08-27 09:16:03,22500.0,300,Sell,234886854
2024-08-27 09:16:03,22500.0,2000,Sell,234886857
2024-08-27 09:16:07,22500.0,800,Buy,234886931
2024-08-27 09:16:54,22500.0,200,Buy,234887923
2024-08-27 09:17:16,22500.0,100,Buy,234888358
2024-08-27 09:17:33,22450.0,500,Sell,234888664
2024-08-27 09:17:41,22500.0,2000,Buy,234888874
2024-08-27 09:17:41,22450.0,600,Sell,234888878
2024-08-27 09:17:55,22450.0,100,Sell,234889167
2024-08-27 09:18:00,22500.0,10800,Buy,234889295
2024-08-27 09:18:00,22500.0,2000,Buy,234889294
2024-08-27 09:18:00,22500.0,4000,Buy,234889293
2024-08-27 09:18:00,22500.0,100,Buy,234889292
2024-08-27 09:18:00,22500.0,3000,Buy,234889290
2024-08-27 09:18:00,22500.0,400,Buy,234889289
2024-08-27 09:18:00,22500.0,2000,Buy,234889291
2024-08-27 09:18:00,22500.0,4000,Buy,234889288
2024-08-27 09:18:00,22500.0,3700,Buy,234889287
2024-08-27 09:18:17,22500.0,14200,Buy,234889699
2024-08-27 09:18:17,22500.0,400,Buy,234889700
2024-08-27 09:18:20,22500.0,5000,Sell,234889777
2024-08-27 09:18:24,22500.0,200,Sell,234889879
2024-08-27 09:18:28,22500.0,200,Sell,234889952
2024-08-27 09:18:28,22500.0,400,Sell,234889953
2024-08-27 09:18:31,22500.0,500,Sell,234889989
2024-08-27 09:18:37,22500.0,1000,Sell,234890154
2024-08-27 09:19:09,22500.0,100,Sell,234890759
2024-08-27 09:19:13,22500.0,10000,Sell,234890848
2024-08-27 09:19:35,22500.0,11700,Sell,234891431
2024-08-27 09:19:35,22500.0,1000,Sell,234891432
2024-08-27 09:19:35,22500.0,23700,Sell,234891433
2024-08-27 09:19:35,22500.0,100,Sell,234891434
2024-08-27 09:19:35,22500.0,100,Sell,234891435
2024-08-27 09:19:35,22500.0,500,Sell,234891436
2024-08-27 09:19:35,22500.0,12900,Sell,234891437
2024-08-27 09:19:39,22500.0,100,Sell,234891540
2024-08-27 09:19:45,22500.0,12600,Sell,234891659
2024-08-27 09:19:48,22500.0,600,Buy,234891715
2024-08-27 09:19:49,22500.0,1200,Buy,234891745
2024-08-27 09:19:51,22450.0,500,Sell,234891768
2024-08-27 09:19:51,22450.0,100,Sell,234891765
2024-08-27 09:19:51,22450.0,1100,Sell,234891766
2024-08-27 09:19:51,22450.0,300,Sell,234891767
2024-08-27 09:20:41,22500.0,1000,Buy,234892871
2024-08-27 09:20:50,22500.0,1000,Buy,234893041
2024-08-27 09:20:52,22450.0,100,Sell,234893074
2024-08-27 09:20:52,22450.0,1900,Sell,234893075
2024-08-27 09:20:56,22500.0,100,Buy,234893150
2024-08-27 09:21:01,22500.0,3300,Buy,234893307
2024-08-27 09:21:01,22500.0,2000,Buy,234893306
2024-08-27 09:21:01,22500.0,2000,Buy,234893305
2024-08-27 09:21:01,22500.0,1000,Buy,234893302
2024-08-27 09:21:01,22500.0,8200,Buy,234893301
2024-08-27 09:21:01,22500.0,3000,Buy,234893304
2024-08-27 09:21:01,22500.0,500,Buy,234893303
2024-08-27 09:21:12,22500.0,1000,Buy,234893557
2024-08-27 09:21:13,22450.0,200,Sell,234893589
2024-08-27 09:21:13,22450.0,100,Sell,234893584
2024-08-27 09:21:13,22450.0,100,Sell,234893585
2024-08-27 09:21:13,22450.0,100,Sell,234893586
2024-08-27 09:21:13,22450.0,1000,Sell,234893587
2024-08-27 09:21:13,22450.0,1000,Sell,234893588
2024-08-27 09:21:14,22500.0,1000,Buy,234893636
2024-08-27 09:21:25,22500.0,800,Buy,234893914
2024-08-27 09:21:41,22500.0,100,Buy,234894247
2024-08-27 09:21:53,22450.0,400,Sell,234894598
2024-08-27 09:22:01,22500.0,500,Buy,234894840
2024-08-27 09:22:14,22500.0,200,Buy,234895152
2024-08-27 09:22:17,22450.0,1000,Sell,234895196
2024-08-27 09:22:21,22500.0,1000,Buy,234895320
2024-08-27 09:22:26,22450.0,400,Sell,234895429
2024-08-27 09:22:26,22450.0,100,Sell,234895430
2024-08-27 09:22:33,22500.0,100,Buy,234895647
2024-08-27 09:22:42,22450.0,100,Sell,234895865
2024-08-27 09:22:42,22450.0,400,Sell,234895862
2024-08-27 09:22:42,22450.0,200,Sell,234895863
2024-08-27 09:22:42,22450.0,100,Sell,234895864
2024-08-27 09:22:56,22500.0,2000,Buy,234896117
2024-08-27 09:22:56,22500.0,2000,Buy,234896118
2024-08-27 09:22:56,22500.0,700,Buy,234896119
2024-08-27 09:22:56,22500.0,3200,Buy,234896120
2024-08-27 09:22:56,22500.0,100,Buy,234896121
2024-08-27 09:22:56,22500.0,2000,Buy,234896122
2024-08-27 09:23:08,22500.0,500,Buy,234896423
2024-08-27 09:23:11,22500.0,100,Buy,234896497
2024-08-27 09:23:29,22500.0,300,Buy,234896972
2024-08-27 09:23:30,22500.0,1500,Buy,234896978
2024-08-27 09:23:44,22500.0,100,Buy,234897385
2024-08-27 09:23:54,22500.0,2000,Buy,234897601
2024-08-27 09:23:54,22500.0,9900,Buy,234897605
2024-08-27 09:23:54,22500.0,100,Buy,234897604
2024-08-27 09:23:54,22500.0,15500,Buy,234897600
2024-08-27 09:23:54,22500.0,700,Buy,234897602
2024-08-27 09:23:54,22500.0,2000,Buy,234897603
2024-08-27 09:24:07,22500.0,3100,Buy,234897928
2024-08-27 09:24:07,22500.0,1900,Buy,234897929
2024-08-27 09:24:11,22500.0,2700,Buy,234898036
2024-08-27 09:24:11,22500.0,5000,Buy,234898035
2024-08-27 09:24:11,22500.0,5000,Buy,234898034
2024-08-27 09:24:11,22500.0,1000,Buy,234898032
2024-08-27 09:24:11,22500.0,2000,Buy,234898033
2024-08-27 09:24:11,22500.0,5000,Buy,234898030
2024-08-27 09:24:11,22500.0,1000,Buy,234898029
2024-08-27 09:24:11,22500.0,100,Buy,234898028
2024-08-27 09:24:11,22500.0,1000,Buy,234898006
2024-08-27 09:24:11,22500.0,5000,Buy,234898031
2024-08-27 09:24:12,22500.0,3300,Buy,234898058
2024-08-27 09:24:12,22500.0,200,Buy,234898059
2024-08-27 09:24:12,22500.0,2000,Buy,234898060
2024-08-27 09:24:12,22500.0,2000,Buy,234898061
2024-08-27 09:24:22,22500.0,200,Sell,234898313
2024-08-27 09:24:29,22500.0,2000,Sell,234898455
2024-08-27 09:24:37,22500.0,200,Sell,234898584
2024-08-27 09:24:39,22550.0,200,Buy,234898610
2024-08-27 09:24:39,22550.0,700,Buy,234898611
2024-08-27 09:24:41,22550.0,100,Buy,234898683
2024-08-27 09:24:51,22550.0,400,Buy,234898963
2024-08-27 09:24:58,22550.0,100,Buy,234899116
2024-08-27 09:25:39,22550.0,3700,Buy,234899939
2024-08-27 09:25:39,22550.0,300,Buy,234899940
2024-08-27 09:26:00,22550.0,500,Buy,234900360
2024-08-27 09:26:16,22550.0,500,Buy,234900759
2024-08-27 09:26:38,22500.0,2000,Sell,234901300
2024-08-27 09:26:44,22550.0,800,Buy,234901419
2024-08-27 09:26:45,22500.0,600,Sell,234901429
2024-08-27 09:26:49,22500.0,14200,Sell,234901569
2024-08-27 09:26:49,22500.0,200,Sell,234901562
2024-08-27 09:26:49,22500.0,50000,Sell,234901567
2024-08-27 09:26:49,22500.0,500,Sell,234901566
2024-08-27 09:26:49,22500.0,200,Sell,234901565
2024-08-27 09:26:49,22500.0,2000,Sell,234901564
2024-08-27 09:26:49,22500.0,50000,Sell,234901563
2024-08-27 09:26:49,22500.0,200,Sell,234901561
2024-08-27 09:26:49,22500.0,1000,Sell,234901568
2024-08-27 09:26:49,22500.0,28000,Sell,234901559
2024-08-27 09:26:49,22500.0,54200,Sell,234901552
2024-08-27 09:26:49,22500.0,1500,Sell,234901553
2024-08-27 09:26:49,22500.0,30000,Sell,234901554
2024-08-27 09:26:49,22500.0,20000,Sell,234901560
2024-08-27 09:26:49,22500.0,30500,Sell,234901556
2024-08-27 09:26:49,22500.0,1000,Sell,234901557
2024-08-27 09:26:49,22500.0,100,Sell,234901558
2024-08-27 09:26:49,22500.0,16400,Sell,234901555
2024-08-27 09:27:14,22500.0,600,Sell,234902091
2024-08-27 09:27:14,22500.0,300,Sell,234902092
2024-08-27 09:27:14,22500.0,500,Sell,234902093
2024-08-27 09:27:14,22500.0,100,Sell,234902094
2024-08-27 09:27:14,22500.0,300,Sell,234902095
2024-08-27 09:27:14,22500.0,1200,Sell,234902096
2024-08-27 09:27:15,22500.0,100,Sell,234902114
2024-08-27 09:27:30,22500.0,200,Sell,234902487
2024-08-27 09:27:31,22500.0,100,Sell,234902498
2024-08-27 09:27:31,22500.0,5000,Sell,234902499
2024-08-27 09:27:44,22500.0,200,Sell,234902887
2024-08-27 09:28:09,22500.0,100,Sell,234903538
2024-08-27 09:28:15,22500.0,300,Sell,234903680
2024-08-27 09:28:23,22500.0,100,Sell,234903843
2024-08-27 09:28:36,22500.0,100,Sell,234904203
2024-08-27 09:28:41,22500.0,2500,Sell,234904315
2024-08-27 09:28:49,22500.0,100,Sell,234904805
2024-08-27 09:28:49,22500.0,200,Sell,234904806
2024-08-27 09:28:49,22500.0,7700,Sell,234904807
2024-08-27 09:28:51,22550.0,100,Buy,234904863
2024-08-27 09:28:52,22500.0,2300,Sell,234904904
2024-08-27 09:28:52,22500.0,200,Sell,234904902
2024-08-27 09:28:52,22500.0,2300,Sell,234904901
2024-08-27 09:28:52,22500.0,200,Sell,234904903
2024-08-27 09:28:56,22500.0,17700,Sell,234905007
2024-08-27 09:28:56,22500.0,300,Sell,234905008
2024-08-27 09:28:56,22500.0,20100,Sell,234905009
2024-08-27 09:29:43,22450.0,2000,Sell,234906570
2024-08-27 09:29:52,22500.0,300,Buy,234906900
2024-08-27 09:29:54,22450.0,3000,Sell,234907010
2024-08-27 09:30:00,22450.0,2000,Sell,234907206
2024-08-27 09:30:30,22450.0,400,Sell,234908272
2024-08-27 09:30:34,22500.0,400,Buy,234908480
2024-08-27 09:30:35,22450.0,2000,Sell,234908533
2024-08-27 09:30:36,22450.0,300,Sell,234908579
2024-08-27 09:30:45,22500.0,3000,Buy,234908949
2024-08-27 09:30:45,22500.0,2000,Buy,234908948
2024-08-27 09:30:45,22500.0,6000,Buy,234908947
2024-08-27 09:30:45,22500.0,900,Buy,234908945
2024-08-27 09:30:45,22500.0,2000,Buy,234908944
2024-08-27 09:30:45,22500.0,161200,Buy,234908943
2024-08-27 09:30:45,22500.0,2000,Buy,234908946
2024-08-27 09:30:47,22500.0,100,Sell,234909017
2024-08-27 09:30:53,22500.0,100,Sell,234909192
2024-08-27 09:30:56,22500.0,1000,Sell,234909348
2024-08-27 09:30:57,22500.0,400,Sell,234909367
2024-08-27 09:30:59,22500.0,300,Sell,234909431
2024-08-27 09:31:06,22500.0,100,Sell,234909653
2024-08-27 09:31:09,22500.0,2000,Sell,234909825
2024-08-27 09:31:19,22500.0,100,Sell,234910079
2024-08-27 09:31:19,22550.0,100,Buy,234910087
2024-08-27 09:31:22,22500.0,16000,Sell,234910149
2024-08-27 09:31:30,22500.0,1000,Sell,234910457
2024-08-27 09:31:32,22500.0,17800,Sell,234910547
2024-08-27 09:31:32,22500.0,12200,Sell,234910549
2024-08-27 09:31:32,22500.0,20000,Sell,234910548
2024-08-27 09:31:36,22500.0,100,Sell,234910656
2024-08-27 09:31:36,22550.0,100,Buy,234910658
2024-08-27 09:31:46,22500.0,1500,Sell,234911087
2024-08-27 09:31:46,22500.0,1000,Sell,234911083
2024-08-27 09:31:46,22500.0,1000,Sell,234911086
2024-08-27 09:31:47,22500.0,4200,Sell,234911091
2024-08-27 09:31:47,22500.0,800,Sell,234911092
2024-08-27 09:31:47,22500.0,6000,Sell,234911093
2024-08-27 09:32:00,22500.0,13200,Sell,234911497
2024-08-27 09:32:00,22500.0,2000,Sell,234911498
2024-08-27 09:32:09,22500.0,500,Buy,234911781
2024-08-27 09:32:23,22500.0,10000,Buy,234912215
2024-08-27 09:32:26,22500.0,300,Buy,234912305
2024-08-27 09:32:43,22500.0,200,Buy,234912785
2024-08-27 09:32:53,22500.0,200,Buy,234913087
2024-08-27 09:33:18,22500.0,500,Buy,234913771
2024-08-27 09:33:33,22500.0,5000,Buy,234914159
2024-08-27 09:33:54,22450.0,500,Sell,234914775
2024-08-27 09:34:00,22500.0,1300,Buy,234915008
2024-08-27 09:34:00,22500.0,300,Buy,234915009
2024-08-27 09:34:00,22500.0,3400,Buy,234915010
2024-08-27 09:34:18,22500.0,200,Buy,234915548
2024-08-27 09:34:20,22500.0,900,Buy,234915603
2024-08-27 09:34:20,22500.0,5000,Buy,234915601
2024-08-27 09:34:20,22500.0,1000,Buy,234915602
2024-08-27 09:34:20,22500.0,100,Buy,234915599
2024-08-27 09:34:20,22500.0,400,Buy,234915600
2024-08-27 09:34:20,22500.0,200,Buy,234915598
2024-08-27 09:34:20,22500.0,2400,Buy,234915597
2024-08-27 09:34:26,22450.0,500,Sell,234915768
2024-08-27 09:34:32,22450.0,2000,Sell,234915936
2024-08-27 09:35:11,22500.0,6400,Buy,234917209
2024-08-27 09:35:13,22450.0,100,Sell,234917247
2024-08-27 09:35:22,22500.0,100,Buy,234917504
2024-08-27 09:35:22,22500.0,2000,Buy,234917503
2024-08-27 09:35:22,22500.0,5000,Buy,234917502
2024-08-27 09:35:22,22500.0,1000,Buy,234917500
2024-08-27 09:35:22,22500.0,6000,Buy,234917499
2024-08-27 09:35:22,22500.0,1000,Buy,234917501
2024-08-27 09:35:22,22500.0,2700,Buy,234917497
2024-08-27 09:35:22,22500.0,3000,Buy,234917496
2024-08-27 09:35:22,22500.0,4000,Buy,234917495
2024-08-27 09:35:22,22500.0,200,Buy,234917494
2024-08-27 09:35:22,22500.0,200000,Buy,234917493
2024-08-27 09:35:22,22500.0,12700,Buy,234917492
2024-08-27 09:35:22,22500.0,5100,Buy,234917498
2024-08-27 09:35:28,22500.0,1000,Sell,234917620
2024-08-27 09:35:28,22500.0,3000,Sell,234917626
2024-08-27 09:35:37,22500.0,100,Sell,234917852
2024-08-27 09:35:49,22500.0,500,Sell,234918191
2024-08-27 09:35:49,22500.0,2600,Sell,234918201
2024-08-27 09:35:49,22500.0,800,Sell,234918208
2024-08-27 09:35:49,22500.0,7600,Sell,234918209
2024-08-27 09:35:50,22500.0,400,Sell,234918238
2024-08-27 09:36:05,22500.0,200,Buy,234918654
2024-08-27 09:36:10,22500.0,900,Buy,234918805
2024-08-27 09:36:37,22500.0,5000,Buy,234919533
2024-08-27 09:36:39,22500.0,1000,Buy,234919565
2024-08-27 09:36:48,22500.0,500,Buy,234919787
2024-08-27 09:36:59,22500.0,2000,Buy,234920078
2024-08-27 09:36:59,22500.0,3000,Buy,234920079
2024-08-27 09:37:41,22500.0,100,Buy,234921350
2024-08-27 09:37:41,22500.0,4000,Buy,234921349
2024-08-27 09:37:41,22500.0,500,Buy,234921348
2024-08-27 09:37:41,22500.0,3000,Buy,234921352
2024-08-27 09:37:41,22500.0,100,Buy,234921346
2024-08-27 09:37:41,22500.0,1000,Buy,234921345
2024-08-27 09:37:41,22500.0,5000,Buy,234921344
2024-08-27 09:37:41,22500.0,5000,Buy,234921347
2024-08-27 09:37:41,22500.0,5000,Buy,234921351
2024-08-27 09:37:53,22500.0,2000,Buy,234921767
2024-08-27 09:37:53,22500.0,5000,Buy,234921768
2024-08-27 09:37:53,22500.0,16700,Buy,234921769
2024-08-27 09:38:09,22500.0,1000,Buy,234922410
2024-08-27 09:38:12,22500.0,12300,Buy,234922487
2024-08-27 09:38:12,22500.0,1000,Buy,234922488
2024-08-27 09:38:12,22500.0,5000,Buy,234922489
2024-08-27 09:38:12,22500.0,5000,Buy,234922490
2024-08-27 09:38:12,22500.0,400,Buy,234922491
2024-08-27 09:38:22,22450.0,2000,Sell,234922891
2024-08-27 09:38:23,22500.0,400,Buy,234922901
2024-08-27 09:38:23,22500.0,199600,Buy,234922900
2024-08-27 09:38:41,22500.0,100,Buy,234923370
2024-08-27 09:39:03,22500.0,100,Buy,234923996
2024-08-27 09:39:03,22500.0,100,Buy,234923995
2024-08-27 09:39:03,22500.0,4000,Buy,234924005
2024-08-27 09:39:03,22500.0,500,Buy,234924004
2024-08-27 09:39:03,22500.0,500,Buy,234924003
2024-08-27 09:39:03,22500.0,100,Buy,234924002
2024-08-27 09:39:03,22500.0,2900,Buy,234924007
2024-08-27 09:39:03,22500.0,300,Buy,234924000
2024-08-27 09:39:03,22500.0,1000,Buy,234924001
2024-08-27 09:39:03,22500.0,5000,Buy,234923997
2024-08-27 09:39:03,22500.0,100,Buy,234924006
2024-08-27 09:39:03,22500.0,200,Buy,234923998
2024-08-27 09:39:03,22500.0,7000,Buy,234923999
2024-08-27 09:39:06,22500.0,1900,Sell,234924124
2024-08-27 09:39:06,22500.0,100,Buy,234924125
2024-08-27 09:39:08,22500.0,500,Buy,234924145
2024-08-27 09:39:10,22500.0,100,Buy,234924251
2024-08-27 09:39:18,22500.0,500,Buy,234924461
2024-08-27 09:39:18,22500.0,5000,Buy,234924462
2024-08-27 09:39:18,22500.0,1600,Buy,234924463
2024-08-27 09:39:18,22500.0,100,Buy,234924464
2024-08-27 09:39:30,22550.0,7600,Buy,234924765
2024-08-27 09:39:30,22550.0,2400,Buy,234924766
2024-08-27 09:39:30,22500.0,1000,Sell,234924767
2024-08-27 09:39:41,22500.0,500,Sell,234925027
2024-08-27 09:39:52,22500.0,800,Sell,234925318
2024-08-27 09:40:04,22500.0,2000,Sell,234925706
2024-08-27 09:40:04,22500.0,500,Sell,234925686
2024-08-27 09:40:04,22550.0,100,Buy,234925683
2024-08-27 09:40:04,22500.0,500,Sell,234925684
2024-08-27 09:40:04,22500.0,1000,Sell,234925685
2024-08-27 09:40:13,22500.0,300,Sell,234925949
2024-08-27 09:40:14,22500.0,2000,Sell,234925994
2024-08-27 09:40:17,22550.0,100,Buy,234926060
2024-08-27 09:40:18,22500.0,200,Sell,234926074
2024-08-27 09:40:18,22500.0,2500,Sell,234926075
2024-08-27 09:40:24,22500.0,3000,Sell,234926233
2024-08-27 09:40:24,22500.0,2000,Sell,234926232
2024-08-27 09:40:24,22500.0,1000,Sell,234926231
2024-08-27 09:40:24,22500.0,3000,Sell,234926230
2024-08-27 09:40:24,22500.0,1000,Sell,234926227
2024-08-27 09:40:24,22500.0,500,Sell,234926226
2024-08-27 09:40:24,22500.0,15000,Sell,234926229
2024-08-27 09:40:24,22500.0,1000,Sell,234926228
2024-08-27 09:40:27,22500.0,23500,Buy,234926360
2024-08-27 09:40:27,22500.0,76500,Buy,234926361
2024-08-27 09:40:32,22500.0,600,Buy,234926430
2024-08-27 09:40:32,22500.0,5000,Buy,234926481
2024-08-27 09:40:35,22500.0,1000,Buy,234926557
2024-08-27 09:40:52,22500.0,900,Buy,234926938
2024-08-27 09:41:13,22500.0,100,Buy,234927551
2024-08-27 09:41:13,22500.0,10000,Buy,234927556
2024-08-27 09:41:19,22500.0,1000,Buy,234927676
2024-08-27 09:41:31,22500.0,200,Buy,234928009
2024-08-27 09:41:33,22500.0,1000,Buy,234928083
2024-08-27 09:41:56,22500.0,1000,Buy,234928878
2024-08-27 09:41:56,22500.0,200,Buy,234928908
2024-08-27 09:42:05,22450.0,900,Sell,234929409
2024-08-27 09:42:11,22500.0,1000,Buy,234929606
2024-08-27 09:42:18,22500.0,100,Buy,234929863
2024-08-27 09:42:25,22500.0,2000,Buy,234930097
2024-08-27 09:42:27,22500.0,1000,Buy,234930123
2024-08-27 09:42:27,22450.0,2300,Sell,234930129
2024-08-27 09:42:58,22450.0,3700,Sell,234931318
2024-08-27 09:43:17,22450.0,1000,Sell,234932094
2024-08-27 09:43:29,22450.0,300,Sell,234932346
2024-08-27 09:43:29,22500.0,5000,Buy,234932350
2024-08-27 09:43:34,22500.0,20000,Buy,234932541
2024-08-27 09:43:44,22500.0,3000,Buy,234932798
2024-08-27 09:43:46,22500.0,200,Buy,234932837
2024-08-27 09:43:46,22500.0,500,Buy,234932840
2024-08-27 09:43:46,22500.0,900,Buy,234932839
2024-08-27 09:43:46,22500.0,100,Buy,234932838
2024-08-27 09:43:46,22500.0,2000,Buy,234932836
2024-08-27 09:43:46,22500.0,9600,Buy,234932841
2024-08-27 09:43:46,22500.0,1800,Buy,234932834
2024-08-27 09:43:46,22500.0,100,Buy,234932833
2024-08-27 09:43:46,22500.0,2000,Buy,234932832
2024-08-27 09:43:46,22500.0,1000,Buy,234932831
2024-08-27 09:43:46,22500.0,15800,Buy,234932830
2024-08-27 09:43:46,22500.0,1000,Buy,234932835
2024-08-27 09:43:47,22500.0,1000,Buy,234932872
2024-08-27 09:43:56,22500.0,4700,Buy,234933061
2024-08-27 09:43:56,22500.0,300,Buy,234933062
2024-08-27 09:44:02,22500.0,1700,Buy,234933303
2024-08-27 09:44:02,22500.0,5500,Buy,234933304
2024-08-27 09:44:02,22500.0,1000,Buy,234933309
2024-08-27 09:44:19,22500.0,100,Buy,234933688
2024-08-27 09:44:21,22500.0,1000,Buy,234933723
2024-08-27 09:44:24,22500.0,1400,Buy,234933833
2024-08-27 09:44:24,22500.0,300,Buy,234933831
2024-08-27 09:44:24,22500.0,300,Buy,234933832
2024-08-27 09:44:27,22500.0,4500,Buy,234933902
2024-08-27 09:44:27,22500.0,300,Buy,234933903
2024-08-27 09:44:29,22500.0,2000,Sell,234933938
2024-08-27 09:44:33,22500.0,2000,Sell,234934018
2024-08-27 09:44:37,22500.0,100,Sell,234934079
2024-08-27 09:44:47,22500.0,200,Sell,234934309
2024-08-27 09:44:57,22500.0,900,Sell,234934534
2024-08-27 09:44:57,22500.0,100,Sell,234934535
2024-08-27 09:44:57,22500.0,400,Sell,234934536
2024-08-27 09:45:06,22500.0,1100,Sell,234934755
2024-08-27 09:45:06,22500.0,2000,Sell,234934753
2024-08-27 09:45:06,22500.0,200,Sell,234934754
2024-08-27 09:45:06,22500.0,400,Sell,234934751
2024-08-27 09:45:06,22500.0,1000,Sell,234934742
2024-08-27 09:45:06,22500.0,1000,Sell,234934752
2024-08-27 09:45:20,22500.0,300,Buy,234935094
2024-08-27 09:45:20,22500.0,40000,Buy,234935095
2024-08-27 09:45:20,22500.0,2000,Sell,234935099
2024-08-27 09:45:51,22500.0,500,Sell,234935956
2024-08-27 09:46:04,22500.0,1000,Sell,234936287
2024-08-27 09:46:39,22500.0,100,Sell,234936991
2024-08-27 09:46:46,22500.0,1100,Sell,234937176
2024-08-27 09:46:50,22500.0,200,Sell,234937280
2024-08-27 09:46:51,22500.0,5000,Sell,234937312
2024-08-27 09:46:53,22500.0,200,Sell,234937359
2024-08-27 09:47:08,22500.0,500,Sell,234937640
2024-08-27 09:47:21,22500.0,15000,Sell,234937925
2024-08-27 09:47:32,22500.0,15000,Sell,234938148
2024-08-27 09:47:51,22500.0,1000,Sell,234938525
2024-08-27 09:47:51,22500.0,100,Sell,234938520
2024-08-27 09:47:51,22500.0,19000,Sell,234938524
2024-08-27 09:47:55,22500.0,1500,Sell,234938595
2024-08-27 09:47:55,22500.0,8500,Sell,234938596
2024-08-27 09:47:57,22500.0,2000,Sell,234938679
2024-08-27 09:48:06,22550.0,1800,Buy,234938862
2024-08-27 09:48:07,22500.0,8800,Sell,234938872
2024-08-27 09:48:27,22500.0,600,Sell,234939376
2024-08-27 09:48:30,22550.0,600,Buy,234939426
2024-08-27 09:48:30,22550.0,5000,Buy,234939427
2024-08-27 09:48:30,22550.0,2000,Buy,234939428
2024-08-27 09:48:30,22550.0,7700,Buy,234939429
2024-08-27 09:48:46,22550.0,1000,Buy,234939761
2024-08-27 09:48:51,22500.0,200,Sell,234939851
2024-08-27 09:49:16,22500.0,2000,Sell,234940403
2024-08-27 09:49:57,22500.0,10000,Sell,234941074
2024-08-27 09:50:01,22500.0,2000,Sell,234941150
2024-08-27 09:50:06,22550.0,100,Buy,234941249
2024-08-27 09:50:26,22550.0,1000,Buy,234941653
2024-08-27 09:50:37,22550.0,100,Buy,234941846
2024-08-27 09:50:42,22550.0,2000,Buy,234941996
2024-08-27 09:50:53,22500.0,2000,Sell,234942252
2024-08-27 09:51:09,22500.0,2000,Sell,234942587
2024-08-27 09:51:11,22500.0,2000,Sell,234942611
2024-08-27 09:51:14,22500.0,1000,Sell,234942644
2024-08-27 09:51:56,22500.0,900,Sell,234943462
2024-08-27 09:51:57,22500.0,3400,Sell,234943482
2024-08-27 09:52:08,22500.0,4000,Sell,234943653
2024-08-27 09:52:39,22500.0,600,Sell,234944259
2024-08-27 09:52:40,22500.0,10000,Sell,234944262
2024-08-27 09:52:44,22500.0,400,Sell,234944335
2024-08-27 09:52:51,22500.0,100,Sell,234944539
2024-08-27 09:53:06,22550.0,100,Buy,234944897
2024-08-27 09:53:08,22500.0,7900,Sell,234944939
2024-08-27 09:53:08,22500.0,7900,Sell,234944959
2024-08-27 09:53:10,22500.0,4000,Sell,234945013
2024-08-27 09:53:13,22500.0,400,Sell,234945078
2024-08-27 09:53:13,22500.0,1700,Sell,234945077
2024-08-27 09:53:13,22500.0,300,Sell,234945076
2024-08-27 09:53:13,22500.0,500,Sell,234945075
2024-08-27 09:53:13,22500.0,100,Sell,234945074
2024-08-27 09:53:13,22500.0,1000,Sell,234945073
2024-08-27 09:53:13,22500.0,1000,Sell,234945072
2024-08-27 09:53:13,22500.0,100,Sell,234945071
2024-08-27 09:53:13,22500.0,100,Sell,234945068
2024-08-27 09:53:13,22500.0,100,Sell,234945070
2024-08-27 09:53:13,22500.0,200,Sell,234945069
2024-08-27 09:53:13,22500.0,100,Sell,234945067
2024-08-27 09:53:13,22500.0,1000,Sell,234945062
2024-08-27 09:53:13,22500.0,300,Sell,234945065
2024-08-27 09:53:13,22500.0,200,Sell,234945066
2024-08-27 09:53:13,22500.0,200000,Sell,234945055
2024-08-27 09:53:13,22500.0,6000,Sell,234945056
2024-08-27 09:53:13,22500.0,2000,Sell,234945057
2024-08-27 09:53:13,22500.0,10000,Sell,234945058
2024-08-27 09:53:13,22500.0,9700,Sell,234945054
2024-08-27 09:53:13,22500.0,10000,Sell,234945060
2024-08-27 09:53:13,22500.0,400,Sell,234945063
2024-08-27 09:53:13,22500.0,5000,Sell,234945064
2024-08-27 09:53:13,22500.0,200,Sell,234945059
2024-08-27 09:53:13,22500.0,20000,Sell,234945061
2024-08-27 09:53:16,22500.0,10700,Sell,234945163
2024-08-27 09:53:25,22500.0,16200,Sell,234945340
2024-08-27 09:53:25,22500.0,200,Sell,234945341
2024-08-27 09:53:30,22500.0,1600,Buy,234945455
2024-08-27 09:53:45,22500.0,300,Buy,234945743
2024-08-27 09:53:52,22500.0,500,Buy,234945859
2024-08-27 09:53:59,22500.0,200,Buy,234945979
2024-08-27 09:54:11,22500.0,100,Buy,234946242
2024-08-27 09:54:22,22500.0,100,Buy,234946449
2024-08-27 09:55:23,22500.0,500,Buy,234947488
2024-08-27 09:55:24,22450.0,200,Sell,234947513
2024-08-27 09:55:24,22450.0,600,Sell,234947511
2024-08-27 09:55:24,22450.0,1500,Sell,234947512
2024-08-27 09:55:42,22500.0,100,Buy,234947908
2024-08-27 09:56:24,22450.0,800,Sell,234948809
2024-08-27 09:56:24,22450.0,100,Sell,234948810
2024-08-27 09:56:24,22450.0,100,Sell,234948811
2024-08-27 09:56:40,22450.0,400,Sell,234949057
2024-08-27 09:56:57,22450.0,800,Sell,234949385
2024-08-27 09:57:45,22450.0,2200,Sell,234950257
2024-08-27 09:58:27,22450.0,5000,Sell,234950879
2024-08-27 09:58:34,22450.0,6000,Sell,234950983
2024-08-27 09:58:38,22450.0,1000,Sell,234951020
2024-08-27 09:58:42,22450.0,500,Sell,234951110
2024-08-27 09:58:43,22450.0,100,Sell,234951120
2024-08-27 09:59:10,22450.0,500,Sell,234951495
2024-08-27 09:59:12,22450.0,1000,Sell,234951519
2024-08-27 09:59:40,22450.0,9300,Sell,234951936
2024-08-27 09:59:40,22450.0,10700,Sell,234951937
2024-08-27 09:59:40,22450.0,1000,Sell,234951944
2024-08-27 09:59:42,22450.0,4700,Sell,234951972
2024-08-27 09:59:42,22450.0,2900,Sell,234951973
2024-08-27 09:59:47,22450.0,2000,Sell,234952020
2024-08-27 09:59:52,22450.0,200,Sell,234952096
2024-08-27 09:59:54,22450.0,4400,Sell,234952124
2024-08-27 10:00:01,22450.0,500,Sell,234952375
2024-08-27 10:00:11,22450.0,100,Sell,234952520
2024-08-27 10:00:11,22450.0,100,Sell,234952522
2024-08-27 10:00:11,22450.0,100,Sell,234952540
2024-08-27 10:00:25,22450.0,3000,Sell,234952788
2024-08-27 10:00:30,22450.0,300,Sell,234952898
2024-08-27 10:00:32,22450.0,2400,Sell,234952922
2024-08-27 10:00:59,22500.0,16400,Buy,234953299
2024-08-27 10:01:28,22500.0,900,Buy,234953779
2024-08-27 10:01:28,22500.0,900,Buy,234953778
2024-08-27 10:01:28,22500.0,1000,Buy,234953776
2024-08-27 10:01:28,22500.0,1000,Buy,234953775
2024-08-27 10:01:28,22500.0,1200,Buy,234953774
2024-08-27 10:01:28,22500.0,300,Buy,234953773
2024-08-27 10:01:28,22500.0,1500,Buy,234953777
2024-08-27 10:01:28,22500.0,300,Buy,234953771
2024-08-27 10:01:28,22500.0,10000,Buy,234953770
2024-08-27 10:01:28,22500.0,4000,Buy,234953769
2024-08-27 10:01:28,22500.0,4200,Buy,234953768
2024-08-27 10:01:28,22500.0,3000,Buy,234953767
2024-08-27 10:01:28,22500.0,1800,Buy,234953766
2024-08-27 10:01:28,22500.0,400,Buy,234953772
2024-08-27 10:01:41,22500.0,500,Buy,234954009
2024-08-27 10:01:41,22500.0,100,Buy,234954008
2024-08-27 10:01:41,22500.0,1500,Buy,234954007
2024-08-27 10:01:41,22500.0,900,Buy,234954006
2024-08-27 10:01:41,22500.0,400,Buy,234954003
2024-08-27 10:01:41,22500.0,2000,Buy,234954004
2024-08-27 10:01:41,22500.0,100,Buy,234954002
2024-08-27 10:01:41,22500.0,100,Buy,234954001
2024-08-27 10:01:41,22500.0,200,Buy,234954005
2024-08-27 10:01:41,22500.0,21000,Buy,234954010
2024-08-27 10:01:55,22500.0,1000,Buy,234954213
2024-08-27 10:01:55,22500.0,11700,Buy,234954215
2024-08-27 10:01:55,22500.0,2000,Buy,234954212
2024-08-27 10:01:55,22500.0,7600,Buy,234954214
2024-08-27 10:01:55,22500.0,200,Buy,234954210
2024-08-27 10:01:55,22500.0,35000,Buy,234954209
2024-08-27 10:01:55,22500.0,200,Buy,234954211
2024-08-27 10:01:55,22500.0,9000,Buy,234954208
2024-08-27 10:02:29,22500.0,1000,Buy,234954771
2024-08-27 10:02:31,22500.0,500,Buy,234954799
2024-08-27 10:02:43,22500.0,800,Buy,234955050
2024-08-27 10:03:04,22500.0,100,Buy,234955354
2024-08-27 10:03:43,22500.0,1000,Buy,234955934
2024-08-27 10:03:54,22500.0,500,Buy,234956117
2024-08-27 10:03:54,22500.0,2000,Buy,234956116
2024-08-27 10:03:54,22500.0,1000,Buy,234956115
2024-08-27 10:03:54,22500.0,300,Buy,234956114
2024-08-27 10:03:54,22500.0,900,Buy,234956113
2024-08-27 10:03:54,22500.0,100,Buy,234956112
2024-08-27 10:03:54,22500.0,8600,Buy,234956111
2024-08-27 10:03:54,22500.0,1500,Buy,234956110
2024-08-27 10:03:54,22500.0,5000,Buy,234956109
2024-08-27 10:03:54,22500.0,4000,Buy,234956108
2024-08-27 10:03:54,22500.0,100,Buy,234956118
2024-08-27 10:03:54,22500.0,1000,Buy,234956106
2024-08-27 10:03:54,22500.0,1000,Buy,234956105
2024-08-27 10:03:54,22500.0,1900,Buy,234956104
2024-08-27 10:03:54,22500.0,1400,Buy,234956103
2024-08-27 10:03:54,22500.0,300,Buy,234956102
2024-08-27 10:03:54,22500.0,10000,Buy,234956101
2024-08-27 10:03:54,22500.0,100,Buy,234956100
2024-08-27 10:03:54,22500.0,100,Buy,234956099
2024-08-27 10:03:54,22500.0,1000,Buy,234956098
2024-08-27 10:03:54,22500.0,2000,Buy,234956097
2024-08-27 10:03:54,22500.0,15000,Buy,234956107
2024-08-27 10:03:54,22500.0,4900,Buy,234956096
2024-08-27 10:04:25,22500.0,200,Sell,234956672
2024-08-27 10:04:25,22500.0,1000,Sell,234956675
2024-08-27 10:04:26,22500.0,200,Sell,234956682
2024-08-27 10:04:29,22500.0,1000,Sell,234956749
2024-08-27 10:04:30,22500.0,4000,Sell,234956765
2024-08-27 10:04:43,22500.0,1800,Sell,234956936
2024-08-27 10:05:04,22500.0,500,Sell,234957331
2024-08-27 10:05:11,22500.0,100,Sell,234957395
2024-08-27 10:05:14,22500.0,8000,Sell,234957447
2024-08-27 10:05:29,22500.0,300,Sell,234957633
2024-08-27 10:05:34,22550.0,100,Buy,234957726
2024-08-27 10:05:42,22500.0,100,Sell,234957862
2024-08-27 10:06:05,22500.0,100,Sell,234958321
2024-08-27 10:06:11,22500.0,1000,Sell,234958424
2024-08-27 10:06:17,22500.0,10000,Sell,234958468
2024-08-27 10:06:39,22500.0,100,Sell,234959023
2024-08-27 10:07:13,22500.0,1000,Sell,234959935
2024-08-27 10:07:13,22500.0,90000,Sell,234959933
2024-08-27 10:07:42,22500.0,100,Sell,234960504
2024-08-27 10:08:26,22500.0,4700,Sell,234961483
2024-08-27 10:08:38,22500.0,20000,Sell,234961702
2024-08-27 10:08:42,22500.0,9100,Sell,234961792
2024-08-27 10:08:42,22500.0,900,Sell,234961793
2024-08-27 10:08:43,22500.0,1000,Sell,234961816
2024-08-27 10:09:11,22500.0,2000,Sell,234962347
2024-08-27 10:09:22,22500.0,200,Sell,234962494
2024-08-27 10:09:25,22500.0,100,Sell,234962584
2024-08-27 10:09:30,22550.0,200,Buy,234962730
2024-08-27 10:09:38,22500.0,1000,Sell,234962972
2024-08-27 10:09:46,22500.0,5000,Sell,234963176
2024-08-27 10:09:52,22500.0,10000,Sell,234963338
2024-08-27 10:09:58,22550.0,8000,Buy,234963558
2024-08-27 10:10:02,22550.0,100,Buy,234963651
2024-08-27 10:10:08,22550.0,6600,Buy,234963815
2024-08-27 10:10:08,22550.0,1000,Buy,234963816
2024-08-27 10:10:08,22550.0,1300,Buy,234963817
2024-08-27 10:10:08,22550.0,2000,Buy,234963818
2024-08-27 10:10:08,22550.0,1100,Buy,234963819
2024-08-27 10:10:34,22500.0,2400,Sell,234964329
2024-08-27 10:10:34,22550.0,400,Buy,234964332
2024-08-27 10:10:53,22550.0,500,Buy,234964855
2024-08-27 10:11:12,22500.0,200,Sell,234965406
2024-08-27 10:11:27,22550.0,1500,Buy,234965860
2024-08-27 10:11:31,22550.0,2000,Buy,234965971
2024-08-27 10:11:40,22550.0,900,Buy,234966264
2024-08-27 10:11:43,22550.0,15000,Buy,234966310
2024-08-27 10:11:46,22500.0,100,Sell,234966421
2024-08-27 10:11:46,22550.0,20000,Buy,234966422
2024-08-27 10:11:50,22550.0,15000,Buy,234966601
2024-08-27 10:11:54,22550.0,15000,Buy,234966786
2024-08-27 10:11:58,22550.0,8000,Buy,234966912
2024-08-27 10:11:59,22550.0,100,Buy,234966955
2024-08-27 10:12:01,22550.0,200,Buy,234967000
2024-08-27 10:12:01,22550.0,300,Buy,234967001
2024-08-27 10:12:01,22550.0,4500,Buy,234966999
2024-08-27 10:12:04,22550.0,1000,Buy,234967119
2024-08-27 10:12:08,22550.0,100,Buy,234967263
2024-08-27 10:12:21,22550.0,5900,Buy,234967537
2024-08-27 10:12:21,22550.0,200,Buy,234967536
2024-08-27 10:12:21,22550.0,100,Buy,234967534
2024-08-27 10:12:21,22550.0,400,Buy,234967533
2024-08-27 10:12:21,22550.0,3000,Buy,234967532
2024-08-27 10:12:21,22550.0,1000,Buy,234967531
2024-08-27 10:12:21,22550.0,100,Buy,234967528
2024-08-27 10:12:21,22550.0,1000,Buy,234967529
2024-08-27 10:12:21,22550.0,1000,Buy,234967527
2024-08-27 10:12:21,22550.0,1000,Buy,234967523
2024-08-27 10:12:21,22550.0,400,Buy,234967526
2024-08-27 10:12:21,22550.0,1000,Buy,234967525
2024-08-27 10:12:21,22550.0,100,Buy,234967524
2024-08-27 10:12:21,22550.0,1000,Buy,234967530
2024-08-27 10:12:21,22550.0,100,Buy,234967538
2024-08-27 10:12:21,22550.0,5000,Buy,234967551
2024-08-27 10:12:21,22550.0,9000,Buy,234967540
2024-08-27 10:12:21,22550.0,2000,Buy,234967541
2024-08-27 10:12:21,22550.0,2000,Buy,234967542
2024-08-27 10:12:21,22550.0,400,Buy,234967543
2024-08-27 10:12:21,22550.0,2600,Buy,234967544
2024-08-27 10:12:21,22550.0,1000,Buy,234967545
2024-08-27 10:12:21,22550.0,4500,Buy,234967546
2024-08-27 10:12:21,22550.0,400,Buy,234967547
2024-08-27 10:12:21,22550.0,6900,Buy,234967548
2024-08-27 10:12:21,22550.0,1000,Buy,234967549
2024-08-27 10:12:21,22550.0,1500,Buy,234967550
2024-08-27 10:12:21,22550.0,100,Buy,234967552
2024-08-27 10:12:21,22550.0,10000,Buy,234967553
2024-08-27 10:12:21,22550.0,5800,Buy,234967554
2024-08-27 10:12:21,22550.0,100,Buy,234967539
2024-08-27 10:12:21,22550.0,200,Buy,234967522
2024-08-27 10:12:21,22550.0,300,Buy,234967506
2024-08-27 10:12:21,22550.0,1000,Buy,234967520
2024-08-27 10:12:21,22550.0,300,Buy,234967521
2024-08-27 10:12:21,22550.0,1600,Buy,234967489
2024-08-27 10:12:21,22550.0,500,Buy,234967490
2024-08-27 10:12:21,22550.0,9500,Buy,234967491
2024-08-27 10:12:21,22550.0,1000,Buy,234967492
2024-08-27 10:12:21,22550.0,1000,Buy,234967493
2024-08-27 10:12:21,22550.0,200,Buy,234967494
2024-08-27 10:12:21,22550.0,500,Buy,234967495
2024-08-27 10:12:21,22550.0,1000,Buy,234967496
2024-08-27 10:12:21,22550.0,30000,Buy,234967498
2024-08-27 10:12:21,22550.0,200,Buy,234967499
2024-08-27 10:12:21,22550.0,1000,Buy,234967500
2024-08-27 10:12:21,22550.0,10000,Buy,234967501
2024-08-27 10:12:21,22550.0,600,Buy,234967502
2024-08-27 10:12:21,22550.0,200,Buy,234967503
2024-08-27 10:12:21,22550.0,500,Buy,234967497
2024-08-27 10:12:21,22550.0,300,Buy,234967505
2024-08-27 10:12:21,22550.0,200,Buy,234967507
2024-08-27 10:12:21,22550.0,100,Buy,234967508
2024-08-27 10:12:21,22550.0,3000,Buy,234967509
2024-08-27 10:12:21,22550.0,5000,Buy,234967510
2024-08-27 10:12:21,22550.0,24000,Buy,234967519
2024-08-27 10:12:21,22550.0,500,Buy,234967511
2024-08-27 10:12:21,22550.0,5000,Buy,234967512
2024-08-27 10:12:21,22550.0,4000,Buy,234967513
2024-08-27 10:12:21,22550.0,600,Buy,234967514
2024-08-27 10:12:21,22550.0,100,Buy,234967515
2024-08-27 10:12:21,22550.0,1500,Buy,234967516
2024-08-27 10:12:21,22550.0,2000,Buy,234967517
2024-08-27 10:12:21,22550.0,500,Buy,234967518
2024-08-27 10:12:21,22550.0,5000,Buy,234967504
2024-08-27 10:12:23,22550.0,1000,Buy,234967586
2024-08-27 10:12:25,22550.0,100,Buy,234967635
2024-08-27 10:12:25,22550.0,8700,Buy,234967636
2024-08-27 10:12:25,22500.0,200,Sell,234967676
2024-08-27 10:12:25,22550.0,3200,Buy,234967634
2024-08-27 10:12:30,22550.0,1000,Buy,234967860
2024-08-27 10:12:34,22550.0,10300,Buy,234967949
2024-08-27 10:12:34,22550.0,5000,Buy,234967950
2024-08-27 10:12:34,22550.0,4700,Buy,234967951
2024-08-27 10:12:39,22550.0,200,Buy,234968099
2024-08-27 10:12:40,22550.0,1500,Buy,234968131
2024-08-27 10:12:41,22550.0,2000,Buy,234968144
2024-08-27 10:12:45,22550.0,10000,Buy,234968222
2024-08-27 10:12:45,22550.0,300,Buy,234968221
2024-08-27 10:12:45,22550.0,6800,Buy,234968223
2024-08-27 10:12:45,22550.0,200,Buy,234968219
2024-08-27 10:12:45,22550.0,100,Buy,234968220
2024-08-27 10:12:45,22550.0,2600,Buy,234968218
2024-08-27 10:12:46,22550.0,1100,Buy,234968243
2024-08-27 10:12:46,22550.0,900,Buy,234968244
2024-08-27 10:12:47,22550.0,500,Buy,234968267
2024-08-27 10:12:48,22550.0,600,Buy,234968285
2024-08-27 10:12:48,22550.0,500,Buy,234968286
2024-08-27 10:12:48,22550.0,200,Buy,234968287
2024-08-27 10:12:48,22550.0,7900,Buy,234968288
2024-08-27 10:12:48,22550.0,300,Buy,234968289
2024-08-27 10:12:48,22550.0,500,Buy,234968290
2024-08-27 10:12:50,22550.0,500,Buy,234968336
2024-08-27 10:12:50,22550.0,1500,Buy,234968335
2024-08-27 10:12:52,22550.0,2900,Buy,234968376
2024-08-27 10:12:53,22550.0,100,Buy,234968389
2024-08-27 10:12:54,22550.0,2000,Buy,234968418
2024-08-27 10:12:57,22550.0,4500,Buy,234968460
2024-08-27 10:12:57,22550.0,7900,Buy,234968461
2024-08-27 10:13:00,22600.0,100,Buy,234968593
2024-08-27 10:13:00,22600.0,900,Buy,234968594
2024-08-27 10:13:00,22600.0,200,Buy,234968595
2024-08-27 10:13:00,22600.0,200,Buy,234968596
2024-08-27 10:13:00,22600.0,20000,Buy,234968597
2024-08-27 10:13:00,22600.0,28600,Buy,234968598
2024-08-27 10:13:05,22550.0,200,Sell,234968801
2024-08-27 10:13:17,22550.0,200,Sell,234969161
2024-08-27 10:13:26,22550.0,500,Sell,234969545
2024-08-27 10:13:49,22600.0,10000,Buy,234970348
2024-08-27 10:13:51,22600.0,5000,Buy,234970421
2024-08-27 10:13:52,22550.0,200,Sell,234970452
2024-08-27 10:13:54,22600.0,500,Buy,234970593
2024-08-27 10:13:56,22600.0,1000,Buy,234970636
2024-08-27 10:14:17,22600.0,300,Buy,234971227
2024-08-27 10:14:30,22600.0,3000,Buy,234971724
2024-08-27 10:14:35,22550.0,100,Sell,234971903
2024-08-27 10:14:37,22550.0,29200,Sell,234971951
2024-08-27 10:14:37,22550.0,1000,Sell,234971950
2024-08-27 10:14:37,22550.0,2300,Sell,234971949
2024-08-27 10:14:37,22550.0,100,Sell,234971947
2024-08-27 10:14:37,22550.0,20000,Sell,234971946
2024-08-27 10:14:37,22550.0,6400,Sell,234971945
2024-08-27 10:14:37,22550.0,50000,Sell,234971948
2024-08-27 10:14:40,22600.0,1800,Buy,234972080
2024-08-27 10:14:42,22600.0,500,Buy,234972124
2024-08-27 10:14:42,22600.0,20000,Buy,234972170
2024-08-27 10:14:45,22600.0,100,Buy,234972253
2024-08-27 10:14:45,22600.0,1000,Buy,234972255
2024-08-27 10:14:45,22600.0,500,Buy,234972254
2024-08-27 10:14:45,22600.0,3800,Buy,234972252
2024-08-27 10:14:45,22600.0,7700,Buy,234972256
2024-08-27 10:14:45,22600.0,3300,Buy,234972250
2024-08-27 10:14:45,22600.0,100,Buy,234972249
2024-08-27 10:14:45,22600.0,100,Buy,234972248
2024-08-27 10:14:45,22600.0,20000,Buy,234972247
2024-08-27 10:14:45,22600.0,13300,Buy,234972246
2024-08-27 10:14:45,22600.0,100,Buy,234972251
2024-08-27 10:14:56,22600.0,200,Buy,234972597
2024-08-27 10:14:59,22600.0,1700,Buy,234972646
2024-08-27 10:15:12,22600.0,400,Buy,234972967
2024-08-27 10:15:12,22600.0,100,Buy,234972968
2024-08-27 10:15:14,22600.0,200,Buy,234973057
2024-08-27 10:15:25,22600.0,100,Buy,234973575
2024-08-27 10:15:37,22550.0,200,Sell,234974180
2024-08-27 10:15:37,22550.0,200,Sell,234974181
2024-08-27 10:15:37,22550.0,100,Sell,234974182
2024-08-27 10:16:07,22600.0,100,Buy,234975425
2024-08-27 10:16:30,22550.0,500,Sell,234976024
2024-08-27 10:16:47,22600.0,900,Buy,234976474
2024-08-27 10:16:58,22550.0,2000,Sell,234976737
2024-08-27 10:16:58,22550.0,500,Sell,234976734
2024-08-27 10:16:58,22550.0,10000,Sell,234976735
2024-08-27 10:16:58,22550.0,500,Sell,234976736
2024-08-27 10:17:35,22550.0,1200,Sell,234977922
2024-08-27 10:18:18,22550.0,4000,Sell,234979469
2024-08-27 10:18:19,22550.0,2800,Sell,234979564
2024-08-27 10:18:19,22550.0,2200,Sell,234979565
2024-08-27 10:18:25,22600.0,500,Buy,234979746
2024-08-27 10:18:28,22550.0,500,Sell,234979861
2024-08-27 10:18:40,22550.0,15000,Sell,234980168
2024-08-27 10:18:47,22550.0,1000,Sell,234980385
2024-08-27 10:18:48,22550.0,500,Sell,234980425
2024-08-27 10:18:48,22550.0,900,Sell,234980430
2024-08-27 10:18:48,22550.0,500,Sell,234980429
2024-08-27 10:18:48,22550.0,1000,Sell,234980428
2024-08-27 10:18:48,22550.0,900,Sell,234980427
2024-08-27 10:18:48,22550.0,3000,Sell,234980424
2024-08-27 10:18:48,22550.0,4600,Sell,234980426
2024-08-27 10:18:48,22550.0,1000,Sell,234980422
2024-08-27 10:18:48,22550.0,15300,Sell,234980423
2024-08-27 10:18:48,22550.0,2000,Sell,234980421
2024-08-27 10:18:48,22550.0,10000,Sell,234980420
2024-08-27 10:18:48,22550.0,1000,Sell,234980419
2024-08-27 10:18:48,22550.0,500,Sell,234980418
2024-08-27 10:18:48,22550.0,1300,Sell,234980417
2024-08-27 10:18:56,22550.0,500,Buy,234980598
2024-08-27 10:18:57,22600.0,100,Buy,234980617
2024-08-27 10:19:09,22600.0,3300,Buy,234980965
2024-08-27 10:19:18,22600.0,100,Buy,234981277
2024-08-27 10:19:20,22550.0,3900,Sell,234981334
2024-08-27 10:19:20,22550.0,1000,Sell,234981332
2024-08-27 10:19:20,22550.0,100,Sell,234981333
2024-08-27 10:19:43,22600.0,1000,Buy,234981959
2024-08-27 10:19:43,22600.0,200,Buy,234981968
2024-08-27 10:19:43,22600.0,100,Buy,234981967
2024-08-27 10:19:43,22600.0,100,Buy,234981966
2024-08-27 10:19:43,22600.0,1000,Buy,234981965
2024-08-27 10:19:43,22600.0,500,Buy,234981964
2024-08-27 10:19:43,22600.0,7900,Buy,234981963
2024-08-27 10:19:43,22600.0,7900,Buy,234981969
2024-08-27 10:19:43,22600.0,3000,Buy,234981962
2024-08-27 10:19:43,22600.0,4500,Buy,234981961
2024-08-27 10:19:43,22600.0,200,Buy,234981960
2024-08-27 10:19:43,22600.0,2000,Buy,234981958
2024-08-27 10:19:43,22600.0,600,Buy,234981951
2024-08-27 10:19:43,22600.0,500,Buy,234981956
2024-08-27 10:19:43,22600.0,200,Buy,234981955
2024-08-27 10:19:43,22600.0,1000,Buy,234981954
2024-08-27 10:19:43,22600.0,200,Buy,234981953
2024-08-27 10:19:43,22600.0,4000,Buy,234981952
2024-08-27 10:19:43,22600.0,2500,Buy,234981950
2024-08-27 10:19:43,22600.0,5000,Buy,234981949
2024-08-27 10:19:43,22600.0,100,Buy,234981948
2024-08-27 10:19:43,22600.0,500,Buy,234981947
2024-08-27 10:19:43,22600.0,12000,Buy,234981946
2024-08-27 10:19:43,22600.0,100,Buy,234981945
2024-08-27 10:19:43,22600.0,5000,Buy,234981970
2024-08-27 10:19:43,22600.0,2000,Buy,234981957
2024-08-27 10:19:43,22600.0,100,Buy,234981971
2024-08-27 10:19:43,22600.0,15000,Buy,234981997
2024-08-27 10:19:43,22600.0,100,Buy,234981973
2024-08-27 10:19:43,22600.0,10000,Buy,234981944
2024-08-27 10:19:43,22600.0,10000,Buy,234981999
2024-08-27 10:19:43,22600.0,500,Buy,234981998
2024-08-27 10:19:43,22600.0,1000,Buy,234981996
2024-08-27 10:19:43,22600.0,7900,Buy,234981995
2024-08-27 10:19:43,22600.0,200,Buy,234981994
2024-08-27 10:19:43,22600.0,7900,Buy,234981993
2024-08-27 10:19:43,22600.0,13300,Buy,234981992
2024-08-27 10:19:43,22600.0,100,Buy,234981991
2024-08-27 10:19:43,22600.0,400,Buy,234981990
2024-08-27 10:19:43,22600.0,300,Buy,234981989
2024-08-27 10:19:43,22600.0,300,Buy,234981988
2024-08-27 10:19:43,22600.0,1000,Buy,234981972
2024-08-27 10:19:43,22600.0,500,Buy,234981987
2024-08-27 10:19:43,22600.0,500,Buy,234981985
2024-08-27 10:19:43,22600.0,4000,Buy,234981984
2024-08-27 10:19:43,22600.0,33000,Buy,234981983
2024-08-27 10:19:43,22600.0,100,Buy,234981982
2024-08-27 10:19:43,22600.0,2000,Buy,234981981
2024-08-27 10:19:43,22600.0,2200,Buy,234981980
2024-08-27 10:19:43,22600.0,200,Buy,234981979
2024-08-27 10:19:43,22600.0,100,Buy,234981978
2024-08-27 10:19:43,22600.0,500,Buy,234981977
2024-08-27 10:19:43,22600.0,7900,Buy,234981976
2024-08-27 10:19:43,22600.0,300,Buy,234981975
2024-08-27 10:19:43,22600.0,1000,Buy,234981974
2024-08-27 10:19:43,22600.0,1000,Buy,234981986
2024-08-27 10:19:43,22600.0,100,Buy,234981943
2024-08-27 10:19:43,22600.0,4000,Buy,234982001
2024-08-27 10:19:43,22600.0,5000,Buy,234981941
2024-08-27 10:19:43,22600.0,1100,Buy,234981908
2024-08-27 10:19:43,22600.0,2000,Buy,234981907
2024-08-27 10:19:43,22600.0,1000,Buy,234981906
2024-08-27 10:19:43,22600.0,300,Buy,234981905
2024-08-27 10:19:43,22600.0,500,Buy,234981904
2024-08-27 10:19:43,22600.0,200,Buy,234981903
2024-08-27 10:19:43,22600.0,1000,Buy,234981902
2024-08-27 10:19:43,22600.0,200,Buy,234981901
2024-08-27 10:19:43,22600.0,600,Buy,234981900
2024-08-27 10:19:43,22600.0,100,Buy,234981899
2024-08-27 10:19:43,22600.0,1000,Buy,234981898
2024-08-27 10:19:43,22600.0,10000,Buy,234981897
2024-08-27 10:19:43,22600.0,300,Buy,234981909
2024-08-27 10:19:43,22600.0,100,Buy,234981896
2024-08-27 10:19:43,22600.0,100,Buy,234981894
2024-08-27 10:19:43,22600.0,1000,Buy,234981893
2024-08-27 10:19:43,22600.0,500,Buy,234981892
2024-08-27 10:19:43,22600.0,500,Buy,234981891
2024-08-27 10:19:43,22600.0,100000,Buy,234981890
2024-08-27 10:19:43,22600.0,300,Buy,234981889
2024-08-27 10:19:43,22600.0,4000,Buy,234981888
2024-08-27 10:19:43,22600.0,100,Buy,234981887
2024-08-27 10:19:43,22600.0,5000,Buy,234981886
2024-08-27 10:19:43,22600.0,1000,Buy,234981885
2024-08-27 10:19:43,22600.0,100,Buy,234981884
2024-08-27 10:19:43,22600.0,500,Buy,234981942
2024-08-27 10:19:43,22600.0,5000,Buy,234981895
2024-08-27 10:19:43,22600.0,500,Buy,234981910
2024-08-27 10:19:43,22600.0,7900,Buy,234982000
2024-08-27 10:19:43,22600.0,5000,Buy,234981912
2024-08-27 10:19:43,22600.0,500,Buy,234981939
2024-08-27 10:19:43,22600.0,11500,Buy,234981940
2024-08-27 10:19:43,22600.0,900,Buy,234981938
2024-08-27 10:19:43,22600.0,100,Buy,234981937
2024-08-27 10:19:43,22600.0,500,Buy,234981936
2024-08-27 10:19:43,22600.0,300,Buy,234981935
2024-08-27 10:19:43,22600.0,300,Buy,234981934
2024-08-27 10:19:43,22600.0,1000,Buy,234981933
2024-08-27 10:19:43,22600.0,200,Buy,234981932
2024-08-27 10:19:43,22600.0,4000,Buy,234981931
2024-08-27 10:19:43,22600.0,1000,Buy,234981930
2024-08-27 10:19:43,22600.0,5000,Buy,234981929
2024-08-27 10:19:43,22600.0,100,Buy,234981928
2024-08-27 10:19:43,22600.0,200,Buy,234981911
2024-08-27 10:19:43,22600.0,100,Buy,234981926
2024-08-27 10:19:43,22600.0,200,Buy,234981913
2024-08-27 10:19:43,22600.0,500,Buy,234981914
2024-08-27 10:19:43,22600.0,1100,Buy,234981927
2024-08-27 10:19:43,22600.0,800,Buy,234981916
2024-08-27 10:19:43,22600.0,2700,Buy,234981917
2024-08-27 10:19:43,22600.0,500,Buy,234981918
2024-08-27 10:19:43,22600.0,2000,Buy,234981915
2024-08-27 10:19:43,22600.0,5000,Buy,234981921
2024-08-27 10:19:43,22600.0,800,Buy,234981922
2024-08-27 10:19:43,22600.0,3000,Buy,234981923
2024-08-27 10:19:43,22600.0,3000,Buy,234981924
2024-08-27 10:19:43,22600.0,500,Buy,234981925
2024-08-27 10:19:43,22600.0,5900,Buy,234981919
2024-08-27 10:19:47,22600.0,1000,Sell,234982072
2024-08-27 10:19:53,22600.0,1000,Sell,234982254
2024-08-27 10:20:03,22600.0,1000,Sell,234982604
2024-08-27 10:20:04,22650.0,100,Buy,234982633
2024-08-27 10:20:04,22650.0,100,Buy,234982634
2024-08-27 10:20:04,22650.0,7800,Buy,234982635
2024-08-27 10:20:22,22650.0,600,Buy,234983250
2024-08-27 10:20:32,22650.0,200,Buy,234983583
2024-08-27 10:20:32,22650.0,200,Buy,234983582
2024-08-27 10:20:32,22650.0,1600,Buy,234983581
2024-08-27 10:20:45,22650.0,100,Buy,234983898
2024-08-27 10:20:45,22650.0,100,Buy,234983899
2024-08-27 10:20:45,22650.0,200,Buy,234983900
2024-08-27 10:20:45,22650.0,1600,Buy,234983901
2024-08-27 10:20:52,22650.0,5400,Buy,234984055
2024-08-27 10:20:52,22650.0,600,Buy,234984056
2024-08-27 10:20:54,22650.0,300,Buy,234984084
2024-08-27 10:20:54,22650.0,800,Buy,234984085
2024-08-27 10:20:54,22650.0,100,Buy,234984082
2024-08-27 10:20:54,22650.0,700,Buy,234984081
2024-08-27 10:20:54,22650.0,100,Buy,234984083
2024-08-27 10:20:55,22650.0,1000,Buy,234984124
2024-08-27 10:20:55,22650.0,26700,Buy,234984132
2024-08-27 10:20:55,22650.0,15000,Buy,234984131
2024-08-27 10:20:55,22650.0,100,Buy,234984130
2024-08-27 10:20:55,22650.0,5000,Buy,234984129
2024-08-27 10:20:55,22650.0,200,Buy,234984128
2024-08-27 10:20:55,22650.0,100,Buy,234984126
2024-08-27 10:20:55,22650.0,500,Buy,234984125
2024-08-27 10:20:55,22650.0,10000,Buy,234984123
2024-08-27 10:20:55,22650.0,600,Buy,234984127
2024-08-27 10:20:55,22650.0,300,Buy,234984116
2024-08-27 10:20:55,22650.0,200,Buy,234984108
2024-08-27 10:20:55,22650.0,100,Buy,234984109
2024-08-27 10:20:55,22650.0,200,Buy,234984110
2024-08-27 10:20:55,22650.0,200,Buy,234984111
2024-08-27 10:20:55,22650.0,1000,Buy,234984117
2024-08-27 10:20:55,22650.0,29200,Buy,234984107
2024-08-27 10:20:55,22650.0,2000,Buy,234984113
2024-08-27 10:20:55,22650.0,3500,Buy,234984114
2024-08-27 10:20:55,22650.0,100,Buy,234984115
2024-08-27 10:20:55,22650.0,4000,Buy,234984112
2024-08-27 10:20:57,22650.0,4500,Buy,234984167
2024-08-27 10:21:00,22650.0,5100,Buy,234984240
2024-08-27 10:21:00,22650.0,10000,Buy,234984241
2024-08-27 10:21:00,22650.0,3400,Buy,234984242
2024-08-27 10:21:00,22650.0,1000,Buy,234984243
2024-08-27 10:21:00,22650.0,500,Buy,234984244
2024-08-27 10:21:00,22650.0,1000,Buy,234984245
2024-08-27 10:21:00,22650.0,500,Buy,234984248
2024-08-27 10:21:00,22650.0,200,Buy,234984247
2024-08-27 10:21:00,22650.0,3000,Buy,234984249
2024-08-27 10:21:00,22650.0,2000,Buy,234984250
2024-08-27 10:21:00,22650.0,6300,Buy,234984239
2024-08-27 10:21:00,22650.0,49100,Buy,234984252
2024-08-27 10:21:00,22650.0,100,Buy,234984246
2024-08-27 10:21:00,22650.0,200,Buy,234984251
2024-08-27 10:21:00,22650.0,300,Buy,234984238
2024-08-27 10:21:00,22650.0,500,Buy,234984236
2024-08-27 10:21:00,22650.0,2800,Buy,234984222
2024-08-27 10:21:00,22650.0,300,Buy,234984237
2024-08-27 10:21:00,22650.0,100,Buy,234984224
2024-08-27 10:21:00,22650.0,500,Buy,234984225
2024-08-27 10:21:00,22650.0,5000,Buy,234984226
2024-08-27 10:21:00,22650.0,100,Buy,234984227
2024-08-27 10:21:00,22650.0,1000,Buy,234984228
2024-08-27 10:21:00,22650.0,100,Buy,234984223
2024-08-27 10:21:00,22650.0,1000,Buy,234984230
2024-08-27 10:21:00,22650.0,500,Buy,234984231
2024-08-27 10:21:00,22650.0,300,Buy,234984232
2024-08-27 10:21:00,22650.0,2000,Buy,234984233
2024-08-27 10:21:00,22650.0,2000,Buy,234984234
2024-08-27 10:21:00,22650.0,100,Buy,234984235
2024-08-27 10:21:00,22650.0,1000,Buy,234984229
2024-08-27 10:21:03,22650.0,1000,Buy,234984323
2024-08-27 10:21:03,22600.0,400,Sell,234984330
2024-08-27 10:21:04,22600.0,10000,Sell,234984342
2024-08-27 10:21:07,22600.0,100,Sell,234984405
2024-08-27 10:21:09,22650.0,5600,Buy,234984471
2024-08-27 10:21:09,22650.0,15900,Buy,234984470
2024-08-27 10:21:09,22650.0,500,Buy,234984469
2024-08-27 10:21:09,22650.0,5000,Buy,234984468
2024-08-27 10:21:09,22650.0,200,Buy,234984466
2024-08-27 10:21:09,22650.0,500,Buy,234984465
2024-08-27 10:21:09,22650.0,100,Buy,234984464
2024-08-27 10:21:09,22650.0,200,Buy,234984463
2024-08-27 10:21:09,22650.0,400,Buy,234984467
2024-08-27 10:21:09,22650.0,500,Buy,234984461
2024-08-27 10:21:09,22650.0,100,Buy,234984460
2024-08-27 10:21:09,22650.0,200,Buy,234984459
2024-08-27 10:21:09,22650.0,10000,Buy,234984462
2024-08-27 10:21:09,22650.0,500,Buy,234984451
2024-08-27 10:21:09,22650.0,200,Buy,234984450
2024-08-27 10:21:09,22650.0,100,Buy,234984449
2024-08-27 10:21:09,22650.0,100,Buy,234984448
2024-08-27 10:21:09,22650.0,49900,Buy,234984447
2024-08-27 10:21:11,22650.0,1600,Buy,234984578
2024-08-27 10:21:18,22650.0,100,Buy,234984702
2024-08-27 10:21:23,22650.0,8400,Buy,234984873
2024-08-27 10:21:23,22650.0,1000,Buy,234984872
2024-08-27 10:21:23,22650.0,600,Buy,234984871
2024-08-27 10:21:28,22650.0,100,Buy,234985021
2024-08-27 10:21:28,22650.0,400,Buy,234985020
2024-08-27 10:21:28,22650.0,300,Buy,234985019
2024-08-27 10:21:28,22650.0,1600,Buy,234985015
2024-08-27 10:21:28,22650.0,100,Buy,234985017
2024-08-27 10:21:28,22650.0,1000,Buy,234985018
2024-08-27 10:21:28,22650.0,500,Buy,234985016
2024-08-27 10:21:34,22650.0,4900,Buy,234985195
2024-08-27 10:21:34,22650.0,100,Buy,234985196
2024-08-27 10:21:38,22650.0,200,Buy,234985313
2024-08-27 10:21:40,22650.0,100,Buy,234985368
2024-08-27 10:21:40,22650.0,4000,Buy,234985369
2024-08-27 10:21:40,22650.0,900,Buy,234985370
2024-08-27 10:21:40,22650.0,200,Buy,234985389
2024-08-27 10:21:40,22650.0,1000,Buy,234985390
2024-08-27 10:21:40,22650.0,700,Buy,234985391
2024-08-27 10:21:40,22650.0,100,Buy,234985388
2024-08-27 10:21:42,22650.0,1000,Buy,234985430
2024-08-27 10:21:44,22650.0,6200,Buy,234985492
2024-08-27 10:21:44,22650.0,100,Buy,234985493
2024-08-27 10:21:44,22650.0,2700,Buy,234985494
2024-08-27 10:21:53,22650.0,2000,Buy,234985792
2024-08-27 10:21:57,22650.0,2700,Buy,234985908
2024-08-27 10:21:57,22650.0,300,Buy,234985906
2024-08-27 10:21:57,22650.0,100,Buy,234985907
2024-08-27 10:22:01,22650.0,1000,Buy,234985961
2024-08-27 10:22:01,22650.0,5200,Buy,234985960
2024-08-27 10:22:01,22650.0,3800,Buy,234985962
2024-08-27 10:22:11,22600.0,100,Sell,234986196
2024-08-27 10:22:13,22650.0,1200,Buy,234986245
2024-08-27 10:22:13,22650.0,100,Buy,234986246
2024-08-27 10:22:13,22650.0,300,Buy,234986247
2024-08-27 10:22:13,22650.0,4000,Buy,234986248
2024-08-27 10:22:13,22650.0,1000,Buy,234986249
2024-08-27 10:22:13,22650.0,400,Buy,234986250
2024-08-27 10:22:13,22650.0,3000,Buy,234986251
2024-08-27 10:22:17,22650.0,5000,Buy,234986361
2024-08-27 10:22:22,22650.0,500,Buy,234986462
2024-08-27 10:22:25,22650.0,1500,Buy,234986506
2024-08-27 10:22:25,22650.0,100,Buy,234986507
2024-08-27 10:22:25,22650.0,4400,Buy,234986508
2024-08-27 10:22:29,22650.0,500,Buy,234986610
2024-08-27 10:23:07,22650.0,100,Buy,234987542
2024-08-27 10:23:09,22650.0,800,Buy,234987578
2024-08-27 10:23:15,22650.0,100,Buy,234987707
2024-08-27 10:23:23,22650.0,100,Buy,234987930
2024-08-27 10:23:24,22650.0,1000,Buy,234987944
2024-08-27 10:23:31,22650.0,1000,Buy,234988108
2024-08-27 10:23:35,22600.0,300,Sell,234988260
2024-08-27 10:23:44,22600.0,100,Sell,234988403
2024-08-27 10:23:58,22600.0,300,Sell,234988810
2024-08-27 10:24:04,22600.0,3000,Sell,234988893
2024-08-27 10:24:09,22600.0,1000,Sell,234988989
2024-08-27 10:24:22,22600.0,500,Sell,234989273
2024-08-27 10:24:26,22600.0,500,Sell,234989345
2024-08-27 10:24:47,22650.0,200,Buy,234989828
2024-08-27 10:24:47,22600.0,800,Sell,234989841
2024-08-27 10:24:49,22600.0,5000,Sell,234989864
2024-08-27 10:24:54,22600.0,500,Sell,234989942
2024-08-27 10:24:56,22600.0,5000,Sell,234990010
2024-08-27 10:25:04,22600.0,3900,Sell,234990125
2024-08-27 10:25:08,22600.0,23700,Sell,234990194
2024-08-27 10:25:15,22600.0,2000,Sell,234990377
2024-08-27 10:25:17,22600.0,5000,Sell,234990433
2024-08-27 10:25:18,22600.0,4000,Sell,234990460
2024-08-27 10:25:19,22600.0,1000,Sell,234990468
2024-08-27 10:25:22,22600.0,5000,Sell,234990533
2024-08-27 10:25:24,22600.0,100,Sell,234990591
2024-08-27 10:25:25,22600.0,23700,Sell,234990625
2024-08-27 10:25:27,22600.0,5300,Sell,234990673
2024-08-27 10:25:27,22600.0,400,Sell,234990667
2024-08-27 10:25:27,22600.0,1000,Sell,234990671
2024-08-27 10:25:27,22600.0,200,Sell,234990670
2024-08-27 10:25:27,22600.0,500,Sell,234990668
2024-08-27 10:25:27,22600.0,800,Sell,234990666
2024-08-27 10:25:27,22600.0,100,Sell,234990672
2024-08-27 10:25:27,22600.0,200,Sell,234990664
2024-08-27 10:25:27,22600.0,300,Sell,234990665
2024-08-27 10:25:27,22600.0,6800,Sell,234990658
2024-08-27 10:25:27,22600.0,100,Sell,234990659
2024-08-27 10:25:27,22600.0,300,Sell,234990660
2024-08-27 10:25:27,22600.0,10000,Sell,234990669
2024-08-27 10:25:27,22600.0,3000,Sell,234990662
2024-08-27 10:25:27,22600.0,500,Sell,234990663
2024-08-27 10:25:27,22600.0,500,Sell,234990661
2024-08-27 10:25:30,22600.0,4700,Sell,234990702
2024-08-27 10:25:30,22600.0,2000,Sell,234990703
2024-08-27 10:25:30,22600.0,500,Sell,234990704
2024-08-27 10:25:30,22600.0,100,Sell,234990705
2024-08-27 10:25:58,22600.0,100,Buy,234991343
2024-08-27 10:26:09,22600.0,100,Buy,234991563
2024-08-27 10:26:11,22600.0,2000,Buy,234991592
2024-08-27 10:26:18,22600.0,200,Buy,234991729
2024-08-27 10:26:24,22600.0,300,Buy,234991825
2024-08-27 10:26:24,22600.0,5700,Buy,234991826
2024-08-27 10:26:40,22600.0,1000,Buy,234992058
2024-08-27 10:26:44,22600.0,500,Buy,234992119
2024-08-27 10:26:55,22600.0,6600,Buy,234992381
2024-08-27 10:26:56,22600.0,1000,Buy,234992388
2024-08-27 10:26:57,22600.0,100,Buy,234992413
2024-08-27 10:27:19,22550.0,1000,Sell,234992925
2024-08-27 10:27:23,22550.0,1000,Sell,234992982
2024-08-27 10:27:50,22550.0,100,Sell,234993607
2024-08-27 10:27:58,22550.0,1700,Sell,234993760
2024-08-27 10:27:59,22600.0,600,Buy,234993771
2024-08-27 10:28:01,22550.0,10000,Sell,234993824
2024-08-27 10:28:07,22600.0,1000,Buy,234993932
2024-08-27 10:28:16,22550.0,3000,Sell,234994061
2024-08-27 10:28:28,22550.0,1000,Sell,234994233
2024-08-27 10:29:19,22550.0,500,Sell,234995251
2024-08-27 10:29:23,22550.0,1000,Sell,234995315
2024-08-27 10:29:28,22550.0,200,Sell,234995405
2024-08-27 10:29:33,22550.0,1600,Sell,234995514
2024-08-27 10:29:41,22550.0,9000,Sell,234995672
2024-08-27 10:29:41,22550.0,13900,Sell,234995677
2024-08-27 10:29:41,22550.0,100,Sell,234995676
2024-08-27 10:29:41,22550.0,25000,Sell,234995671
2024-08-27 10:29:41,22550.0,200,Sell,234995674
2024-08-27 10:29:41,22550.0,1000,Sell,234995673
2024-08-27 10:29:41,22550.0,800,Sell,234995675
2024-08-27 10:29:46,22550.0,500,Sell,234995758
2024-08-27 10:29:46,22550.0,5000,Sell,234995766
2024-08-27 10:29:48,22600.0,1000,Buy,234995794
2024-08-27 10:29:58,22550.0,200,Sell,234995984
2024-08-27 10:30:03,22550.0,3000,Sell,234996185
2024-08-27 10:30:03,22550.0,28000,Sell,234996187
2024-08-27 10:30:08,22550.0,500,Sell,234996260
2024-08-27 10:30:09,22550.0,5800,Sell,234996287
2024-08-27 10:30:09,22550.0,4200,Sell,234996288
2024-08-27 10:30:19,22550.0,1000,Sell,234996557
2024-08-27 10:30:22,22550.0,1000,Sell,234996616
2024-08-27 10:30:26,22550.0,20000,Sell,234996673
2024-08-27 10:30:27,22550.0,100,Sell,234996694
2024-08-27 10:30:40,22550.0,2000,Sell,234997021
2024-08-27 10:30:44,22550.0,20000,Sell,234997139
2024-08-27 10:30:47,22550.0,1000,Sell,234997183
2024-08-27 10:30:50,22550.0,700,Sell,234997226
2024-08-27 10:30:50,22550.0,300,Sell,234997227
2024-08-27 10:30:59,22550.0,200,Sell,234997352
2024-08-27 10:30:59,22550.0,300,Sell,234997353
2024-08-27 10:30:59,22550.0,4500,Sell,234997354
2024-08-27 10:31:11,22550.0,1000,Sell,234997565
2024-08-27 10:31:11,22550.0,800,Sell,234997564
2024-08-27 10:31:11,22550.0,200,Sell,234997563
2024-08-27 10:31:11,22550.0,100,Sell,234997560
2024-08-27 10:31:11,22550.0,1800,Sell,234997562
2024-08-27 10:31:11,22550.0,3000,Sell,234997561
2024-08-27 10:31:11,22550.0,400,Sell,234997559
2024-08-27 10:31:11,22550.0,100,Sell,234997553
2024-08-27 10:31:11,22550.0,700,Sell,234997557
2024-08-27 10:31:11,22550.0,200,Sell,234997558
2024-08-27 10:31:11,22550.0,500,Sell,234997550
2024-08-27 10:31:11,22550.0,500,Sell,234997552
2024-08-27 10:31:11,22550.0,200,Sell,234997551
2024-08-27 10:31:11,22550.0,100,Sell,234997555
2024-08-27 10:31:11,22550.0,10000,Sell,234997556
2024-08-27 10:31:11,22550.0,4400,Sell,234997554
2024-08-27 10:31:13,22550.0,400,Buy,234997581
2024-08-27 10:31:26,22550.0,3000,Buy,234997795
2024-08-27 10:31:32,22550.0,100,Buy,234997946
2024-08-27 10:31:43,22550.0,400,Buy,234998125
2024-08-27 10:31:50,22550.0,100,Buy,234998290
2024-08-27 10:32:00,22550.0,500,Buy,234998430
2024-08-27 10:32:02,22550.0,1500,Buy,234998452
2024-08-27 10:32:16,22550.0,100,Buy,234998753
2024-08-27 10:32:16,22550.0,300,Buy,234998754
2024-08-27 10:32:16,22550.0,2500,Buy,234998755
2024-08-27 10:32:16,22550.0,100,Buy,234998752
2024-08-27 10:32:53,22550.0,2000,Buy,234999697
2024-08-27 10:33:00,22500.0,7900,Sell,234999829
2024-08-27 10:33:01,22500.0,7900,Sell,234999864
2024-08-27 10:33:22,22500.0,100,Sell,235000243
2024-08-27 10:33:23,22500.0,100,Sell,235000264
2024-08-27 10:33:40,22500.0,5000,Sell,235000540
2024-08-27 10:34:08,22500.0,4000,Sell,235000875
2024-08-27 10:34:50,22500.0,1700,Sell,235001624
2024-08-27 10:34:56,22500.0,300,Sell,235001683
2024-08-27 10:34:58,22550.0,100,Buy,235001754
2024-08-27 10:35:14,22500.0,400,Sell,235002155
2024-08-27 10:35:21,22550.0,1300,Buy,235002279
2024-08-27 10:35:25,22500.0,100,Sell,235002333
2024-08-27 10:35:42,22500.0,1200,Sell,235002760
2024-08-27 10:35:58,22500.0,5000,Sell,235002983
2024-08-27 10:36:56,22500.0,300,Sell,235004000
2024-08-27 10:37:25,22550.0,32000,Buy,235004482
2024-08-27 10:37:25,22550.0,1000,Buy,235004481
2024-08-27 10:37:25,22550.0,100,Buy,235004480
2024-08-27 10:37:25,22550.0,100,Buy,235004479
2024-08-27 10:37:25,22550.0,500,Buy,235004478
2024-08-27 10:37:25,22550.0,100,Buy,235004474
2024-08-27 10:37:25,22550.0,100,Buy,235004476
2024-08-27 10:37:25,22550.0,5000,Buy,235004475
2024-08-27 10:37:25,22550.0,2000,Buy,235004473
2024-08-27 10:37:25,22550.0,4100,Buy,235004472
2024-08-27 10:37:25,22550.0,5000,Buy,235004477
2024-08-27 10:37:27,22550.0,100,Buy,235004501
2024-08-27 10:37:44,22550.0,10000,Buy,235004768
2024-08-27 10:37:52,22550.0,1200,Buy,235004909
2024-08-27 10:37:52,22550.0,1000,Buy,235004910
2024-08-27 10:37:52,22550.0,200,Buy,235004907
2024-08-27 10:37:52,22550.0,1000,Buy,235004908
2024-08-27 10:37:52,22550.0,7900,Buy,235004906
2024-08-27 10:37:53,22550.0,500,Sell,235004934
2024-08-27 10:37:56,22550.0,600,Sell,235004995
2024-08-27 10:38:03,22550.0,17600,Sell,235005122
2024-08-27 10:38:03,22550.0,500,Sell,235005123
2024-08-27 10:38:03,22550.0,1900,Sell,235005124
2024-08-27 10:38:04,22550.0,100,Sell,235005143
2024-08-27 10:38:04,22550.0,500,Sell,235005154
2024-08-27 10:38:06,22550.0,200,Sell,235005168
2024-08-27 10:38:16,22550.0,500,Sell,235005308
2024-08-27 10:38:25,22550.0,1000,Sell,235005409
2024-08-27 10:38:31,22550.0,1800,Sell,235005553
2024-08-27 10:38:37,22550.0,200,Buy,235005619
2024-08-27 10:38:42,22550.0,500,Sell,235005736
2024-08-27 10:39:03,22550.0,1000,Sell,235006047
2024-08-27 10:39:10,22550.0,100,Sell,235006152
2024-08-27 10:39:11,22550.0,600,Sell,235006158
2024-08-27 10:39:11,22550.0,1200,Sell,235006157
2024-08-27 10:39:18,22550.0,4400,Sell,235006265
2024-08-27 10:39:18,22550.0,100,Sell,235006266
2024-08-27 10:39:18,22550.0,1000,Sell,235006267
2024-08-27 10:39:18,22550.0,4500,Sell,235006268
2024-08-27 10:39:28,22600.0,200,Buy,235006422
2024-08-27 10:39:35,22550.0,100,Sell,235006527
2024-08-27 10:40:06,22550.0,400,Sell,235007132
2024-08-27 10:40:06,22550.0,100,Sell,235007133
2024-08-27 10:40:27,22550.0,2000,Sell,235007478
2024-08-27 10:40:27,22550.0,700,Sell,235007476
2024-08-27 10:40:27,22550.0,100,Sell,235007477
2024-08-27 10:40:32,22550.0,4700,Buy,235007555
2024-08-27 10:40:38,22550.0,200,Buy,235007641
2024-08-27 10:40:51,22550.0,500,Buy,235007879
2024-08-27 10:41:03,22500.0,200,Sell,235008388
2024-08-27 10:41:17,22500.0,1100,Sell,235008522
2024-08-27 10:41:45,22500.0,200,Sell,235009016
2024-08-27 10:42:08,22500.0,11500,Sell,235009368
2024-08-27 10:42:10,22500.0,100,Sell,235009523
2024-08-27 10:42:12,22500.0,500,Sell,235009557
2024-08-27 10:42:21,22500.0,200,Sell,235009744
2024-08-27 10:42:36,22550.0,100,Buy,235009965
2024-08-27 10:43:04,22550.0,4000,Buy,235010603
2024-08-27 10:43:04,22550.0,200,Buy,235010602
2024-08-27 10:43:04,22550.0,10000,Buy,235010599
2024-08-27 10:43:04,22550.0,100,Buy,235010601
2024-08-27 10:43:04,22550.0,400,Buy,235010597
2024-08-27 10:43:04,22550.0,4400,Buy,235010596
2024-08-27 10:43:04,22550.0,300,Buy,235010594
2024-08-27 10:43:04,22550.0,200,Buy,235010598
2024-08-27 10:43:04,22550.0,700,Buy,235010600
2024-08-27 10:43:17,22550.0,100,Buy,235010851
2024-08-27 10:43:19,22550.0,200,Buy,235010882
2024-08-27 10:43:27,22550.0,800,Buy,235011062
2024-08-27 10:43:27,22550.0,1000,Buy,235011063
2024-08-27 10:43:27,22550.0,200,Buy,235011064
2024-08-27 10:43:35,22550.0,1000,Buy,235011430
2024-08-27 10:43:41,22550.0,200,Buy,235011537
2024-08-27 10:44:08,22550.0,700,Buy,235012275
2024-08-27 10:44:12,22550.0,300,Buy,235012399
2024-08-27 10:44:49,22550.0,500,Buy,235013601
2024-08-27 10:45:52,22550.0,300,Buy,235015679
2024-08-27 10:46:14,22500.0,100,Sell,235016350
2024-08-27 10:46:29,22500.0,500,Sell,235016796
2024-08-27 10:46:31,22500.0,1000,Sell,235016840
2024-08-27 10:46:47,22500.0,36000,Sell,235017336
2024-08-27 10:46:58,22500.0,5000,Sell,235017780
2024-08-27 10:46:58,22500.0,5000,Sell,235017793
2024-08-27 10:46:59,22500.0,2000,Sell,235017854
2024-08-27 10:47:06,22500.0,500,Sell,235018108
2024-08-27 10:47:08,22500.0,100,Sell,235018180
2024-08-27 10:47:12,22500.0,100,Sell,235018250
2024-08-27 10:47:16,22500.0,1000,Sell,235018580
2024-08-27 10:47:20,22500.0,900,Sell,235018701
2024-08-27 10:47:20,22500.0,100,Sell,235018702
2024-08-27 10:47:20,22500.0,2800,Sell,235018703
2024-08-27 10:47:21,22500.0,7000,Sell,235018728
2024-08-27 10:47:23,22500.0,500,Sell,235018825
2024-08-27 10:47:36,22500.0,1000,Sell,235019316
2024-08-27 10:47:37,22500.0,100,Sell,235019341
2024-08-27 10:47:39,22500.0,2000,Sell,235019448
2024-08-27 10:47:52,22500.0,300,Sell,235019836
2024-08-27 10:48:26,22500.0,900,Sell,235021116
2024-08-27 10:48:28,22500.0,200,Sell,235021176
2024-08-27 10:48:46,22500.0,2000,Sell,235021776
2024-08-27 10:48:48,22500.0,100,Sell,235021812
2024-08-27 10:48:55,22500.0,3200,Sell,235022068
2024-08-27 10:48:55,22500.0,12800,Sell,235022069
2024-08-27 10:49:08,22500.0,100,Sell,235022507
2024-08-27 10:49:08,22500.0,500,Sell,235022508
2024-08-27 10:49:08,22500.0,2000,Sell,235022505
2024-08-27 10:49:08,22500.0,100,Sell,235022506
2024-08-27 10:49:13,22500.0,400,Sell,235022618
2024-08-27 10:49:13,22500.0,500,Sell,235022619
2024-08-27 10:49:13,22500.0,100,Sell,235022617
2024-08-27 10:49:25,22500.0,1000,Sell,235022999
2024-08-27 10:49:27,22500.0,100,Sell,235023231
2024-08-27 10:49:51,22500.0,1000,Sell,235023979
2024-08-27 10:49:57,22500.0,100,Sell,235024115
2024-08-27 10:49:59,22500.0,100,Sell,235024158
2024-08-27 10:50:00,22500.0,3000,Sell,235024159
2024-08-27 10:50:03,22500.0,300,Sell,235024291
2024-08-27 10:50:07,22500.0,200,Sell,235024385
2024-08-27 10:50:07,22500.0,11000,Sell,235024395
2024-08-27 10:50:07,22500.0,15000,Sell,235024384
2024-08-27 10:50:31,22500.0,3300,Sell,235025089
2024-08-27 10:50:36,22500.0,300,Sell,235025194
2024-08-27 10:50:43,22500.0,4600,Sell,235025450
2024-08-27 10:50:47,22500.0,3900,Sell,235025561
2024-08-27 10:50:52,22500.0,200,Sell,235025707
2024-08-27 10:50:52,22500.0,20000,Sell,235025708
2024-08-27 10:50:56,22500.0,500,Sell,235025837
2024-08-27 10:50:59,22500.0,100,Sell,235025887
2024-08-27 10:51:20,22500.0,2600,Sell,235026408
2024-08-27 10:51:24,22500.0,30000,Sell,235026576
2024-08-27 10:51:24,22500.0,100,Sell,235026575
2024-08-27 10:51:24,22500.0,200,Sell,235026574
2024-08-27 10:51:24,22500.0,1500,Sell,235026573
2024-08-27 10:51:24,22500.0,3000,Sell,235026572
2024-08-27 10:51:24,22500.0,600,Sell,235026571
2024-08-27 10:51:24,22500.0,500,Sell,235026562
2024-08-27 10:51:24,22500.0,500,Sell,235026569
2024-08-27 10:51:24,22500.0,100,Sell,235026577
2024-08-27 10:51:24,22500.0,800,Sell,235026567
2024-08-27 10:51:24,22500.0,1000,Sell,235026566
2024-08-27 10:51:24,22500.0,4500,Sell,235026597
2024-08-27 10:51:24,22500.0,500,Sell,235026565
2024-08-27 10:51:24,22500.0,500,Sell,235026564
2024-08-27 10:51:24,22500.0,500,Sell,235026563
2024-08-27 10:51:24,22500.0,500,Sell,235026568
2024-08-27 10:51:24,22500.0,100,Sell,235026578
2024-08-27 10:51:24,22500.0,200,Sell,235026590
2024-08-27 10:51:24,22500.0,10000,Sell,235026580
2024-08-27 10:51:24,22500.0,300,Sell,235026596
2024-08-27 10:51:24,22500.0,100,Sell,235026595
2024-08-27 10:51:24,22500.0,50000,Sell,235026594
2024-08-27 10:51:24,22500.0,100,Sell,235026593
2024-08-27 10:51:24,22500.0,3000,Sell,235026592
2024-08-27 10:51:24,22500.0,700,Sell,235026591
2024-08-27 10:51:24,22500.0,200,Sell,235026589
2024-08-27 10:51:24,22500.0,1000,Sell,235026588
2024-08-27 10:51:24,22500.0,3000,Sell,235026587
2024-08-27 10:51:24,22500.0,500,Sell,235026586
2024-08-27 10:51:24,22500.0,100,Sell,235026585
2024-08-27 10:51:24,22500.0,1000,Sell,235026584
2024-08-27 10:51:24,22500.0,500,Sell,235026583
2024-08-27 10:51:24,22500.0,400,Sell,235026582
2024-08-27 10:51:24,22500.0,300,Sell,235026581
2024-08-27 10:51:24,22500.0,200,Sell,235026579
2024-08-27 10:51:24,22500.0,1000,Sell,235026561
2024-08-27 10:51:24,22500.0,5000,Sell,235026570
2024-08-27 10:51:24,22500.0,300,Sell,235026559
2024-08-27 10:51:24,22500.0,100000,Sell,235026536
2024-08-27 10:51:24,22500.0,2000,Sell,235026535
2024-08-27 10:51:24,22500.0,20000,Sell,235026534
2024-08-27 10:51:24,22500.0,500,Sell,235026533
2024-08-27 10:51:24,22500.0,100,Sell,235026532
2024-08-27 10:51:24,22500.0,500,Sell,235026531
2024-08-27 10:51:24,22500.0,500,Sell,235026530
2024-08-27 10:51:24,22500.0,100,Sell,235026529
2024-08-27 10:51:24,22500.0,100,Sell,235026528
2024-08-27 10:51:24,22500.0,1000,Sell,235026527
2024-08-27 10:51:24,22500.0,2500,Sell,235026526
2024-08-27 10:51:24,22500.0,500,Sell,235026525
2024-08-27 10:51:24,22500.0,1000,Sell,235026524
2024-08-27 10:51:24,22500.0,132200,Sell,235026523
2024-08-27 10:51:24,22500.0,300,Sell,235026560
2024-08-27 10:51:24,22500.0,100,Sell,235026537
2024-08-27 10:51:24,22500.0,10000,Sell,235026538
2024-08-27 10:51:24,22500.0,2000,Sell,235026554
2024-08-27 10:51:24,22500.0,1000,Sell,235026540
2024-08-27 10:51:24,22500.0,200,Sell,235026539
2024-08-27 10:51:24,22500.0,100,Sell,235026557
2024-08-27 10:51:24,22500.0,1000,Sell,235026555
2024-08-27 10:51:24,22500.0,400,Sell,235026553
2024-08-27 10:51:24,22500.0,1000,Sell,235026552
2024-08-27 10:51:24,22500.0,1000,Sell,235026551
2024-08-27 10:51:24,22500.0,200,Sell,235026550
2024-08-27 10:51:24,22500.0,300,Sell,235026549
2024-08-27 10:51:24,22500.0,1000,Sell,235026558
2024-08-27 10:51:24,22500.0,30000,Sell,235026547
2024-08-27 10:51:24,22500.0,1000,Sell,235026541
2024-08-27 10:51:24,22500.0,1000,Sell,235026542
2024-08-27 10:51:24,22500.0,1000,Sell,235026543
2024-08-27 10:51:24,22500.0,100,Sell,235026548
2024-08-27 10:51:24,22500.0,500,Sell,235026545
2024-08-27 10:51:24,22500.0,2000,Sell,235026546
2024-08-27 10:51:24,22500.0,2000,Sell,235026544
2024-08-27 10:51:30,22500.0,100,Sell,235026802
2024-08-27 10:51:37,22500.0,500,Sell,235027039
2024-08-27 10:51:45,22500.0,1800,Sell,235027299
2024-08-27 10:52:02,22500.0,500,Sell,235027753
2024-08-27 10:52:05,22500.0,200,Sell,235027786
2024-08-27 10:52:13,22500.0,23700,Sell,235027945
2024-08-27 10:52:13,22500.0,5000,Sell,235027952
2024-08-27 10:52:13,22500.0,10000,Sell,235027951
2024-08-27 10:52:13,22500.0,23700,Sell,235027950
2024-08-27 10:52:13,22500.0,100,Sell,235027949
2024-08-27 10:52:13,22500.0,100,Sell,235027948
2024-08-27 10:52:13,22500.0,23700,Sell,235027947
2024-08-27 10:52:13,22500.0,25600,Sell,235027946
2024-08-27 10:52:13,22500.0,200,Sell,235027944
2024-08-27 10:52:13,22500.0,2000,Sell,235027942
2024-08-27 10:52:13,22500.0,23700,Sell,235027943
2024-08-27 10:52:13,22500.0,16100,Sell,235027934
2024-08-27 10:52:13,22500.0,400,Sell,235027935
2024-08-27 10:52:13,22500.0,23700,Sell,235027936
2024-08-27 10:52:13,22500.0,7900,Sell,235027939
2024-08-27 10:52:13,22500.0,23700,Sell,235027938
2024-08-27 10:52:13,22500.0,500,Sell,235027937
2024-08-27 10:52:13,22500.0,100,Sell,235027940
2024-08-27 10:52:13,22500.0,100,Sell,235027941
2024-08-27 10:52:34,22500.0,3200,Buy,235028399
2024-08-27 10:52:41,22500.0,500,Buy,235028498
2024-08-27 10:52:42,22450.0,700,Sell,235028522
2024-08-27 10:52:58,22450.0,7000,Sell,235028848
2024-08-27 10:52:59,22450.0,200,Sell,235028891
2024-08-27 10:53:04,22500.0,3000,Buy,235028985
2024-08-27 10:54:20,22450.0,6600,Sell,235030440
2024-08-27 10:54:20,22450.0,23400,Sell,235030441
2024-08-27 10:54:34,22450.0,100,Sell,235030659
2024-08-27 10:54:39,22450.0,1000,Sell,235030722
2024-08-27 10:54:46,22450.0,200,Sell,235030812
2024-08-27 10:54:58,22450.0,100,Sell,235031049
2024-08-27 10:55:27,22450.0,7000,Sell,235031525
2024-08-27 10:55:54,22450.0,20000,Sell,235031913
2024-08-27 10:56:00,22450.0,3600,Sell,235032016
2024-08-27 10:56:04,22450.0,1000,Sell,235032067
2024-08-27 10:56:08,22450.0,100,Sell,235032112
2024-08-27 10:56:50,22450.0,500,Sell,235032696
2024-08-27 10:57:04,22450.0,4000,Sell,235032898
2024-08-27 10:57:06,22450.0,5700,Sell,235032918
2024-08-27 10:57:06,22450.0,300,Sell,235032919
2024-08-27 10:57:11,22450.0,1000,Sell,235033013
2024-08-27 10:58:55,22450.0,1000,Sell,235034508
2024-08-27 10:59:13,22450.0,2000,Sell,235034767
2024-08-27 11:00:25,22500.0,500,Buy,235035724
2024-08-27 11:01:45,22500.0,5000,Buy,235036867
2024-08-27 11:02:37,22500.0,200,Buy,235037619
2024-08-27 11:02:48,22500.0,30500,Buy,235037851
2024-08-27 11:02:53,22500.0,19900,Buy,235037910
2024-08-27 11:02:53,22500.0,46800,Buy,235037909
2024-08-27 11:02:57,22500.0,26800,Buy,235037960
2024-08-27 11:03:04,22500.0,16400,Buy,235038048
2024-08-27 11:03:08,22500.0,1000,Buy,235038087
2024-08-27 11:03:22,22500.0,1000,Buy,235038320
2024-08-27 11:03:27,22500.0,1000,Buy,235038403
2024-08-27 11:03:27,22500.0,800,Buy,235038404
2024-08-27 11:03:27,22500.0,500,Buy,235038405
2024-08-27 11:03:31,22500.0,10000,Buy,235038460
2024-08-27 11:03:40,22500.0,2000,Buy,235038586
2024-08-27 11:03:44,22500.0,100,Buy,235038619
2024-08-27 11:03:45,22500.0,20100,Buy,235038640
2024-08-27 11:03:47,22500.0,100,Buy,235038664
2024-08-27 11:03:47,22500.0,3500,Buy,235038651
2024-08-27 11:03:47,22500.0,400,Buy,235038650
2024-08-27 11:03:50,22500.0,4000,Buy,235038698
2024-08-27 11:03:50,22500.0,2400,Buy,235038707
2024-08-27 11:03:50,22500.0,600,Buy,235038708
2024-08-27 11:04:01,22500.0,3600,Buy,235038868
2024-08-27 11:04:01,22500.0,100,Buy,235038867
2024-08-27 11:04:01,22500.0,2000,Buy,235038866
2024-08-27 11:04:01,22500.0,100,Buy,235038865
2024-08-27 11:04:01,22500.0,300,Buy,235038864
2024-08-27 11:04:01,22500.0,1000,Buy,235038862
2024-08-27 11:04:01,22500.0,500,Buy,235038863
2024-08-27 11:04:01,22500.0,1000,Buy,235038860
2024-08-27 11:04:01,22500.0,200,Buy,235038859
2024-08-27 11:04:01,22500.0,1000,Buy,235038858
2024-08-27 11:04:01,22500.0,2000,Buy,235038857
2024-08-27 11:04:01,22500.0,500,Buy,235038856
2024-08-27 11:04:01,22500.0,1500,Buy,235038855
2024-08-27 11:04:01,22500.0,500,Buy,235038852
2024-08-27 11:04:01,22500.0,1000,Buy,235038861
2024-08-27 11:04:22,22500.0,3000,Buy,235039188
2024-08-27 11:04:31,22500.0,3400,Buy,235039317
2024-08-27 11:04:31,22500.0,100,Buy,235039318
2024-08-27 11:04:35,22500.0,1000,Buy,235039376
2024-08-27 11:04:41,22450.0,2500,Sell,235039553
2024-08-27 11:04:43,22450.0,100,Sell,235039568
2024-08-27 11:04:45,22500.0,800,Buy,235039585
2024-08-27 11:04:45,22500.0,5200,Buy,235039586
2024-08-27 11:04:45,22500.0,13900,Buy,235039583
2024-08-27 11:04:45,22500.0,100,Buy,235039584
2024-08-27 11:04:56,22500.0,18600,Buy,235039778
2024-08-27 11:04:56,22500.0,11400,Buy,235039777
2024-08-27 11:05:10,22500.0,500,Buy,235039968
2024-08-27 11:05:18,22500.0,200,Buy,235040107
2024-08-27 11:05:25,22500.0,700,Buy,235040275
2024-08-27 11:05:25,22500.0,1900,Buy,235040276
2024-08-27 11:05:26,22500.0,100,Buy,235040299
2024-08-27 11:05:32,22500.0,100,Buy,235040441
2024-08-27 11:05:32,22500.0,100,Buy,235040442
2024-08-27 11:05:35,22500.0,500,Buy,235040496
2024-08-27 11:05:35,22500.0,1000,Buy,235040495
2024-08-27 11:05:35,22500.0,100,Buy,235040494
2024-08-27 11:05:35,22500.0,100,Buy,235040491
2024-08-27 11:05:35,22500.0,1000,Buy,235040490
2024-08-27 11:05:35,22500.0,800,Buy,235040489
2024-08-27 11:05:35,22500.0,2900,Buy,235040492
2024-08-27 11:05:35,22500.0,1000,Buy,235040493
2024-08-27 11:06:29,22500.0,100,Sell,235041649
2024-08-27 11:06:46,22500.0,12500,Sell,235041954
2024-08-27 11:06:46,22500.0,8500,Sell,235041955
2024-08-27 11:07:02,22500.0,200,Sell,235042264
2024-08-27 11:07:11,22500.0,3000,Sell,235042445
2024-08-27 11:07:19,22500.0,2000,Sell,235042633
2024-08-27 11:07:33,22500.0,300,Sell,235042918
2024-08-27 11:07:51,22550.0,300,Buy,235043305
2024-08-27 11:08:01,22500.0,20000,Sell,235043454
2024-08-27 11:08:05,22500.0,130000,Sell,235043558
2024-08-27 11:08:09,22500.0,5000,Sell,235043648
2024-08-27 11:08:16,22500.0,2700,Sell,235043777
2024-08-27 11:08:16,22500.0,47000,Sell,235043774
2024-08-27 11:08:16,22500.0,200,Sell,235043775
2024-08-27 11:08:16,22500.0,100,Sell,235043776
2024-08-27 11:08:18,22500.0,2300,Sell,235043820
2024-08-27 11:08:18,22500.0,2500,Sell,235043821
2024-08-27 11:08:18,22500.0,100,Sell,235043822
2024-08-27 11:09:35,22450.0,1000,Sell,235045163
2024-08-27 11:09:39,22500.0,300,Buy,235045233
2024-08-27 11:09:39,22500.0,1900,Buy,235045234
2024-08-27 11:09:45,22500.0,6700,Buy,235045451
2024-08-27 11:09:54,22450.0,100,Sell,235045613
2024-08-27 11:09:56,22500.0,600,Buy,235045643
2024-08-27 11:10:04,22500.0,23700,Buy,235045839
2024-08-27 11:10:07,22500.0,30000,Buy,235045883
2024-08-27 11:10:19,22500.0,700,Buy,235046237
2024-08-27 11:10:25,22500.0,23700,Buy,235046324
2024-08-27 11:10:45,22500.0,2000,Buy,235046882
2024-08-27 11:10:55,22500.0,500,Buy,235047262
2024-08-27 11:10:55,22450.0,42000,Sell,235047271
2024-08-27 11:10:55,22450.0,50000,Sell,235047272
2024-08-27 11:10:55,22450.0,100,Sell,235047273
2024-08-27 11:10:55,22450.0,14800,Sell,235047274
2024-08-27 11:10:55,22450.0,500,Sell,235047275
2024-08-27 11:10:55,22450.0,300,Sell,235047276
2024-08-27 11:10:55,22450.0,2300,Sell,235047277
2024-08-27 11:11:06,22450.0,100,Sell,235047649
2024-08-27 11:11:11,22450.0,1300,Sell,235047770
2024-08-27 11:11:26,22500.0,5000,Buy,235048125
2024-08-27 11:11:31,22500.0,6400,Buy,235048282
2024-08-27 11:11:31,22500.0,200,Buy,235048283
2024-08-27 11:11:31,22500.0,11900,Buy,235048284
2024-08-27 11:11:31,22500.0,5200,Buy,235048281
2024-08-27 11:11:46,22500.0,500,Buy,235048628
2024-08-27 11:11:51,22500.0,2400,Buy,235048836
2024-08-27 11:11:51,22500.0,100,Buy,235048835
2024-08-27 11:11:51,22500.0,200,Buy,235048834
2024-08-27 11:11:51,22500.0,100,Buy,235048833
2024-08-27 11:11:51,22500.0,5000,Buy,235048832
2024-08-27 11:11:51,22500.0,1000,Buy,235048831
2024-08-27 11:11:51,22500.0,6000,Buy,235048829
2024-08-27 11:11:51,22500.0,200,Buy,235048828
2024-08-27 11:11:51,22500.0,800,Buy,235048827
2024-08-27 11:11:51,22500.0,1000,Buy,235048826
2024-08-27 11:11:51,22500.0,3000,Buy,235048825
2024-08-27 11:11:51,22500.0,2600,Buy,235048824
2024-08-27 11:11:51,22500.0,1300,Buy,235048830
2024-08-27 11:11:55,22450.0,1000,Sell,235048901
2024-08-27 11:12:01,22450.0,2000,Sell,235049044
2024-08-27 11:12:30,22500.0,100,Buy,235049727
2024-08-27 11:12:42,22500.0,12800,Buy,235050076
2024-08-27 11:12:58,22500.0,100,Buy,235050448
2024-08-27 11:12:58,22500.0,7000,Buy,235050450
2024-08-27 11:12:58,22500.0,500,Buy,235050449
2024-08-27 11:12:58,22500.0,4700,Buy,235050446
2024-08-27 11:12:58,22500.0,500,Buy,235050447
2024-08-27 11:13:04,22500.0,3000,Buy,235050553
2024-08-27 11:13:04,22500.0,100,Buy,235050554
2024-08-27 11:13:04,22500.0,1900,Buy,235050555
2024-08-27 11:13:04,22500.0,100,Buy,235050556
2024-08-27 11:13:04,22500.0,300,Buy,235050557
2024-08-27 11:13:04,22500.0,3000,Buy,235050558
2024-08-27 11:13:04,22500.0,1800,Buy,235050559
2024-08-27 11:13:04,22500.0,13500,Buy,235050560
2024-08-27 11:13:24,22500.0,500,Buy,235050957
2024-08-27 11:14:54,22500.0,5300,Buy,235052867
2024-08-27 11:14:54,22500.0,18000,Buy,235052865
2024-08-27 11:14:54,22500.0,400,Buy,235052866
2024-08-27 11:15:30,22450.0,600,Sell,235053572
2024-08-27 11:15:57,22450.0,600,Sell,235054177
2024-08-27 11:16:04,22500.0,4700,Buy,235054352
2024-08-27 11:16:04,22500.0,2500,Buy,235054353
2024-08-27 11:16:04,22500.0,5000,Buy,235054354
2024-08-27 11:16:04,22500.0,7800,Buy,235054355
2024-08-27 11:16:10,22500.0,100,Buy,235054480
2024-08-27 11:16:41,22500.0,2100,Buy,235055234
2024-08-27 11:16:41,22500.0,5000,Buy,235055235
2024-08-27 11:16:41,22500.0,500,Buy,235055236
2024-08-27 11:16:41,22500.0,1000,Buy,235055237
2024-08-27 11:16:41,22500.0,1000,Buy,235055238
2024-08-27 11:16:41,22500.0,400,Buy,235055239
2024-08-27 11:17:00,22500.0,1000,Buy,235055508
2024-08-27 11:17:00,22500.0,600,Buy,235055509
2024-08-27 11:17:00,22500.0,500,Buy,235055507
2024-08-27 11:17:00,22500.0,700,Buy,235055510
2024-08-27 11:17:00,22500.0,3000,Buy,235055505
2024-08-27 11:17:00,22500.0,3400,Buy,235055504
2024-08-27 11:17:00,22500.0,600,Buy,235055503
2024-08-27 11:17:00,22500.0,200,Buy,235055506
2024-08-27 11:17:15,22450.0,10000,Sell,235055814
2024-08-27 11:17:16,22500.0,1000,Buy,235055838
2024-08-27 11:17:16,22500.0,1100,Buy,235055837
2024-08-27 11:17:16,22500.0,100,Buy,235055836
2024-08-27 11:17:16,22500.0,600,Buy,235055832
2024-08-27 11:17:16,22500.0,100,Buy,235055831
2024-08-27 11:17:16,22500.0,2900,Buy,235055830
2024-08-27 11:17:16,22500.0,500,Buy,235055829
2024-08-27 11:17:16,22500.0,7500,Buy,235055828
2024-08-27 11:17:16,22500.0,1000,Buy,235055822
2024-08-27 11:17:16,22500.0,700,Buy,235055823
2024-08-27 11:17:16,22500.0,100,Buy,235055824
2024-08-27 11:17:16,22500.0,800,Buy,235055821
2024-08-27 11:17:16,22500.0,200,Buy,235055826
2024-08-27 11:17:16,22500.0,1000,Buy,235055827
2024-08-27 11:17:16,22500.0,500,Buy,235055825
2024-08-27 11:17:22,22500.0,300,Sell,235055973
2024-08-27 11:17:28,22500.0,3000,Sell,235056085
2024-08-27 11:17:29,22500.0,2300,Sell,235056111
2024-08-27 11:17:32,22500.0,400,Buy,235056162
2024-08-27 11:17:35,22500.0,3300,Buy,235056196
2024-08-27 11:17:35,22500.0,200,Buy,235056197
2024-08-27 11:17:39,22550.0,2700,Buy,235056263
2024-08-27 11:17:39,22550.0,1700,Buy,235056262
2024-08-27 11:18:00,22500.0,5000,Sell,235056626
2024-08-27 11:18:00,22500.0,5000,Sell,235056627
2024-08-27 11:18:11,22450.0,300,Sell,235056801
2024-08-27 11:18:11,22500.0,7900,Buy,235056805
2024-08-27 11:18:30,22500.0,2100,Buy,235057179
2024-08-27 11:18:30,22500.0,7900,Buy,235057180
2024-08-27 11:18:34,22500.0,2100,Buy,235057229
2024-08-27 11:18:34,22500.0,300,Buy,235057230
2024-08-27 11:18:34,22500.0,100,Buy,235057231
2024-08-27 11:18:38,22500.0,400,Buy,235057264
2024-08-27 11:18:40,22550.0,7900,Buy,235057317
2024-08-27 11:18:47,22500.0,1600,Sell,235057405
2024-08-27 11:18:55,22500.0,200,Buy,235057520
2024-08-27 11:18:58,22500.0,200,Buy,235057580
2024-08-27 11:18:58,22550.0,4800,Buy,235057581
2024-08-27 11:19:13,22550.0,4600,Buy,235057852
2024-08-27 11:19:13,22550.0,200,Buy,235057853
2024-08-27 11:19:13,22550.0,100,Buy,235057854
2024-08-27 11:19:13,22550.0,100,Buy,235057855
2024-08-27 11:19:13,22550.0,2000,Buy,235057857
2024-08-27 11:19:13,22550.0,900,Buy,235057858
2024-08-27 11:19:42,22500.0,500,Sell,235058387
2024-08-27 11:19:56,22500.0,2000,Sell,235058547
2024-08-27 11:19:59,22500.0,20000,Sell,235058602
2024-08-27 11:20:57,22500.0,600,Sell,235059413
2024-08-27 11:21:08,22500.0,200,Sell,235059587
2024-08-27 11:21:11,22550.0,7900,Buy,235059621
2024-08-27 11:21:21,22550.0,1400,Buy,235059859
2024-08-27 11:21:49,22500.0,500,Sell,235060255
2024-08-27 11:22:09,22500.0,200,Sell,235060576
2024-08-27 11:22:24,22500.0,7000,Sell,235060768
2024-08-27 11:22:54,22500.0,400,Sell,235061198
2024-08-27 11:22:58,22550.0,200,Buy,235061246
2024-08-27 11:23:02,22500.0,600,Sell,235061286
2024-08-27 11:23:18,22500.0,100,Sell,235061438
2024-08-27 11:23:44,22500.0,100,Sell,235061751
2024-08-27 11:24:15,22500.0,200,Sell,235062128
2024-08-27 11:24:16,22500.0,400,Sell,235062145
2024-08-27 11:24:18,22500.0,3500,Sell,235062159
2024-08-27 11:24:33,22500.0,500,Sell,235062387
2024-08-27 11:24:36,22500.0,4000,Sell,235062429
2024-08-27 11:25:03,22500.0,4000,Sell,235062787
2024-08-27 11:25:03,22500.0,6300,Sell,235062788
2024-08-27 11:25:03,22500.0,9200,Sell,235062785
2024-08-27 11:25:03,22500.0,500,Sell,235062786
2024-08-27 11:25:12,22500.0,500,Sell,235062914
2024-08-27 11:25:12,22500.0,100,Sell,235062916
2024-08-27 11:25:50,22500.0,200,Sell,235063425
2024-08-27 11:25:55,22500.0,800,Sell,235063475
2024-08-27 11:25:55,22500.0,500,Sell,235063478
2024-08-27 11:26:04,22500.0,500,Sell,235063600
2024-08-27 11:26:11,22500.0,1000,Sell,235063846
2024-08-27 11:26:16,22550.0,7900,Buy,235063905
2024-08-27 11:26:41,22500.0,100,Sell,235064214
2024-08-27 11:26:46,22550.0,2000,Buy,235064288
2024-08-27 11:27:16,22550.0,100,Buy,235064720
2024-08-27 11:27:22,22550.0,1300,Buy,235064804
2024-08-27 11:28:08,22500.0,2300,Sell,235065572
2024-08-27 11:28:14,22500.0,3800,Sell,235065727
2024-08-27 11:28:30,22550.0,1000,Buy,235066089
2024-08-27 11:28:43,22550.0,2000,Buy,235066376
2024-08-27 11:29:03,22550.0,100,Buy,235066725
2024-08-27 11:29:04,22500.0,1500,Sell,235066747
2024-08-27 11:29:25,22500.0,100,Sell,235067032
2024-08-27 12:59:38,22500.0,1200,Sell,235067423
2024-08-27 12:59:38,22500.0,1000,Sell,235067424
2024-08-27 12:59:38,22500.0,600,Sell,235067613
2024-08-27 12:59:38,22550.0,900,Buy,235067614
2024-08-27 12:59:39,22500.0,200,Sell,235068135
2024-08-27 12:59:39,22500.0,10000,Sell,235068027
2024-08-27 12:59:39,22500.0,300,Sell,235067821
2024-08-27 12:59:39,22500.0,900,Sell,235067729
2024-08-27 12:59:39,22500.0,500,Sell,235067728
2024-08-27 12:59:40,22500.0,17900,Sell,235068419
2024-08-27 12:59:40,22500.0,200,Sell,235068418
2024-08-27 12:59:40,22500.0,1000,Sell,235068416
2024-08-27 12:59:40,22500.0,400,Sell,235068415
2024-08-27 12:59:40,22500.0,500,Sell,235068390
2024-08-27 12:59:40,22500.0,5000,Sell,235068389
2024-08-27 12:59:40,22500.0,100,Sell,235068417
2024-08-27 12:59:40,22500.0,2000,Sell,235068387
2024-08-27 12:59:40,22500.0,100,Sell,235068388
2024-08-27 12:59:40,22500.0,17600,Sell,235068382
2024-08-27 12:59:40,22500.0,100,Sell,235068384
2024-08-27 12:59:40,22500.0,5000,Sell,235068383
2024-08-27 12:59:40,22500.0,10000,Sell,235068385
2024-08-27 12:59:40,22500.0,100,Sell,235068386
2024-08-27 12:59:41,22500.0,300,Sell,235069008
2024-08-27 12:59:42,22500.0,800,Sell,235069468
2024-08-27 12:59:43,22500.0,2000,Sell,235069654
2024-08-27 12:59:43,22500.0,1000,Sell,235069905
2024-08-27 12:59:43,22500.0,500,Sell,235069520
2024-08-27 12:59:44,22500.0,2000,Sell,235069960
2024-08-27 12:59:44,22500.0,1300,Sell,235069961
2024-08-27 12:59:44,22500.0,10000,Sell,235069962
2024-08-27 12:59:44,22500.0,1000,Sell,235069963
2024-08-27 12:59:47,22500.0,3000,Sell,235070441
2024-08-27 12:59:47,22500.0,100,Sell,235070419
2024-08-27 12:59:47,22500.0,100,Sell,235070395
2024-08-27 12:59:47,22500.0,30000,Sell,235070396
2024-08-27 12:59:48,22500.0,4600,Sell,235070544
2024-08-27 12:59:48,22500.0,20000,Sell,235070567
2024-08-27 12:59:49,22500.0,1000,Sell,235070710
2024-08-27 12:59:50,22500.0,1000,Sell,235070765
2024-08-27 12:59:51,22500.0,200000,Sell,235070916
2024-08-27 12:59:52,22500.0,500,Sell,235071060
2024-08-27 12:59:52,22500.0,2000,Sell,235071059
2024-08-27 12:59:53,22500.0,5000,Sell,235071104
2024-08-27 12:59:53,22500.0,300,Sell,235071126
2024-08-27 12:59:53,22500.0,600,Sell,235071125
2024-08-27 12:59:53,22500.0,600,Sell,235071124
2024-08-27 12:59:53,22500.0,20000,Sell,235071123
2024-08-27 12:59:53,22500.0,100,Sell,235071122
2024-08-27 12:59:53,22500.0,100,Sell,235071121
2024-08-27 12:59:53,22500.0,700,Sell,235071120
2024-08-27 12:59:53,22500.0,500,Sell,235071119
2024-08-27 12:59:53,22500.0,2000,Sell,235071118
2024-08-27 12:59:53,22500.0,100,Sell,235071116
2024-08-27 12:59:53,22500.0,100,Sell,235071117
2024-08-27 12:59:53,22500.0,5000,Sell,235071114
2024-08-27 12:59:53,22500.0,18000,Sell,235071113
2024-08-27 12:59:53,22500.0,3000,Sell,235071112
2024-08-27 12:59:53,22500.0,2000,Sell,235071111
2024-08-27 12:59:53,22500.0,500,Sell,235071110
2024-08-27 12:59:53,22500.0,50000,Sell,235071109
2024-08-27 12:59:53,22500.0,1000,Sell,235071108
2024-08-27 12:59:53,22500.0,50000,Sell,235071107
2024-08-27 12:59:53,22500.0,12000,Sell,235071106
2024-08-27 12:59:53,22500.0,100,Sell,235071105
2024-08-27 12:59:53,22500.0,200,Sell,235071115
2024-08-27 12:59:53,22500.0,900,Sell,235071103
2024-08-27 13:00:03,22500.0,100,Buy,235071956
2024-08-27 13:00:03,22500.0,27200,Buy,235071953
2024-08-27 13:00:03,22500.0,300,Buy,235071954
2024-08-27 13:00:03,22500.0,400,Buy,235071955
2024-08-27 13:00:07,22500.0,100,Buy,235072154
2024-08-27 13:00:09,22500.0,800,Buy,235072269
2024-08-27 13:00:09,22500.0,2200,Buy,235072268
2024-08-27 13:00:09,22500.0,3000,Buy,235072270
2024-08-27 13:00:11,22450.0,100,Sell,235072338
2024-08-27 13:00:24,22450.0,200,Sell,235072654
2024-08-27 13:00:24,22500.0,500,Buy,235072659
2024-08-27 13:00:49,22450.0,1600,Sell,235073266
2024-08-27 13:00:49,22450.0,1300,Sell,235073267
2024-08-27 13:01:07,22450.0,300,Sell,235073718
2024-08-27 13:01:14,22450.0,700,Sell,235073901
2024-08-27 13:01:18,22450.0,100,Sell,235074015
2024-08-27 13:01:29,22450.0,2600,Sell,235074329
2024-08-27 13:01:29,22450.0,500,Sell,235074330
2024-08-27 13:01:29,22450.0,100,Sell,235074331
2024-08-27 13:01:32,22450.0,100,Sell,235074368
2024-08-27 13:01:35,22500.0,5000,Buy,235074460
2024-08-27 13:01:36,22450.0,400,Sell,235074481
2024-08-27 13:01:45,22450.0,100,Sell,235074726
2024-08-27 13:02:15,22450.0,500,Sell,235075438
2024-08-27 13:02:27,22450.0,100,Sell,235075772
2024-08-27 13:02:34,22450.0,1000,Sell,235075951
2024-08-27 13:02:42,22500.0,10000,Buy,235076154
2024-08-27 13:03:07,22500.0,3500,Buy,235076821
2024-08-27 13:03:11,22500.0,10000,Buy,235076988
2024-08-27 13:03:17,22500.0,100,Buy,235077223
2024-08-27 13:03:23,22500.0,600,Buy,235077394
2024-08-27 13:03:23,22500.0,600,Buy,235077393
2024-08-27 13:03:23,22500.0,1000,Buy,235077392
2024-08-27 13:03:23,22500.0,1000,Buy,235077391
2024-08-27 13:03:23,22500.0,1500,Buy,235077390
2024-08-27 13:03:23,22500.0,100,Buy,235077388
2024-08-27 13:03:23,22500.0,100,Buy,235077387
2024-08-27 13:03:23,22500.0,11900,Buy,235077386
2024-08-27 13:03:23,22500.0,2000,Buy,235077389
2024-08-27 13:03:51,22500.0,200,Buy,235078075
2024-08-27 13:03:51,22500.0,3200,Buy,235078076
2024-08-27 13:03:51,22500.0,800,Buy,235078077
2024-08-27 13:03:51,22500.0,100,Buy,235078078
2024-08-27 13:03:51,22500.0,500,Buy,235078079
2024-08-27 13:03:51,22500.0,100,Buy,235078080
2024-08-27 13:03:51,22500.0,300,Buy,235078081
2024-08-27 13:03:57,22500.0,4500,Buy,235078299
2024-08-27 13:03:57,22500.0,1200,Buy,235078298
2024-08-27 13:03:57,22500.0,200,Buy,235078297
2024-08-27 13:03:57,22500.0,300,Buy,235078293
2024-08-27 13:03:57,22500.0,2000,Buy,235078295
2024-08-27 13:03:57,22500.0,1000,Buy,235078294
2024-08-27 13:03:57,22500.0,200,Buy,235078292
2024-08-27 13:03:57,22500.0,600,Buy,235078296
2024-08-27 13:04:13,22500.0,1000,Buy,235078615
2024-08-27 13:04:13,22500.0,1400,Buy,235078619
2024-08-27 13:04:13,22500.0,3000,Buy,235078618
2024-08-27 13:04:13,22500.0,500,Buy,235078616
2024-08-27 13:04:13,22500.0,200,Buy,235078614
2024-08-27 13:04:13,22500.0,100,Buy,235078617
2024-08-27 13:04:13,22500.0,600,Buy,235078612
2024-08-27 13:04:13,22500.0,6500,Buy,235078607
2024-08-27 13:04:13,22500.0,500,Buy,235078608
2024-08-27 13:04:13,22500.0,100,Buy,235078613
2024-08-27 13:04:13,22500.0,1300,Buy,235078610
2024-08-27 13:04:13,22500.0,1000,Buy,235078611
2024-08-27 13:04:13,22500.0,3800,Buy,235078609
2024-08-27 13:04:16,22500.0,2000,Buy,235078680
2024-08-27 13:04:18,22500.0,100,Buy,235078726
2024-08-27 13:04:19,22500.0,500,Buy,235078742
2024-08-27 13:04:33,22500.0,3000,Buy,235079057
2024-08-27 13:04:43,22500.0,1000,Buy,235079271
2024-08-27 13:04:51,22500.0,500,Buy,235079501
2024-08-27 13:05:10,22500.0,1500,Buy,235080014
2024-08-27 13:05:13,22500.0,2000,Buy,235080082
2024-08-27 13:05:13,22500.0,200,Buy,235080084
2024-08-27 13:05:13,22500.0,300,Buy,235080083
2024-08-27 13:05:13,22500.0,100,Buy,235080081
2024-08-27 13:05:13,22500.0,400,Buy,235080079
2024-08-27 13:05:13,22500.0,10000,Buy,235080078
2024-08-27 13:05:13,22500.0,500,Buy,235080080
2024-08-27 13:05:14,22500.0,500,Sell,235080097
2024-08-27 13:05:19,22550.0,14300,Buy,235080231
2024-08-27 13:05:19,22550.0,500,Buy,235080232
2024-08-27 13:05:19,22550.0,400,Buy,235080233
2024-08-27 13:05:19,22550.0,1500,Buy,235080234
2024-08-27 13:05:19,22550.0,7000,Buy,235080235
2024-08-27 13:05:56,22500.0,1000,Sell,235081381
2024-08-27 13:05:56,22500.0,1000,Sell,235081382
2024-08-27 13:06:08,22500.0,1400,Sell,235081649
2024-08-27 13:06:14,22500.0,300,Sell,235081927
2024-08-27 13:06:24,22500.0,100,Sell,235082225
2024-08-27 13:06:37,22500.0,8200,Sell,235082544
2024-08-27 13:06:37,22500.0,1800,Sell,235082545
2024-08-27 13:06:46,22500.0,5000,Sell,235082750
2024-08-27 13:06:48,22500.0,200,Sell,235082813
2024-08-27 13:06:48,22500.0,1300,Sell,235082814
2024-08-27 13:06:59,22500.0,2700,Sell,235083090
2024-08-27 13:06:59,22500.0,300,Sell,235083091
2024-08-27 13:07:00,22500.0,100,Sell,235083111
2024-08-27 13:07:01,22500.0,300,Sell,235083151
2024-08-27 13:07:09,22500.0,200,Sell,235083316
2024-08-27 13:07:13,22500.0,2100,Sell,235083394
2024-08-27 13:07:13,22500.0,10000,Sell,235083395
2024-08-27 13:07:13,22500.0,10000,Sell,235083396
2024-08-27 13:07:13,22500.0,5000,Sell,235083397
2024-08-27 13:07:13,22500.0,200,Sell,235083398
2024-08-27 13:07:13,22500.0,5000,Sell,235083399
2024-08-27 13:07:13,22500.0,1000,Sell,235083400
2024-08-27 13:07:13,22500.0,100,Sell,235083401
2024-08-27 13:07:13,22500.0,600,Sell,235083402
2024-08-27 13:07:15,22500.0,1600,Sell,235083484
2024-08-27 13:07:15,22500.0,400,Sell,235083483
2024-08-27 13:07:17,22500.0,1400,Sell,235083522
2024-08-27 13:07:17,22500.0,600,Sell,235083523
2024-08-27 13:07:28,22500.0,200,Sell,235083759
2024-08-27 13:07:31,22500.0,1200,Sell,235083870
2024-08-27 13:07:31,22500.0,1000,Sell,235083871
2024-08-27 13:07:31,22500.0,7800,Sell,235083872
2024-08-27 13:07:43,22500.0,1600,Sell,235084193
2024-08-27 13:07:53,22500.0,100,Sell,235084507
2024-08-27 13:07:53,22500.0,500,Sell,235084511
2024-08-27 13:08:07,22500.0,1000,Sell,235085071
2024-08-27 13:08:09,22500.0,200,Sell,235085121
2024-08-27 13:08:09,22500.0,2000,Sell,235085118
2024-08-27 13:08:09,22500.0,300,Sell,235085120
2024-08-27 13:08:09,22500.0,2500,Sell,235085116
2024-08-27 13:08:09,22500.0,2400,Sell,235085117
2024-08-27 13:08:09,22500.0,12700,Sell,235085114
2024-08-27 13:08:09,22500.0,5000,Sell,235085119
2024-08-27 13:08:09,22500.0,800,Sell,235085115
2024-08-27 13:08:12,22500.0,14100,Buy,235085182
2024-08-27 13:08:12,22500.0,100,Buy,235085183
2024-08-27 13:08:12,22500.0,500,Sell,235085184
2024-08-27 13:08:15,22500.0,500,Sell,235085257
2024-08-27 13:08:25,22500.0,500,Sell,235085554
2024-08-27 13:08:52,22500.0,4300,Sell,235086594
2024-08-27 13:08:52,22500.0,1000,Sell,235086595
2024-08-27 13:08:52,22500.0,1000,Sell,235086596
2024-08-27 13:08:52,22500.0,7700,Sell,235086597
2024-08-27 13:09:34,22500.0,500,Sell,235088366
2024-08-27 13:09:34,22500.0,200,Sell,235088369
2024-08-27 13:09:34,22500.0,4300,Sell,235088370
2024-08-27 13:09:36,22500.0,100,Sell,235088462
2024-08-27 13:09:41,22500.0,1800,Sell,235088661
2024-08-27 13:09:41,22500.0,5600,Sell,235088659
2024-08-27 13:09:41,22500.0,300,Sell,235088660
2024-08-27 13:09:54,22500.0,500,Sell,235089095
2024-08-27 13:10:00,22500.0,2700,Sell,235089358
2024-08-27 13:10:00,22500.0,5000,Sell,235089359
2024-08-27 13:10:00,22500.0,2300,Sell,235089360
2024-08-27 13:10:07,22500.0,700,Sell,235089552
2024-08-27 13:10:15,22500.0,500,Sell,235089910
2024-08-27 13:10:15,22500.0,300,Sell,235089911
2024-08-27 13:10:15,22500.0,500,Sell,235089912
2024-08-27 13:10:20,22500.0,300,Buy,235090090
2024-08-27 13:10:22,22500.0,23700,Buy,235090164
2024-08-27 13:10:34,22500.0,1500,Buy,235090820
2024-08-27 13:10:34,22500.0,2200,Buy,235090819
2024-08-27 13:10:35,22550.0,3200,Buy,235090841
2024-08-27 13:10:35,22500.0,500,Buy,235090840
2024-08-27 13:10:40,22500.0,200,Sell,235091114
2024-08-27 13:10:44,22500.0,1000,Buy,235091233
2024-08-27 13:10:44,22500.0,100,Buy,235091215
2024-08-27 13:10:56,22500.0,1000,Buy,235091602
2024-08-27 13:11:16,22500.0,100,Buy,235092444
2024-08-27 13:11:19,22500.0,1600,Buy,235092552
2024-08-27 13:11:19,22500.0,2500,Buy,235092553
2024-08-27 13:11:23,22500.0,1000,Sell,235092677
2024-08-27 13:11:35,22500.0,1500,Sell,235093094
2024-08-27 13:11:46,22500.0,5000,Sell,235093457
2024-08-27 13:12:10,22500.0,5000,Sell,235094172
2024-08-27 13:12:18,22500.0,3400,Sell,235094398
2024-08-27 13:12:18,22500.0,1600,Sell,235094399
2024-08-27 13:12:45,22500.0,1700,Sell,235095168
2024-08-27 13:12:45,22500.0,200,Sell,235095167
2024-08-27 13:12:45,22500.0,1000,Sell,235095166
2024-08-27 13:12:45,22500.0,500,Sell,235095164
2024-08-27 13:12:45,22500.0,1000,Sell,235095162
2024-08-27 13:12:45,22500.0,3400,Sell,235095161
2024-08-27 13:12:45,22500.0,2000,Sell,235095165
2024-08-27 13:12:45,22500.0,200,Sell,235095163
2024-08-27 13:12:56,22500.0,400,Sell,235095461
2024-08-27 13:12:58,22500.0,1500,Sell,235095500
2024-08-27 13:13:02,22500.0,2300,Sell,235095641
2024-08-27 13:13:02,22500.0,16400,Sell,235095636
2024-08-27 13:13:02,22500.0,300,Sell,235095637
2024-08-27 13:13:02,22500.0,100,Sell,235095638
2024-08-27 13:13:02,22500.0,400,Sell,235095639
2024-08-27 13:13:02,22500.0,500,Sell,235095640
2024-08-27 13:13:34,22500.0,1100,Sell,235096522
2024-08-27 13:13:34,22500.0,300,Sell,235096521
2024-08-27 13:13:34,22500.0,700,Sell,235096519
2024-08-27 13:13:34,22500.0,400,Sell,235096520
2024-08-27 13:13:35,22500.0,1400,Sell,235096551
2024-08-27 13:13:35,22500.0,400,Sell,235096552
2024-08-27 13:13:49,22500.0,100,Buy,235096901
2024-08-27 13:14:13,22500.0,10000,Buy,235097667
2024-08-27 13:14:17,22500.0,2000,Buy,235097737
2024-08-27 13:14:22,22500.0,2000,Buy,235097830
2024-08-27 13:14:34,22500.0,2000,Buy,235098126
2024-08-27 13:14:48,22500.0,1000,Buy,235098411
2024-08-27 13:14:54,22500.0,2500,Buy,235098537
2024-08-27 13:14:54,22500.0,1000,Buy,235098536
2024-08-27 13:14:54,22500.0,200,Buy,235098534
2024-08-27 13:14:54,22500.0,1000,Buy,235098535
2024-08-27 13:14:54,22500.0,500,Buy,235098532
2024-08-27 13:14:54,22500.0,1000,Buy,235098531
2024-08-27 13:14:54,22500.0,7100,Buy,235098530
2024-08-27 13:14:54,22500.0,100,Buy,235098533
2024-08-27 13:15:03,22500.0,1000,Sell,235098762
2024-08-27 13:15:09,22500.0,5000,Buy,235098909
2024-08-27 13:15:29,22500.0,6000,Buy,235099422
2024-08-27 13:15:29,22500.0,4000,Buy,235099423
2024-08-27 13:15:36,22500.0,100,Buy,235099696
2024-08-27 13:15:36,22500.0,1000,Buy,235099695
2024-08-27 13:16:19,22500.0,100,Sell,235100742
2024-08-27 13:16:26,22500.0,1700,Sell,235100901
2024-08-27 13:16:30,22500.0,800,Sell,235101057
2024-08-27 13:16:38,22500.0,5000,Sell,235101303
2024-08-27 13:16:52,22500.0,4000,Sell,235101638
2024-08-27 13:16:57,22500.0,100,Sell,235101791
2024-08-27 13:17:11,22500.0,2000,Sell,235102158
2024-08-27 13:17:26,22500.0,1000,Sell,235102486
2024-08-27 13:17:42,22500.0,2200,Sell,235102851
2024-08-27 13:17:42,22500.0,4200,Sell,235102850
2024-08-27 13:17:42,22500.0,5000,Sell,235102852
2024-08-27 13:17:45,22500.0,1900,Sell,235102939
2024-08-27 13:17:57,22500.0,500,Sell,235103263
2024-08-27 13:18:04,22500.0,200,Sell,235103422
2024-08-27 13:18:16,22500.0,200,Sell,235103709
2024-08-27 13:18:16,22500.0,100,Sell,235103710
2024-08-27 13:18:16,22500.0,200,Sell,235103711
2024-08-27 13:18:18,22500.0,7000,Sell,235103763
2024-08-27 13:18:22,22500.0,200,Sell,235103869
2024-08-27 13:18:29,22500.0,10000,Sell,235104030
2024-08-27 13:18:33,22500.0,2000,Sell,235104161
2024-08-27 13:18:45,22500.0,600,Sell,235104419
2024-08-27 13:18:45,22500.0,400,Sell,235104424
2024-08-27 13:18:46,22500.0,10700,Sell,235104479
2024-08-27 13:18:46,22500.0,800,Sell,235104478
2024-08-27 13:18:46,22500.0,300,Sell,235104477
2024-08-27 13:18:46,22500.0,200,Sell,235104476
2024-08-27 13:18:46,22500.0,100,Sell,235104475
2024-08-27 13:18:46,22500.0,100,Sell,235104471
2024-08-27 13:18:46,22500.0,300,Sell,235104473
2024-08-27 13:18:46,22500.0,2000,Sell,235104472
2024-08-27 13:18:46,22500.0,200,Sell,235104469
2024-08-27 13:18:46,22500.0,600,Sell,235104468
2024-08-27 13:18:46,22500.0,3000,Sell,235104474
2024-08-27 13:18:46,22500.0,1700,Sell,235104470
2024-08-27 13:19:00,22500.0,500,Sell,235104883
2024-08-27 13:19:01,22500.0,400,Sell,235104907
2024-08-27 13:19:02,22500.0,100,Sell,235104927
2024-08-27 13:19:09,22500.0,100,Sell,235105132
2024-08-27 13:19:10,22500.0,5800,Sell,235105150
2024-08-27 13:19:10,22500.0,1700,Sell,235105148
2024-08-27 13:19:10,22500.0,1500,Sell,235105149
2024-08-27 13:19:20,22500.0,5800,Sell,235105340
2024-08-27 13:19:20,22500.0,4200,Sell,235105339
2024-08-27 13:19:39,22500.0,100,Sell,235105805
2024-08-27 13:19:44,22500.0,100,Sell,235105915
2024-08-27 13:19:46,22500.0,1000,Sell,235105955
2024-08-27 13:19:47,22500.0,2300,Sell,235105964
2024-08-27 13:20:00,22500.0,4000,Sell,235106279
2024-08-27 13:20:18,22500.0,2000,Sell,235106710
2024-08-27 13:20:26,22500.0,700,Sell,235106903
2024-08-27 13:20:42,22500.0,500,Sell,235107525
2024-08-27 13:20:45,22500.0,10000,Sell,235107585
2024-08-27 13:20:53,22500.0,200,Sell,235107865
2024-08-27 13:21:02,22500.0,1000,Sell,235108145
2024-08-27 13:21:03,22500.0,1400,Sell,235108156
2024-08-27 13:21:06,22550.0,1000,Buy,235108272
2024-08-27 13:22:04,22550.0,3000,Buy,235109802
2024-08-27 13:22:06,22500.0,900,Sell,235109843
2024-08-27 13:22:06,22500.0,3000,Sell,235109844
2024-08-27 13:22:06,22500.0,9100,Sell,235109845
2024-08-27 13:22:11,22500.0,900,Sell,235109991
2024-08-27 13:22:11,22500.0,100,Sell,235109992
2024-08-27 13:22:19,22500.0,700,Sell,235110270
2024-08-27 13:22:36,22550.0,500,Buy,235110771
2024-08-27 13:22:38,22500.0,200,Sell,235110795
2024-08-27 13:22:38,22500.0,1000,Sell,235110796
2024-08-27 13:22:38,22500.0,1300,Sell,235110797
2024-08-27 13:22:39,22500.0,1500,Sell,235110826
2024-08-27 13:22:39,22500.0,20000,Sell,235110827
2024-08-27 13:22:39,22550.0,26000,Buy,235110829
2024-08-27 13:22:46,22550.0,1000,Buy,235111023
2024-08-27 13:22:47,22550.0,300,Buy,235111052
2024-08-27 13:22:53,22550.0,15000,Buy,235111217
2024-08-27 13:22:53,22550.0,8000,Buy,235111216
2024-08-27 13:22:53,22550.0,100,Buy,235111248
2024-08-27 13:22:53,22550.0,13800,Buy,235111247
2024-08-27 13:22:53,22550.0,200,Buy,235111246
2024-08-27 13:22:53,22550.0,100,Buy,235111245
2024-08-27 13:22:53,22550.0,200,Buy,235111244
2024-08-27 13:22:53,22550.0,1000,Buy,235111243
2024-08-27 13:22:53,22550.0,500,Buy,235111242
2024-08-27 13:22:53,22550.0,800,Buy,235111241
2024-08-27 13:22:53,22550.0,24000,Buy,235111240
2024-08-27 13:22:53,22550.0,2700,Buy,235111239
2024-08-27 13:22:53,22550.0,3100,Buy,235111236
2024-08-27 13:22:53,22550.0,200,Buy,235111235
2024-08-27 13:22:53,22550.0,1000,Buy,235111234
2024-08-27 13:22:53,22550.0,300,Buy,235111233
2024-08-27 13:22:53,22550.0,9400,Buy,235111249
2024-08-27 13:22:53,22550.0,70000,Buy,235111231
2024-08-27 13:22:53,22550.0,200,Buy,235111218
2024-08-27 13:22:53,22550.0,100,Buy,235111219
2024-08-27 13:22:53,22550.0,100,Buy,235111220
2024-08-27 13:22:53,22550.0,2000,Buy,235111222
2024-08-27 13:22:53,22550.0,5000,Buy,235111223
2024-08-27 13:22:53,22550.0,100,Buy,235111224
