time,price,volume,match_type,id
2024-08-20 09:14:38,21950.0,47800,ATO/ATC,232874026
2024-08-20 09:14:53,21950.0,100,Buy,232874407
2024-08-20 09:15:01,21950.0,5000,Buy,232874549
2024-08-20 09:15:01,21950.0,300,Buy,232874557
2024-08-20 09:15:01,21950.0,200,Buy,232874556
2024-08-20 09:15:01,21950.0,1700,Buy,232874555
2024-08-20 09:15:01,21950.0,100,Buy,232874554
2024-08-20 09:15:01,21950.0,500,Buy,232874548
2024-08-20 09:15:01,21950.0,600,Buy,232874552
2024-08-20 09:15:01,21950.0,100,Buy,232874551
2024-08-20 09:15:01,21950.0,100,Buy,232874550
2024-08-20 09:15:01,21950.0,100,Buy,232874553
2024-08-20 09:15:03,21950.0,500,Buy,232874623
2024-08-20 09:15:05,21950.0,6200,Buy,232874659
2024-08-20 09:15:05,21950.0,500,Buy,232874658
2024-08-20 09:15:05,21950.0,100,Buy,232874657
2024-08-20 09:15:05,21950.0,100,Buy,232874656
2024-08-20 09:15:05,21950.0,100,Buy,232874654
2024-08-20 09:15:05,21950.0,100,Buy,232874653
2024-08-20 09:15:05,21950.0,500,Buy,232874652
2024-08-20 09:15:05,21950.0,200,Buy,232874651
2024-08-20 09:15:05,21950.0,100,Buy,232874655
2024-08-20 09:15:06,21950.0,800,Sell,232874668
2024-08-20 09:15:08,22000.0,100,Buy,232874691
2024-08-20 09:15:13,21900.0,100,Sell,232874766
2024-08-20 09:15:13,21900.0,200,Sell,232874767
2024-08-20 09:15:13,21900.0,200,Sell,232874765
2024-08-20 09:15:13,21900.0,100,Sell,232874762
2024-08-20 09:15:13,21900.0,100,Sell,232874763
2024-08-20 09:15:13,21900.0,100,Sell,232874761
2024-08-20 09:15:13,21900.0,200,Sell,232874764
2024-08-20 09:15:22,21950.0,1000,Buy,232874907
2024-08-20 09:15:32,21900.0,5000,Sell,232875112
2024-08-20 09:15:32,21900.0,100,Sell,232875121
2024-08-20 09:15:32,21900.0,400,Sell,232875120
2024-08-20 09:15:32,21900.0,100,Sell,232875118
2024-08-20 09:15:32,21900.0,600,Sell,232875117
2024-08-20 09:15:32,21900.0,10000,Sell,232875116
2024-08-20 09:15:32,21900.0,3000,Sell,232875115
2024-08-20 09:15:32,21900.0,1000,Sell,232875114
2024-08-20 09:15:32,21900.0,500,Sell,232875113
2024-08-20 09:15:32,21900.0,2000,Sell,232875111
2024-08-20 09:15:32,21900.0,300,Sell,232875119
2024-08-20 09:15:32,21900.0,2000,Sell,232875109
2024-08-20 09:15:32,21900.0,400,Sell,232875100
2024-08-20 09:15:32,21900.0,2000,Sell,232875101
2024-08-20 09:15:32,21900.0,200,Sell,232875099
2024-08-20 09:15:32,21900.0,1000,Sell,232875102
2024-08-20 09:15:32,21900.0,4500,Sell,232875110
2024-08-20 09:15:32,21900.0,100,Sell,232875104
2024-08-20 09:15:32,21900.0,100,Sell,232875105
2024-08-20 09:15:32,21900.0,200,Sell,232875106
2024-08-20 09:15:32,21900.0,100,Sell,232875107
2024-08-20 09:15:32,21900.0,100,Sell,232875103
2024-08-20 09:15:46,21900.0,2000,Sell,232875565
2024-08-20 09:15:47,21900.0,100,Sell,232875573
2024-08-20 09:15:49,21900.0,2000,Sell,232875617
2024-08-20 09:15:54,21900.0,100,Buy,232875715
2024-08-20 09:15:55,21900.0,5000,Buy,232875748
2024-08-20 09:16:04,21900.0,4900,Buy,232875893
2024-08-20 09:16:04,21900.0,100,Buy,232875894
2024-08-20 09:16:17,21900.0,400,Buy,232876167
2024-08-20 09:16:17,21900.0,100,Sell,232876186
2024-08-20 09:16:56,21950.0,1100,Buy,232877115
2024-08-20 09:16:56,21950.0,400,Buy,232877116
2024-08-20 09:16:57,21900.0,15000,Sell,232877150
2024-08-20 09:16:57,21900.0,5000,Sell,232877149
2024-08-20 09:16:57,21900.0,5000,Sell,232877147
2024-08-20 09:16:57,21900.0,200,Sell,232877146
2024-08-20 09:16:57,21900.0,5000,Sell,232877148
2024-08-20 09:17:01,21950.0,500,Buy,232877253
2024-08-20 09:17:23,21900.0,200,Sell,232877819
2024-08-20 09:17:30,21900.0,700,Buy,232877971
2024-08-20 09:17:32,21900.0,200,Buy,232878021
2024-08-20 09:17:39,21900.0,200,Buy,232878177
2024-08-20 09:17:41,21900.0,400,Buy,232878236
2024-08-20 09:17:46,21900.0,100,Buy,232878348
2024-08-20 09:17:48,21900.0,100,Buy,232878388
2024-08-20 09:17:52,21850.0,200,Sell,232878484
2024-08-20 09:17:52,21850.0,200,Sell,232878485
2024-08-20 09:17:55,21850.0,100,Sell,232878528
2024-08-20 09:18:12,21850.0,100,Sell,232878901
2024-08-20 09:18:12,21850.0,100,Sell,232878900
2024-08-20 09:18:13,21800.0,5000,Sell,232878939
2024-08-20 09:18:13,21800.0,500,Sell,232878948
2024-08-20 09:18:13,21800.0,100,Sell,232878947
2024-08-20 09:18:13,21800.0,100,Sell,232878946
2024-08-20 09:18:13,21800.0,200,Sell,232878944
2024-08-20 09:18:13,21800.0,100,Sell,232878943
2024-08-20 09:18:13,21800.0,200,Sell,232878942
2024-08-20 09:18:13,21800.0,1000,Sell,232878941
2024-08-20 09:18:13,21800.0,100,Sell,232878940
2024-08-20 09:18:13,21800.0,200,Sell,232878938
2024-08-20 09:18:13,21800.0,5000,Sell,232878945
2024-08-20 09:18:13,21850.0,100,Sell,232878936
2024-08-20 09:18:13,21850.0,300,Sell,232878927
2024-08-20 09:18:13,21850.0,500,Sell,232878928
2024-08-20 09:18:13,21850.0,100,Sell,232878929
2024-08-20 09:18:13,21850.0,200,Sell,232878926
2024-08-20 09:18:13,21850.0,2000,Sell,232878930
2024-08-20 09:18:13,21800.0,600,Sell,232878937
2024-08-20 09:18:13,21850.0,100,Sell,232878932
2024-08-20 09:18:13,21850.0,100,Sell,232878933
2024-08-20 09:18:13,21850.0,5000,Sell,232878934
2024-08-20 09:18:13,21850.0,2100,Sell,232878935
2024-08-20 09:18:13,21850.0,100,Sell,232878931
2024-08-20 09:18:25,21850.0,200,Sell,232879290
2024-08-20 09:18:25,21850.0,100,Sell,232879291
2024-08-20 09:18:25,21850.0,100,Sell,232879292
2024-08-20 09:18:53,21850.0,100,Buy,232879973
2024-08-20 09:18:56,21850.0,100,Buy,232880077
2024-08-20 09:18:57,21800.0,500,Sell,232880133
2024-08-20 09:19:05,21850.0,400,Buy,232880381
2024-08-20 09:19:22,21850.0,500,Sell,232880803
2024-08-20 09:19:22,21850.0,400,Sell,232880804
2024-08-20 09:19:27,21850.0,100,Buy,232880949
2024-08-20 09:19:28,21800.0,200,Sell,232880979
2024-08-20 09:19:28,21800.0,100,Sell,232880977
2024-08-20 09:19:28,21800.0,1000,Sell,232880976
2024-08-20 09:19:28,21800.0,800,Sell,232880978
2024-08-20 09:19:28,21800.0,100,Sell,232880974
2024-08-20 09:19:28,21800.0,2000,Sell,232880971
2024-08-20 09:19:28,21800.0,300,Sell,232880975
2024-08-20 09:19:28,21800.0,400,Sell,232880973
2024-08-20 09:19:28,21800.0,100,Sell,232880972
2024-08-20 09:19:30,21850.0,2000,Buy,232881046
2024-08-20 09:19:30,21850.0,200,Buy,232881047
2024-08-20 09:19:30,21850.0,100,Buy,232881048
2024-08-20 09:19:45,21900.0,400,Buy,232881499
2024-08-20 09:19:58,21850.0,100,Sell,232881809
2024-08-20 09:19:59,21900.0,300,Buy,232881848
2024-08-20 09:19:59,21850.0,1000,Sell,232881849
2024-08-20 09:20:20,21850.0,3000,Sell,232882349
2024-08-20 09:20:34,21850.0,800,Sell,232882668
2024-08-20 09:20:50,21850.0,500,Sell,232883042
2024-08-20 09:20:55,21850.0,200,Sell,232883167
2024-08-20 09:21:06,21850.0,2100,Sell,232883439
2024-08-20 09:21:06,21850.0,400,Sell,232883440
2024-08-20 09:21:06,21850.0,1200,Sell,232883441
2024-08-20 09:21:06,21850.0,1000,Sell,232883442
2024-08-20 09:21:06,21850.0,1300,Sell,232883443
2024-08-20 09:22:05,21850.0,3000,Sell,232884997
2024-08-20 09:22:16,21900.0,300,Buy,232885251
2024-08-20 09:22:18,21850.0,400,Sell,232885408
2024-08-20 09:22:23,21900.0,200,Buy,232885547
2024-08-20 09:22:37,21900.0,100,Buy,232885885
2024-08-20 09:22:42,21850.0,200,Sell,232886003
2024-08-20 09:22:42,21850.0,600,Sell,232886011
2024-08-20 09:22:42,21850.0,500,Sell,232886010
2024-08-20 09:22:42,21850.0,1000,Sell,232886009
2024-08-20 09:22:42,21850.0,200,Sell,232886008
2024-08-20 09:22:42,21850.0,15300,Sell,232886002
2024-08-20 09:22:42,21850.0,800,Sell,232886006
2024-08-20 09:22:42,21850.0,200,Sell,232886005
2024-08-20 09:22:42,21850.0,200,Sell,232886004
2024-08-20 09:22:42,21850.0,1000,Sell,232886007
2024-08-20 09:22:46,21850.0,1000,Sell,232886121
2024-08-20 09:22:46,21850.0,100,Sell,232886120
2024-08-20 09:22:46,21850.0,500,Sell,232886119
2024-08-20 09:22:46,21850.0,300,Sell,232886118
2024-08-20 09:22:46,21850.0,100,Sell,232886117
2024-08-20 09:22:46,21850.0,400,Sell,232886116
2024-08-20 09:22:47,21850.0,2000,Buy,232886157
2024-08-20 09:22:55,21850.0,15600,Buy,232886379
2024-08-20 09:22:55,21900.0,4400,Buy,232886380
2024-08-20 09:23:02,21850.0,700,Sell,232886510
2024-08-20 09:23:23,21900.0,100,Buy,232887030
2024-08-20 09:23:24,21800.0,5500,Sell,232887116
2024-08-20 09:23:24,21800.0,100,Sell,232887115
2024-08-20 09:23:24,21800.0,2000,Sell,232887114
2024-08-20 09:23:24,21800.0,3000,Sell,232887113
2024-08-20 09:23:24,21800.0,300,Sell,232887111
2024-08-20 09:23:24,21850.0,10000,Sell,232887110
2024-08-20 09:23:24,21850.0,1000,Sell,232887109
2024-08-20 09:23:24,21850.0,500,Sell,232887108
2024-08-20 09:23:24,21850.0,300,Sell,232887107
2024-08-20 09:23:24,21800.0,1000,Sell,232887112
2024-08-20 09:24:34,21850.0,400,Buy,232889035
2024-08-20 09:24:34,21850.0,3600,Buy,232889049
2024-08-20 09:24:48,21850.0,1000,Buy,232889368
2024-08-20 09:25:09,21850.0,200,Buy,232889913
2024-08-20 09:25:12,21850.0,200,Buy,232889994
2024-08-20 09:25:19,21800.0,13400,Sell,232890194
2024-08-20 09:25:19,21800.0,500,Sell,232890193
2024-08-20 09:25:19,21800.0,300,Sell,232890192
2024-08-20 09:25:19,21800.0,4500,Sell,232890190
2024-08-20 09:25:19,21800.0,5000,Sell,232890191
2024-08-20 09:25:24,21850.0,300,Buy,232890403
2024-08-20 09:25:25,21800.0,300,Sell,232890429
2024-08-20 09:25:25,21800.0,12400,Sell,232890434
2024-08-20 09:25:25,21800.0,300,Sell,232890433
2024-08-20 09:25:25,21800.0,100,Sell,232890432
2024-08-20 09:25:25,21800.0,1000,Sell,232890431
2024-08-20 09:25:25,21800.0,100,Sell,232890430
2024-08-20 09:25:25,21800.0,100,Sell,232890428
2024-08-20 09:25:25,21800.0,100,Sell,232890420
2024-08-20 09:25:25,21800.0,100,Sell,232890426
2024-08-20 09:25:25,21800.0,6600,Sell,232890419
2024-08-20 09:25:25,21800.0,200,Sell,232890421
2024-08-20 09:25:25,21800.0,100,Sell,232890422
2024-08-20 09:25:25,21800.0,500,Sell,232890427
2024-08-20 09:25:25,21800.0,300,Sell,232890424
2024-08-20 09:25:25,21800.0,1000,Sell,232890423
2024-08-20 09:25:25,21800.0,500,Sell,232890425
2024-08-20 09:25:32,21850.0,100,Buy,232890793
2024-08-20 09:25:32,21850.0,100,Buy,232890806
2024-08-20 09:25:33,21850.0,100,Buy,232890810
2024-08-20 09:25:36,21800.0,700,Sell,232890893
2024-08-20 09:25:38,21850.0,900,Buy,232890975
2024-08-20 09:25:56,21850.0,1000,Buy,232891389
2024-08-20 09:26:05,21800.0,100,Sell,232891561
2024-08-20 09:26:22,21850.0,300,Buy,232892007
2024-08-20 09:26:25,21850.0,500,Buy,232892072
2024-08-20 09:26:47,21850.0,1300,Buy,232892717
2024-08-20 09:26:47,21850.0,8700,Buy,232892718
2024-08-20 09:26:56,21850.0,1300,Buy,232892900
2024-08-20 09:26:56,21850.0,100,Buy,232892901
2024-08-20 09:26:56,21850.0,8600,Buy,232892902
2024-08-20 09:26:59,21850.0,100,Buy,232893038
2024-08-20 09:27:03,21850.0,2700,Buy,232893165
2024-08-20 09:27:03,21850.0,1000,Buy,232893163
2024-08-20 09:27:03,21850.0,1300,Buy,232893162
2024-08-20 09:27:03,21850.0,1000,Buy,232893164
2024-08-20 09:27:18,21850.0,100,Buy,232893571
2024-08-20 09:27:19,21850.0,200,Buy,232893610
2024-08-20 09:27:20,21850.0,200,Buy,232893621
2024-08-20 09:27:20,21850.0,200,Buy,232893627
2024-08-20 09:27:20,21850.0,200,Buy,232893642
2024-08-20 09:27:21,21850.0,200,Buy,232893647
2024-08-20 09:27:26,21850.0,500,Buy,232893744
2024-08-20 09:27:45,21850.0,400,Buy,232894221
2024-08-20 09:27:49,21850.0,400,Buy,232894362
2024-08-20 09:27:49,21850.0,400,Buy,232894352
2024-08-20 09:27:50,21850.0,400,Buy,232894377
2024-08-20 09:27:56,21850.0,500,Buy,232894598
2024-08-20 09:27:56,21850.0,500,Buy,232894610
2024-08-20 09:27:57,21850.0,100,Buy,232894628
2024-08-20 09:27:57,21850.0,1000,Buy,232894627
2024-08-20 09:27:57,21850.0,200,Buy,232894625
2024-08-20 09:27:57,21850.0,1000,Buy,232894626
2024-08-20 09:27:57,21850.0,500,Buy,232894623
2024-08-20 09:27:57,21850.0,1000,Buy,232894620
2024-08-20 09:27:57,21850.0,200,Buy,232894624
2024-08-20 09:27:57,21850.0,200,Buy,232894622
2024-08-20 09:27:57,21850.0,400,Buy,232894621
2024-08-20 09:27:58,21850.0,100,Sell,232894641
2024-08-20 09:28:23,21850.0,600,Sell,232895187
2024-08-20 09:28:24,21850.0,9200,Sell,232895213
2024-08-20 09:28:24,21850.0,500,Sell,232895214
2024-08-20 09:28:24,21850.0,500,Sell,232895215
2024-08-20 09:28:24,21850.0,5000,Sell,232895216
2024-08-20 09:28:24,21850.0,3000,Sell,232895217
2024-08-20 09:28:24,21850.0,700,Sell,232895218
2024-08-20 09:28:24,21850.0,800,Sell,232895219
2024-08-20 09:28:24,21850.0,4000,Sell,232895220
2024-08-20 09:28:26,21850.0,2600,Sell,232895320
2024-08-20 09:28:26,21850.0,1000,Sell,232895319
2024-08-20 09:28:26,21850.0,2000,Sell,232895318
2024-08-20 09:28:26,21850.0,200,Sell,232895321
2024-08-20 09:28:26,21850.0,300,Sell,232895316
2024-08-20 09:28:26,21850.0,400,Sell,232895315
2024-08-20 09:28:26,21850.0,100,Sell,232895317
2024-08-20 09:28:26,21850.0,1000,Sell,232895314
2024-08-20 09:28:27,21850.0,200,Buy,232895338
2024-08-20 09:28:32,21850.0,200,Buy,232895475
2024-08-20 09:28:43,21850.0,800,Sell,232895806
2024-08-20 09:28:43,21850.0,400,Sell,232895807
2024-08-20 09:28:43,21850.0,400,Sell,232895808
2024-08-20 09:28:44,21850.0,700,Buy,232895850
2024-08-20 09:28:52,21850.0,200,Buy,232896043
2024-08-20 09:28:54,21850.0,100,Buy,232896078
2024-08-20 09:29:01,21850.0,400,Buy,232896259
2024-08-20 09:29:01,21850.0,1600,Buy,232896260
2024-08-20 09:29:04,21850.0,1100,Buy,232896340
2024-08-20 09:29:13,21850.0,100,Buy,232896623
2024-08-20 09:29:13,21850.0,100,Buy,232896624
2024-08-20 09:29:13,21850.0,200,Buy,232896625
2024-08-20 09:29:13,21850.0,500,Buy,232896626
2024-08-20 09:29:13,21900.0,500,Buy,232896627
2024-08-20 09:29:13,21850.0,500,Buy,232896617
2024-08-20 09:29:19,21850.0,500,Buy,232896777
2024-08-20 09:29:19,21900.0,3000,Buy,232896778
2024-08-20 09:29:22,21900.0,2100,Buy,232896871
2024-08-20 09:29:39,21900.0,100,Buy,232897233
2024-08-20 09:29:49,21850.0,300,Sell,232897439
2024-08-20 09:29:49,21850.0,200,Sell,232897438
2024-08-20 09:29:51,21900.0,200,Buy,232897475
2024-08-20 09:29:53,21900.0,1200,Buy,232897527
2024-08-20 09:29:56,21900.0,1300,Buy,232897584
2024-08-20 09:30:00,21900.0,1500,Buy,232897710
2024-08-20 09:30:07,21900.0,1900,Buy,232897837
2024-08-20 09:30:16,21900.0,800,Buy,232898039
2024-08-20 09:30:16,21900.0,100,Buy,232898038
2024-08-20 09:30:16,21900.0,100,Buy,232898037
2024-08-20 09:30:16,21900.0,1000,Buy,232898036
2024-08-20 09:30:16,21900.0,500,Buy,232898035
2024-08-20 09:30:18,21900.0,2000,Buy,232898086
2024-08-20 09:30:18,21900.0,500,Buy,232898087
2024-08-20 09:30:18,21900.0,200,Buy,232898088
2024-08-20 09:30:26,21900.0,200,Buy,232898313
2024-08-20 09:30:26,21900.0,300,Buy,232898312
2024-08-20 09:30:26,21900.0,1100,Buy,232898314
2024-08-20 09:30:26,21900.0,700,Buy,232898310
2024-08-20 09:30:26,21900.0,800,Buy,232898309
2024-08-20 09:30:26,21900.0,200,Buy,232898311
2024-08-20 09:30:41,21900.0,900,Buy,232898724
2024-08-20 09:30:41,21900.0,200,Buy,232898725
2024-08-20 09:30:41,21900.0,200,Buy,232898726
2024-08-20 09:30:41,21900.0,100,Buy,232898727
2024-08-20 09:30:41,21900.0,400,Buy,232898728
2024-08-20 09:30:41,21900.0,3000,Buy,232898729
2024-08-20 09:30:41,21900.0,1700,Buy,232898730
2024-08-20 09:30:48,21850.0,300,Sell,232898907
2024-08-20 09:30:48,21850.0,2400,Sell,232898906
2024-08-20 09:30:48,21850.0,300,Sell,232898904
2024-08-20 09:30:48,21850.0,4700,Sell,232898903
2024-08-20 09:30:48,21850.0,300,Sell,232898905
2024-08-20 09:30:53,21900.0,800,Buy,232899121
2024-08-20 09:30:53,21900.0,200,Buy,232899120
2024-08-20 09:30:53,21900.0,100,Buy,232899119
2024-08-20 09:30:53,21900.0,1000,Buy,232899118
2024-08-20 09:30:53,21900.0,500,Buy,232899116
2024-08-20 09:30:53,21900.0,3000,Buy,232899115
2024-08-20 09:30:53,21900.0,200,Buy,232899117
2024-08-20 09:30:53,21900.0,200,Buy,232899113
2024-08-20 09:30:53,21900.0,2600,Buy,232899107
2024-08-20 09:30:53,21900.0,600,Buy,232899108
2024-08-20 09:30:53,21900.0,2900,Buy,232899109
2024-08-20 09:30:53,21900.0,800,Buy,232899114
2024-08-20 09:30:53,21900.0,100,Buy,232899111
2024-08-20 09:30:53,21900.0,1800,Buy,232899112
2024-08-20 09:30:53,21900.0,2000,Buy,232899110
2024-08-20 09:30:55,21900.0,10000,Buy,232899166
2024-08-20 09:30:55,21900.0,1000,Buy,232899164
2024-08-20 09:30:55,21900.0,1000,Buy,232899165
2024-08-20 09:30:55,21900.0,200,Buy,232899161
2024-08-20 09:30:55,21900.0,200,Buy,232899160
2024-08-20 09:30:55,21900.0,200,Buy,232899159
2024-08-20 09:30:55,21900.0,600,Buy,232899162
2024-08-20 09:30:55,21900.0,300,Buy,232899163
2024-08-20 09:31:04,21900.0,500,Sell,232899381
2024-08-20 09:31:09,21900.0,600,Sell,232899502
2024-08-20 09:31:19,21900.0,100,Sell,232899680
2024-08-20 09:31:21,21900.0,100,Sell,232899731
2024-08-20 09:31:21,21900.0,6300,Sell,232899728
2024-08-20 09:31:21,21900.0,1000,Sell,232899729
2024-08-20 09:31:21,21900.0,1300,Sell,232899730
2024-08-20 09:31:25,21900.0,500,Buy,232899840
2024-08-20 09:31:26,21900.0,1000,Buy,232899864
2024-08-20 09:31:33,21900.0,500,Buy,232900055
2024-08-20 09:31:42,21900.0,2000,Buy,232900302
2024-08-20 09:31:59,21900.0,500,Buy,232900854
2024-08-20 09:32:08,21900.0,10500,Buy,232901028
2024-08-20 09:32:08,21900.0,1000,Buy,232901029
2024-08-20 09:32:08,21900.0,500,Buy,232901030
2024-08-20 09:32:08,21900.0,1500,Buy,232901031
2024-08-20 09:32:08,21900.0,200,Buy,232901032
2024-08-20 09:32:16,21900.0,2500,Sell,232901205
2024-08-20 09:32:32,21900.0,600,Sell,232901689
2024-08-20 09:32:44,21900.0,300,Sell,232902092
2024-08-20 09:33:18,21900.0,1000,Sell,232902961
2024-08-20 09:33:19,21900.0,20000,Sell,232902970
2024-08-20 09:33:28,21900.0,2100,Sell,232903211
2024-08-20 09:33:28,21900.0,2500,Sell,232903217
2024-08-20 09:33:28,21900.0,8000,Sell,232903216
2024-08-20 09:33:28,21900.0,2200,Sell,232903215
2024-08-20 09:33:28,21900.0,2100,Sell,232903214
2024-08-20 09:33:28,21900.0,4400,Sell,232903213
2024-08-20 09:33:28,21900.0,2400,Sell,232903212
2024-08-20 09:33:28,21900.0,1400,Sell,232903210
2024-08-20 09:33:28,21900.0,900,Sell,232903218
2024-08-20 09:33:28,21900.0,1300,Sell,232903208
2024-08-20 09:33:28,21900.0,11900,Sell,232903200
2024-08-20 09:33:28,21900.0,900,Sell,232903201
2024-08-20 09:33:28,21900.0,800,Sell,232903202
2024-08-20 09:33:28,21900.0,1000,Sell,232903203
2024-08-20 09:33:28,21900.0,1300,Sell,232903209
2024-08-20 09:33:28,21900.0,3600,Sell,232903205
2024-08-20 09:33:28,21900.0,200,Sell,232903207
2024-08-20 09:33:28,21900.0,1300,Sell,232903204
2024-08-20 09:33:28,21900.0,1700,Sell,232903206
2024-08-20 09:33:35,21900.0,1800,Sell,232903406
2024-08-20 09:33:35,21900.0,2700,Sell,232903407
2024-08-20 09:33:35,21900.0,300,Sell,232903408
2024-08-20 09:33:35,21900.0,1000,Sell,232903409
2024-08-20 09:33:35,21900.0,100,Sell,232903410
2024-08-20 09:33:35,21900.0,100,Sell,232903411
2024-08-20 09:33:35,21900.0,100,Sell,232903412
2024-08-20 09:33:35,21900.0,1000,Sell,232903413
2024-08-20 09:33:52,21850.0,100,Sell,232903780
2024-08-20 09:33:55,21850.0,100,Sell,232903870
2024-08-20 09:33:55,21850.0,100,Sell,232903868
2024-08-20 09:33:55,21850.0,200,Sell,232903869
2024-08-20 09:33:55,21850.0,100,Sell,232903867
2024-08-20 09:34:08,21900.0,7000,Buy,232904248
2024-08-20 09:34:16,21900.0,2500,Buy,232904489
2024-08-20 09:34:37,21850.0,400,Sell,232905108
2024-08-20 09:34:37,21850.0,2400,Sell,232905109
2024-08-20 09:35:12,21850.0,100,Sell,232906056
2024-08-20 09:35:12,21850.0,600,Sell,232906053
2024-08-20 09:35:12,21850.0,100,Sell,232906054
2024-08-20 09:35:12,21850.0,200,Sell,232906055
2024-08-20 09:35:18,21850.0,400,Sell,232906239
2024-08-20 09:35:18,21850.0,200,Sell,232906238
2024-08-20 09:35:27,21900.0,3400,Buy,232906485
2024-08-20 09:35:27,21900.0,3600,Buy,232906490
2024-08-20 09:35:27,21900.0,50000,Buy,232906489
2024-08-20 09:35:27,21900.0,1000,Buy,232906487
2024-08-20 09:35:27,21900.0,1000,Buy,232906486
2024-08-20 09:35:27,21900.0,1000,Buy,232906488
2024-08-20 09:35:44,21900.0,400,Buy,232906889
2024-08-20 09:35:44,21900.0,1000,Buy,232906890
2024-08-20 09:35:44,21900.0,100,Buy,232906891
2024-08-20 09:35:51,21900.0,400,Buy,232907050
2024-08-20 09:35:51,21900.0,500,Buy,232907051
2024-08-20 09:35:51,21900.0,100,Buy,232907052
2024-08-20 09:35:51,21900.0,200,Buy,232907053
2024-08-20 09:35:51,21900.0,100,Buy,232907054
2024-08-20 09:35:51,21900.0,1000,Buy,232907055
2024-08-20 09:35:55,21900.0,1000,Buy,232907158
2024-08-20 09:36:01,21900.0,3000,Buy,232907341
2024-08-20 09:36:32,21900.0,1000,Buy,232908253
2024-08-20 09:36:36,21900.0,2000,Buy,232908374
2024-08-20 09:36:50,21900.0,12400,Buy,232908741
2024-08-20 09:36:51,21900.0,500,Buy,232908750
2024-08-20 09:36:54,21900.0,1500,Buy,232908846
2024-08-20 09:36:55,21900.0,27600,Buy,232908865
2024-08-20 09:36:55,21900.0,3000,Buy,232908866
2024-08-20 09:36:55,21900.0,1000,Buy,232908867
2024-08-20 09:36:55,21900.0,600,Buy,232908868
2024-08-20 09:36:55,21900.0,100,Buy,232908869
2024-08-20 09:36:55,21900.0,7900,Buy,232908870
2024-08-20 09:37:07,21900.0,1500,Sell,232909200
2024-08-20 09:37:09,21900.0,200,Sell,232909261
2024-08-20 09:37:30,21900.0,500,Sell,232909928
2024-08-20 09:37:49,21900.0,6000,Sell,232910579
2024-08-20 09:37:49,21900.0,2000,Sell,232910580
2024-08-20 09:37:49,21900.0,1000,Sell,232910581
2024-08-20 09:37:49,21900.0,100,Sell,232910582
2024-08-20 09:37:49,21900.0,400,Sell,232910583
2024-08-20 09:37:49,21900.0,500,Sell,232910584
2024-08-20 09:37:49,21900.0,1000,Sell,232910585
2024-08-20 09:37:49,21900.0,7600,Sell,232910578
2024-08-20 09:38:13,21900.0,100,Buy,232911450
2024-08-20 09:38:22,21900.0,1000,Buy,232911728
2024-08-20 09:38:25,21900.0,500,Buy,232911828
2024-08-20 09:38:31,21900.0,100,Buy,232912040
2024-08-20 09:38:50,21900.0,600,Buy,232912722
2024-08-20 09:38:56,21900.0,400,Buy,232912862
2024-08-20 09:38:58,21900.0,1000,Buy,232912996
2024-08-20 09:38:58,21900.0,1000,Buy,232912989
2024-08-20 09:39:08,21900.0,2000,Buy,232913457
2024-08-20 09:39:13,21900.0,100,Buy,232913603
2024-08-20 09:39:25,21900.0,3000,Buy,232913905
2024-08-20 09:39:30,21900.0,100,Buy,232914057
2024-08-20 09:39:39,21900.0,1000,Buy,232914273
2024-08-20 09:39:42,21900.0,200,Buy,232914441
2024-08-20 09:39:48,21900.0,400,Buy,232914604
2024-08-20 09:39:48,21900.0,200,Buy,232914606
2024-08-20 09:39:48,21900.0,600,Buy,232914605
2024-08-20 09:39:48,21900.0,1000,Buy,232914603
2024-08-20 09:39:48,21900.0,100,Buy,232914607
2024-08-20 09:39:48,21900.0,500,Buy,232914601
2024-08-20 09:39:48,21900.0,20300,Buy,232914598
2024-08-20 09:39:48,21900.0,500,Buy,232914602
2024-08-20 09:39:48,21900.0,500,Buy,232914600
2024-08-20 09:39:48,21900.0,50000,Buy,232914599
2024-08-20 09:40:12,21900.0,1000,Sell,232915199
2024-08-20 09:40:20,21950.0,100,Buy,232915452
2024-08-20 09:40:49,21950.0,1000,Buy,232916160
2024-08-20 09:41:09,21900.0,500,Sell,232916716
2024-08-20 09:41:21,21950.0,1000,Buy,232917054
2024-08-20 09:41:25,21950.0,1000,Buy,232917200
2024-08-20 09:41:28,21900.0,4400,Sell,232917265
2024-08-20 09:41:28,21900.0,100,Sell,232917266
2024-08-20 09:41:28,21900.0,500,Sell,232917267
2024-08-20 09:41:42,21900.0,500,Sell,232917554
2024-08-20 09:41:45,21950.0,4000,Buy,232917608
2024-08-20 09:42:02,21950.0,1000,Buy,232918130
2024-08-20 09:42:02,21950.0,1000,Buy,232918120
2024-08-20 09:42:07,21950.0,100,Buy,232918292
2024-08-20 09:42:20,21950.0,7900,Buy,232918613
2024-08-20 09:42:20,21950.0,1000,Buy,232918612
2024-08-20 09:42:20,21950.0,100,Buy,232918611
2024-08-20 09:42:20,21950.0,500,Buy,232918610
2024-08-20 09:42:20,21950.0,200,Buy,232918609
2024-08-20 09:42:20,21950.0,500,Buy,232918608
2024-08-20 09:42:20,21950.0,1000,Buy,232918607
2024-08-20 09:42:20,21950.0,5000,Buy,232918606
2024-08-20 09:42:20,21950.0,3000,Buy,232918605
2024-08-20 09:42:20,21950.0,100,Buy,232918604
2024-08-20 09:42:20,21950.0,100,Buy,232918603
2024-08-20 09:42:20,21950.0,500,Buy,232918602
2024-08-20 09:42:20,21950.0,400,Buy,232918601
2024-08-20 09:42:20,21950.0,100,Buy,232918600
2024-08-20 09:42:20,21950.0,5000,Buy,232918599
2024-08-20 09:42:20,21950.0,5000,Buy,232918598
2024-08-20 09:42:20,21950.0,100,Buy,232918588
2024-08-20 09:42:20,21950.0,200,Buy,232918596
2024-08-20 09:42:20,21950.0,1000,Buy,232918581
2024-08-20 09:42:20,21950.0,20000,Buy,232918582
2024-08-20 09:42:20,21950.0,1000,Buy,232918583
2024-08-20 09:42:20,21950.0,300,Buy,232918584
2024-08-20 09:42:20,21950.0,20000,Buy,232918585
2024-08-20 09:42:20,21950.0,10000,Buy,232918586
2024-08-20 09:42:20,21950.0,10000,Buy,232918587
2024-08-20 09:42:20,21950.0,100,Buy,232918597
2024-08-20 09:42:20,21950.0,2000,Buy,232918589
2024-08-20 09:42:20,21950.0,100,Buy,232918590
2024-08-20 09:42:20,21950.0,1000,Buy,232918591
2024-08-20 09:42:20,21950.0,1000,Buy,232918592
2024-08-20 09:42:20,21950.0,1000,Buy,232918593
2024-08-20 09:42:20,21950.0,100,Buy,232918594
2024-08-20 09:42:20,21950.0,1000,Buy,232918595
2024-08-20 09:42:20,21950.0,700,Buy,232918580
2024-08-20 09:42:23,21950.0,200,Buy,232918759
2024-08-20 09:42:23,21950.0,300,Buy,232918760
2024-08-20 09:42:23,21950.0,500,Buy,232918761
2024-08-20 09:42:23,21950.0,100,Buy,232918762
2024-08-20 09:42:23,21950.0,600,Buy,232918763
2024-08-20 09:42:23,21950.0,1000,Buy,232918767
2024-08-20 09:42:23,21950.0,100,Buy,232918765
2024-08-20 09:42:23,21950.0,600,Buy,232918766
2024-08-20 09:42:23,21950.0,500,Buy,232918768
2024-08-20 09:42:23,21950.0,1000,Buy,232918769
2024-08-20 09:42:23,21950.0,23700,Buy,232918764
2024-08-20 09:42:23,21950.0,100,Buy,232918757
2024-08-20 09:42:23,21950.0,7900,Buy,232918758
2024-08-20 09:42:23,21950.0,300,Buy,232918755
2024-08-20 09:42:23,21950.0,42100,Buy,232918741
2024-08-20 09:42:23,21950.0,700,Buy,232918756
2024-08-20 09:42:23,21950.0,300,Buy,232918745
2024-08-20 09:42:23,21950.0,1000,Buy,232918746
2024-08-20 09:42:23,21950.0,2300,Buy,232918747
2024-08-20 09:42:23,21950.0,100,Buy,232918748
2024-08-20 09:42:23,21950.0,1000,Buy,232918744
2024-08-20 09:42:23,21950.0,500,Buy,232918750
2024-08-20 09:42:23,21950.0,200,Buy,232918751
2024-08-20 09:42:23,21950.0,30000,Buy,232918752
2024-08-20 09:42:23,21950.0,2100,Buy,232918754
2024-08-20 09:42:23,21950.0,1000,Buy,232918749
2024-08-20 09:42:23,21950.0,100,Buy,232918753
2024-08-20 09:42:25,21950.0,100,Sell,232918794
2024-08-20 09:42:29,22000.0,100,Buy,232918862
2024-08-20 09:42:29,22000.0,500,Buy,232918863
2024-08-20 09:42:29,22000.0,1000,Buy,232918864
2024-08-20 09:42:29,22000.0,1400,Buy,232918865
2024-08-20 09:42:32,21950.0,300,Sell,232918962
2024-08-20 09:42:42,21950.0,100,Sell,232919299
2024-08-20 09:42:52,22000.0,100,Buy,232919572
2024-08-20 09:43:06,22000.0,100,Buy,232920009
2024-08-20 09:43:08,21950.0,500,Sell,232920035
2024-08-20 09:43:16,21950.0,3000,Sell,232920346
2024-08-20 09:43:27,22000.0,2500,Buy,232920841
2024-08-20 09:43:27,22000.0,100,Buy,232920814
2024-08-20 09:43:27,22000.0,5000,Buy,232920813
2024-08-20 09:43:27,22000.0,2000,Buy,232920812
2024-08-20 09:43:27,22000.0,100,Buy,232920811
2024-08-20 09:43:27,22000.0,700,Buy,232920810
2024-08-20 09:43:27,22000.0,100,Buy,232920809
2024-08-20 09:43:27,22000.0,30000,Buy,232920808
2024-08-20 09:43:27,22000.0,4000,Buy,232920807
2024-08-20 09:43:27,22000.0,1500,Buy,232920806
2024-08-20 09:43:27,22000.0,900,Buy,232920805
2024-08-20 09:43:27,22000.0,100,Buy,232920804
2024-08-20 09:43:27,22000.0,500,Buy,232920803
2024-08-20 09:43:27,22000.0,100,Buy,232920802
2024-08-20 09:43:27,22000.0,3000,Buy,232920801
2024-08-20 09:43:27,22000.0,200,Buy,232920800
2024-08-20 09:43:27,22000.0,700,Buy,232920799
2024-08-20 09:43:27,22000.0,200,Buy,232920798
2024-08-20 09:43:27,22000.0,100,Buy,232920797
2024-08-20 09:43:27,22000.0,300,Buy,232920796
2024-08-20 09:43:27,22000.0,100,Buy,232920795
2024-08-20 09:43:27,22000.0,500,Buy,232920794
2024-08-20 09:43:27,22000.0,100,Buy,232920793
2024-08-20 09:43:27,22000.0,1000,Buy,232920792
2024-08-20 09:43:27,22000.0,400,Buy,232920815
2024-08-20 09:43:27,22000.0,1500,Buy,232920842
2024-08-20 09:43:27,22000.0,500,Buy,232920816
2024-08-20 09:43:27,22000.0,100,Buy,232920818
2024-08-20 09:43:27,22000.0,2500,Buy,232920840
2024-08-20 09:43:27,22000.0,1000,Buy,232920839
2024-08-20 09:43:27,22000.0,100,Buy,232920838
2024-08-20 09:43:27,22000.0,500,Buy,232920837
2024-08-20 09:43:27,22000.0,200,Buy,232920836
2024-08-20 09:43:27,22000.0,200,Buy,232920835
2024-08-20 09:43:27,22000.0,500,Buy,232920791
2024-08-20 09:43:27,22000.0,200,Buy,232920834
2024-08-20 09:43:27,22000.0,100,Buy,232920833
2024-08-20 09:43:27,22000.0,2000,Buy,232920832
2024-08-20 09:43:27,22000.0,100,Buy,232920831
2024-08-20 09:43:27,22000.0,5900,Buy,232920830
2024-08-20 09:43:27,22000.0,5900,Buy,232920829
2024-08-20 09:43:27,22000.0,200,Buy,232920828
2024-08-20 09:43:27,22000.0,1000,Buy,232920827
2024-08-20 09:43:27,22000.0,100,Buy,232920826
2024-08-20 09:43:27,22000.0,1000,Buy,232920825
2024-08-20 09:43:27,22000.0,300,Buy,232920824
2024-08-20 09:43:27,22000.0,500,Buy,232920823
2024-08-20 09:43:27,22000.0,1000,Buy,232920822
2024-08-20 09:43:27,22000.0,2000,Buy,232920821
2024-08-20 09:43:27,22000.0,100,Buy,232920820
2024-08-20 09:43:27,22000.0,5900,Buy,232920819
2024-08-20 09:43:27,22000.0,5000,Buy,232920817
2024-08-20 09:43:27,22000.0,1200,Buy,232920790
2024-08-20 09:43:27,22000.0,2500,Buy,232920743
2024-08-20 09:43:27,22000.0,100,Buy,232920788
2024-08-20 09:43:27,22000.0,20000,Buy,232920759
2024-08-20 09:43:27,22000.0,200,Buy,232920758
2024-08-20 09:43:27,22000.0,200,Buy,232920757
2024-08-20 09:43:27,22000.0,4700,Buy,232920756
2024-08-20 09:43:27,22000.0,500,Buy,232920755
2024-08-20 09:43:27,22000.0,1000,Buy,232920754
2024-08-20 09:43:27,22000.0,4200,Buy,232920753
2024-08-20 09:43:27,22000.0,200,Buy,232920789
2024-08-20 09:43:27,22000.0,100,Buy,232920751
2024-08-20 09:43:27,22000.0,500,Buy,232920750
2024-08-20 09:43:27,22000.0,5000,Buy,232920749
2024-08-20 09:43:27,22000.0,200,Buy,232920760
2024-08-20 09:43:27,22000.0,200,Buy,232920748
2024-08-20 09:43:27,22000.0,200,Buy,232920746
2024-08-20 09:43:27,22000.0,1000,Buy,232920745
2024-08-20 09:43:27,22000.0,1500,Buy,232920744
2024-08-20 09:43:27,22000.0,1000,Buy,232920742
2024-08-20 09:43:27,22000.0,100,Buy,232920741
2024-08-20 09:43:27,22000.0,200,Buy,232920740
2024-08-20 09:43:27,22000.0,100,Buy,232920739
2024-08-20 09:43:27,22000.0,3000,Buy,232920738
2024-08-20 09:43:27,22000.0,5000,Buy,232920737
2024-08-20 09:43:27,22000.0,100,Buy,232920736
2024-08-20 09:43:27,22000.0,400,Buy,232920735
2024-08-20 09:43:27,22000.0,200,Buy,232920747
2024-08-20 09:43:27,22000.0,5000,Buy,232920761
2024-08-20 09:43:27,22000.0,1000,Buy,232920752
2024-08-20 09:43:27,22000.0,2000,Buy,232920763
2024-08-20 09:43:27,22000.0,100,Buy,232920787
2024-08-20 09:43:27,22000.0,100,Buy,232920786
2024-08-20 09:43:27,22000.0,100,Buy,232920762
2024-08-20 09:43:27,22000.0,100,Buy,232920784
2024-08-20 09:43:27,22000.0,100,Buy,232920783
2024-08-20 09:43:27,22000.0,5900,Buy,232920782
2024-08-20 09:43:27,22000.0,100,Buy,232920781
2024-08-20 09:43:27,22000.0,2000,Buy,232920780
2024-08-20 09:43:27,22000.0,1000,Buy,232920779
2024-08-20 09:43:27,22000.0,1000,Buy,232920778
2024-08-20 09:43:27,22000.0,100,Buy,232920777
2024-08-20 09:43:27,22000.0,1000,Buy,232920776
2024-08-20 09:43:27,22000.0,500,Buy,232920785
2024-08-20 09:43:27,22000.0,200,Buy,232920774
2024-08-20 09:43:27,22000.0,1000,Buy,232920775
2024-08-20 09:43:27,22000.0,300,Buy,232920765
2024-08-20 09:43:27,22000.0,200,Buy,232920766
2024-08-20 09:43:27,22000.0,500,Buy,232920767
2024-08-20 09:43:27,22000.0,200,Buy,232920768
2024-08-20 09:43:27,22000.0,3000,Buy,232920764
2024-08-20 09:43:27,22000.0,1700,Buy,232920770
2024-08-20 09:43:27,22000.0,20000,Buy,232920771
2024-08-20 09:43:27,22000.0,400,Buy,232920772
2024-08-20 09:43:27,22000.0,4000,Buy,232920773
2024-08-20 09:43:27,22000.0,1000,Buy,232920769
2024-08-20 09:43:28,22000.0,1200,Buy,232920843
2024-08-20 09:43:35,22000.0,300,Buy,232921166
2024-08-20 09:43:35,22000.0,100,Buy,232921159
2024-08-20 09:43:35,22000.0,300,Buy,232921160
2024-08-20 09:43:35,22000.0,800,Buy,232921162
2024-08-20 09:43:35,22000.0,500,Buy,232921163
2024-08-20 09:43:35,22000.0,100,Buy,232921164
2024-08-20 09:43:35,22000.0,300,Buy,232921165
2024-08-20 09:43:35,22000.0,300,Buy,232921167
2024-08-20 09:43:35,22000.0,100,Buy,232921173
2024-08-20 09:43:35,22000.0,400,Buy,232921169
2024-08-20 09:43:35,22000.0,600,Buy,232921170
2024-08-20 09:43:35,22000.0,600,Buy,232921171
2024-08-20 09:43:35,22000.0,800,Buy,232921172
2024-08-20 09:43:35,22000.0,200,Buy,232921174
2024-08-20 09:43:35,22000.0,1300,Buy,232921175
2024-08-20 09:43:35,22000.0,200,Buy,232921176
2024-08-20 09:43:35,22000.0,100,Buy,232921168
2024-08-20 09:43:35,22000.0,200,Buy,232921158
2024-08-20 09:43:35,22000.0,400,Buy,232921156
2024-08-20 09:43:35,22000.0,100,Buy,232921155
2024-08-20 09:43:35,22000.0,500,Buy,232921157
2024-08-20 09:43:35,22000.0,300,Buy,232921139
2024-08-20 09:43:35,22000.0,100,Buy,232921140
2024-08-20 09:43:35,22000.0,100,Buy,232921141
2024-08-20 09:43:35,22000.0,100,Buy,232921142
2024-08-20 09:43:35,22000.0,100,Buy,232921143
2024-08-20 09:43:35,22000.0,200,Buy,232921145
2024-08-20 09:43:35,22000.0,100,Buy,232921146
2024-08-20 09:43:35,22000.0,100,Buy,232921144
2024-08-20 09:43:35,22000.0,1200,Buy,232921148
2024-08-20 09:43:35,22000.0,1000,Buy,232921149
2024-08-20 09:43:35,22000.0,100,Buy,232921150
2024-08-20 09:43:35,22000.0,5900,Buy,232921151
2024-08-20 09:43:35,22000.0,100,Buy,232921152
2024-08-20 09:43:35,22000.0,1900,Buy,232921153
2024-08-20 09:43:35,22000.0,400,Buy,232921154
2024-08-20 09:43:35,22000.0,100,Buy,232921147
2024-08-20 09:43:36,22000.0,200,Buy,232921191
2024-08-20 09:43:36,22000.0,1500,Buy,232921199
2024-08-20 09:43:36,22000.0,500,Buy,232921194
2024-08-20 09:43:36,22000.0,500,Buy,232921193
2024-08-20 09:43:36,22000.0,100,Buy,232921192
2024-08-20 09:43:36,22000.0,100,Buy,232921188
2024-08-20 09:43:36,22000.0,4200,Buy,232921181
2024-08-20 09:43:36,22000.0,100,Buy,232921186
2024-08-20 09:43:36,22000.0,100,Buy,232921185
2024-08-20 09:43:36,22000.0,5000,Buy,232921184
2024-08-20 09:43:36,22000.0,2000,Buy,232921183
2024-08-20 09:43:36,22000.0,3300,Buy,232921182
2024-08-20 09:43:36,22000.0,1800,Buy,232921180
2024-08-20 09:43:36,22000.0,2100,Buy,232921187
2024-08-20 09:43:37,22000.0,100,Buy,232921217
2024-08-20 09:43:37,22000.0,3300,Buy,232921220
2024-08-20 09:43:37,22000.0,500,Buy,232921219
2024-08-20 09:43:37,22000.0,100,Buy,232921218
2024-08-20 09:43:37,22000.0,1800,Buy,232921216
2024-08-20 09:43:37,22000.0,100,Buy,232921213
2024-08-20 09:43:37,22000.0,3400,Buy,232921214
2024-08-20 09:43:37,22000.0,7000,Buy,232921212
2024-08-20 09:43:37,22000.0,100,Buy,232921211
2024-08-20 09:43:37,22000.0,3000,Buy,232921210
2024-08-20 09:43:37,22000.0,600,Buy,232921215
2024-08-20 09:43:38,22000.0,2000,Buy,232921300
2024-08-20 09:43:38,22000.0,700,Buy,232921299
2024-08-20 09:43:38,22000.0,500,Buy,232921298
2024-08-20 09:43:38,22000.0,500,Buy,232921297
2024-08-20 09:43:38,22000.0,100,Buy,232921296
2024-08-20 09:43:38,22000.0,100,Buy,232921294
2024-08-20 09:43:38,22000.0,200,Buy,232921293
2024-08-20 09:43:38,22000.0,3000,Buy,232921292
2024-08-20 09:43:38,22000.0,4600,Buy,232921291
2024-08-20 09:43:38,22000.0,400,Buy,232921288
2024-08-20 09:43:38,22000.0,100,Buy,232921295
2024-08-20 09:43:38,22000.0,200,Buy,232921301
2024-08-20 09:43:38,22000.0,500,Buy,232921304
2024-08-20 09:43:38,22000.0,18500,Buy,232921303
2024-08-20 09:43:38,22000.0,200,Buy,232921305
2024-08-20 09:43:38,22000.0,500,Buy,232921306
2024-08-20 09:43:38,22000.0,100,Buy,232921307
2024-08-20 09:43:38,22000.0,500,Buy,232921308
2024-08-20 09:43:38,22000.0,200,Buy,232921309
2024-08-20 09:43:38,22000.0,100,Buy,232921310
2024-08-20 09:43:38,22000.0,200,Buy,232921311
2024-08-20 09:43:38,22000.0,200,Buy,232921312
2024-08-20 09:43:38,22000.0,1100,Buy,232921313
2024-08-20 09:43:38,22000.0,100,Buy,232921314
2024-08-20 09:43:38,22000.0,4900,Buy,232921315
2024-08-20 09:43:38,22000.0,1000,Buy,232921302
2024-08-20 09:43:38,22000.0,300,Buy,232921287
2024-08-20 09:43:38,22000.0,100,Buy,232921289
2024-08-20 09:43:38,22000.0,100,Buy,232921286
2024-08-20 09:43:38,22000.0,1900,Buy,232921254
2024-08-20 09:43:38,22000.0,12500,Buy,232921255
2024-08-20 09:43:38,22000.0,1500,Buy,232921256
2024-08-20 09:43:38,22000.0,200,Buy,232921257
2024-08-20 09:43:38,22000.0,200,Buy,232921258
2024-08-20 09:43:38,22000.0,100,Buy,232921259
2024-08-20 09:43:38,22000.0,100,Buy,232921260
2024-08-20 09:43:38,22000.0,300,Buy,232921261
2024-08-20 09:43:38,22000.0,1700,Buy,232921262
2024-08-20 09:43:38,22000.0,600,Buy,232921263
2024-08-20 09:43:38,22000.0,1500,Buy,232921264
2024-08-20 09:43:38,22000.0,700,Buy,232921265
2024-08-20 09:43:38,22000.0,100,Buy,232921266
2024-08-20 09:43:38,22000.0,200,Buy,232921267
2024-08-20 09:43:38,22000.0,7600,Buy,232921285
2024-08-20 09:43:38,22000.0,15000,Buy,232921269
2024-08-20 09:43:38,22000.0,2400,Buy,232921284
2024-08-20 09:43:38,22000.0,3100,Buy,232921283
2024-08-20 09:43:38,22000.0,300,Buy,232921282
2024-08-20 09:43:38,22000.0,1000,Buy,232921281
2024-08-20 09:43:38,22000.0,100,Buy,232921280
2024-08-20 09:43:38,22000.0,500,Buy,232921279
2024-08-20 09:43:38,22000.0,100,Buy,232921268
2024-08-20 09:43:38,22000.0,400,Buy,232921277
2024-08-20 09:43:38,22000.0,300,Buy,232921273
2024-08-20 09:43:38,22000.0,500,Buy,232921274
2024-08-20 09:43:38,22000.0,200,Buy,232921278
2024-08-20 09:43:38,22000.0,700,Buy,232921276
2024-08-20 09:43:38,22000.0,200,Buy,232921275
2024-08-20 09:43:40,22000.0,100,Buy,232921388
2024-08-20 09:43:40,22000.0,200,Buy,232921389
2024-08-20 09:43:40,22000.0,100,Buy,232921390
2024-08-20 09:43:40,22000.0,100,Buy,232921391
2024-08-20 09:43:40,22000.0,500,Buy,232921392
2024-08-20 09:43:42,22000.0,10000,Buy,232921500
2024-08-20 09:43:42,22000.0,100,Buy,232921499
2024-08-20 09:43:42,22000.0,200,Buy,232921498
2024-08-20 09:43:42,22000.0,100,Buy,232921497
2024-08-20 09:43:42,22000.0,700,Buy,232921496
2024-08-20 09:43:42,22000.0,1000,Buy,232921495
2024-08-20 09:43:42,22000.0,100,Buy,232921494
2024-08-20 09:43:42,22000.0,500,Buy,232921493
2024-08-20 09:43:42,22000.0,500,Buy,232921492
2024-08-20 09:43:42,22000.0,700,Buy,232921489
2024-08-20 09:43:42,22000.0,200,Buy,232921490
2024-08-20 09:43:42,22000.0,29500,Buy,232921488
2024-08-20 09:43:42,22000.0,30000,Buy,232921501
2024-08-20 09:43:42,22000.0,1000,Buy,232921486
2024-08-20 09:43:42,22000.0,200,Buy,232921485
2024-08-20 09:43:42,22000.0,100,Buy,232921484
2024-08-20 09:43:42,22000.0,100,Buy,232921477
2024-08-20 09:43:42,22000.0,500,Buy,232921476
2024-08-20 09:43:42,22000.0,100,Buy,232921491
2024-08-20 09:43:42,22000.0,25000,Buy,232921487
2024-08-20 09:43:43,22000.0,300,Buy,232921534
2024-08-20 09:43:43,22000.0,100,Buy,232921516
2024-08-20 09:43:44,22000.0,1200,Buy,232921542
2024-08-20 09:43:44,22000.0,2700,Buy,232921588
2024-08-20 09:43:44,22000.0,600,Buy,232921587
2024-08-20 09:43:44,22000.0,5300,Buy,232921586
2024-08-20 09:43:44,22000.0,2000,Buy,232921583
2024-08-20 09:43:44,22000.0,1000,Buy,232921584
2024-08-20 09:43:44,22000.0,5000,Buy,232921582
2024-08-20 09:43:44,22000.0,18400,Buy,232921581
2024-08-20 09:43:44,22000.0,5000,Buy,232921585
2024-08-20 09:43:45,22000.0,2300,Buy,232921590
2024-08-20 09:43:45,22000.0,23700,Buy,232921591
2024-08-20 09:43:45,22000.0,200,Buy,232921592
2024-08-20 09:43:45,22000.0,100,Buy,232921593
2024-08-20 09:43:45,22000.0,500,Buy,232921594
2024-08-20 09:43:45,22000.0,23200,Buy,232921595
2024-08-20 09:43:45,22000.0,100,Buy,232921602
2024-08-20 09:43:45,22000.0,1800,Buy,232921603
2024-08-20 09:43:45,22000.0,200,Buy,232921604
2024-08-20 09:43:46,22000.0,3200,Buy,232921793
2024-08-20 09:43:46,22000.0,10500,Buy,232921777
2024-08-20 09:43:46,22000.0,9500,Buy,232921776
2024-08-20 09:43:47,22000.0,5800,Sell,232921807
2024-08-20 09:43:48,22000.0,1000,Sell,232921857
2024-08-20 09:43:48,22000.0,400,Sell,232921858
2024-08-20 09:43:49,22000.0,300,Sell,232921886
2024-08-20 09:43:50,22050.0,100,Buy,232921946
2024-08-20 09:43:51,22000.0,100,Sell,232921955
2024-08-20 09:44:03,22050.0,1000,Buy,232922258
2024-08-20 09:44:03,22050.0,100,Buy,232922259
2024-08-20 09:44:03,22050.0,400,Buy,232922260
2024-08-20 09:44:03,22050.0,200,Buy,232922262
2024-08-20 09:44:03,22050.0,1500,Buy,232922263
2024-08-20 09:44:03,22050.0,200,Buy,232922264
2024-08-20 09:44:03,22050.0,5000,Buy,232922265
2024-08-20 09:44:03,22050.0,600,Buy,232922266
2024-08-20 09:44:03,22050.0,1000,Buy,232922261
2024-08-20 09:44:09,22050.0,5000,Buy,232922426
2024-08-20 09:44:11,22050.0,300,Buy,232922454
2024-08-20 09:44:18,22050.0,1000,Buy,232922616
2024-08-20 09:44:22,22050.0,10000,Buy,232922739
2024-08-20 09:44:22,22000.0,1000,Sell,232922732
2024-08-20 09:44:26,22050.0,1000,Buy,232922794
2024-08-20 09:44:29,22050.0,1000,Buy,232922883
2024-08-20 09:44:31,22050.0,1000,Buy,232922920
2024-08-20 09:44:32,22000.0,600,Sell,232922947
2024-08-20 09:44:41,22050.0,100,Buy,232923187
2024-08-20 09:44:41,22050.0,2000,Buy,232923188
2024-08-20 09:44:41,22050.0,100,Buy,232923189
2024-08-20 09:44:41,22050.0,6400,Buy,232923190
2024-08-20 09:44:43,22000.0,500,Sell,232923238
2024-08-20 09:44:46,22050.0,700,Buy,232923337
2024-08-20 09:44:49,22000.0,1100,Sell,232923466
2024-08-20 09:44:49,22000.0,500,Sell,232923465
2024-08-20 09:44:56,22000.0,900,Sell,232923699
2024-08-20 09:44:56,22000.0,2000,Sell,232923700
2024-08-20 09:44:56,22000.0,100,Sell,232923701
2024-08-20 09:44:58,22050.0,5000,Buy,232923759
2024-08-20 09:45:01,22000.0,200,Sell,232923874
2024-08-20 09:45:02,22050.0,2000,Buy,232923907
2024-08-20 09:45:06,22050.0,1000,Buy,232923991
2024-08-20 09:45:07,22050.0,3000,Buy,232924026
2024-08-20 09:45:12,22000.0,100,Sell,232924105
2024-08-20 09:45:12,22050.0,1000,Buy,232924098
2024-08-20 09:45:13,22000.0,600,Sell,232924136
2024-08-20 09:45:13,22000.0,200,Sell,232924137
2024-08-20 09:45:13,22000.0,400,Sell,232924138
2024-08-20 09:45:13,22000.0,1600,Sell,232924139
2024-08-20 09:45:18,22050.0,900,Buy,232924259
2024-08-20 09:45:18,22050.0,100,Buy,232924260
2024-08-20 09:45:18,22050.0,1000,Buy,232924267
2024-08-20 09:45:19,22000.0,5000,Sell,232924272
2024-08-20 09:45:19,22050.0,100,Buy,232924273
2024-08-20 09:45:22,22000.0,4000,Sell,232924351
2024-08-20 09:45:24,22050.0,1000,Buy,232924387
2024-08-20 09:45:29,22050.0,1000,Buy,232924503
2024-08-20 09:45:29,22000.0,1000,Sell,232924495
2024-08-20 09:45:30,22050.0,200,Buy,232924526
2024-08-20 09:45:31,22050.0,100,Buy,232924576
2024-08-20 09:45:34,22050.0,100,Buy,232924621
2024-08-20 09:45:35,22050.0,1000,Buy,232924674
2024-08-20 09:45:37,22000.0,200,Sell,232924717
2024-08-20 09:45:37,22000.0,200,Sell,232924718
2024-08-20 09:45:37,22000.0,4700,Sell,232924716
2024-08-20 09:45:37,22000.0,500,Sell,232924712
2024-08-20 09:45:37,22000.0,400,Sell,232924714
2024-08-20 09:45:37,22000.0,200,Sell,232924713
2024-08-20 09:45:37,22000.0,8400,Sell,232924711
2024-08-20 09:45:37,22000.0,400,Sell,232924715
2024-08-20 09:45:38,22050.0,600,Buy,232924744
2024-08-20 09:45:41,22050.0,1000,Buy,232924792
2024-08-20 09:45:42,22050.0,1000,Buy,232924799
2024-08-20 09:45:44,22050.0,100,Buy,232924848
2024-08-20 09:45:44,22000.0,1000,Sell,232924851
2024-08-20 09:45:51,22050.0,300,Buy,232924987
2024-08-20 09:46:00,22050.0,500,Buy,232925179
2024-08-20 09:46:02,22000.0,100,Sell,232925316
2024-08-20 09:46:18,22050.0,2000,Buy,232925695
2024-08-20 09:46:19,22000.0,100,Sell,232925723
2024-08-20 09:46:19,22050.0,1000,Buy,232925727
2024-08-20 09:46:20,22000.0,500,Sell,232925741
2024-08-20 09:46:22,22000.0,200,Sell,232925835
2024-08-20 09:46:23,22000.0,600,Sell,232925870
2024-08-20 09:46:28,22000.0,200,Sell,232925988
2024-08-20 09:46:28,22000.0,300,Sell,232925994
2024-08-20 09:46:28,22000.0,3200,Sell,232925989
2024-08-20 09:46:28,22000.0,100,Sell,232925990
2024-08-20 09:46:28,22000.0,100,Sell,232925987
2024-08-20 09:46:28,22000.0,3000,Sell,232925991
2024-08-20 09:46:28,22000.0,2000,Sell,232925992
2024-08-20 09:46:28,22000.0,1000,Sell,232925995
2024-08-20 09:46:28,22000.0,200,Sell,232926004
2024-08-20 09:46:28,22000.0,100,Sell,232925997
2024-08-20 09:46:28,22000.0,100,Sell,232925998
2024-08-20 09:46:28,22000.0,17000,Sell,232925999
2024-08-20 09:46:28,22000.0,1000,Sell,232926000
2024-08-20 09:46:28,22000.0,5000,Sell,232926002
2024-08-20 09:46:28,22000.0,1000,Sell,232926003
2024-08-20 09:46:28,22000.0,1000,Sell,232926005
2024-08-20 09:46:28,22000.0,200,Sell,232925986
2024-08-20 09:46:28,22000.0,1000,Sell,232925996
2024-08-20 09:46:28,22000.0,200,Sell,232925985
2024-08-20 09:46:28,22000.0,500,Sell,232926001
2024-08-20 09:46:28,22000.0,400,Sell,232925982
2024-08-20 09:46:28,22000.0,400,Sell,232925984
2024-08-20 09:46:28,22000.0,17300,Sell,232925963
2024-08-20 09:46:28,22000.0,200,Sell,232925964
2024-08-20 09:46:28,22000.0,1000,Sell,232925965
2024-08-20 09:46:28,22000.0,200,Sell,232925966
2024-08-20 09:46:28,22000.0,1000,Sell,232925967
2024-08-20 09:46:28,22000.0,10000,Sell,232925968
2024-08-20 09:46:28,22000.0,1000,Sell,232925969
2024-08-20 09:46:28,22000.0,200,Sell,232925970
2024-08-20 09:46:28,22000.0,5000,Sell,232925971
2024-08-20 09:46:28,22000.0,600,Sell,232925993
2024-08-20 09:46:28,22000.0,1000,Sell,232925973
2024-08-20 09:46:28,22000.0,600,Sell,232925980
2024-08-20 09:46:28,22000.0,1000,Sell,232925979
2024-08-20 09:46:28,22000.0,5000,Sell,232925978
2024-08-20 09:46:28,22000.0,1500,Sell,232925977
2024-08-20 09:46:28,22000.0,1000,Sell,232925981
2024-08-20 09:46:28,22000.0,1500,Sell,232925975
2024-08-20 09:46:28,22000.0,500,Sell,232925974
2024-08-20 09:46:28,22000.0,1000,Sell,232925976
2024-08-20 09:46:28,22000.0,1000,Sell,232925972
2024-08-20 09:46:29,22000.0,1000,Buy,232926025
2024-08-20 09:46:33,22000.0,200,Buy,232926192
2024-08-20 09:46:34,22000.0,1000,Buy,232926231
2024-08-20 09:46:35,22000.0,1000,Buy,232926239
2024-08-20 09:46:42,22000.0,1000,Buy,232926485
2024-08-20 09:46:48,22000.0,1000,Buy,232926618
2024-08-20 09:46:50,22000.0,1000,Buy,232926698
2024-08-20 09:46:56,22000.0,100,Buy,232926833
2024-08-20 09:46:56,22000.0,1000,Buy,232926834
2024-08-20 09:46:57,22000.0,2000,Buy,232926854
2024-08-20 09:46:58,22000.0,2100,Buy,232926868
2024-08-20 09:46:58,22000.0,900,Buy,232926869
2024-08-20 09:47:00,22000.0,500,Buy,232926907
2024-08-20 09:47:04,22000.0,1600,Buy,232927035
2024-08-20 09:47:11,22000.0,10000,Buy,232927199
2024-08-20 09:47:13,22000.0,500,Buy,232927316
2024-08-20 09:47:17,22000.0,500,Buy,232927423
2024-08-20 09:47:17,22000.0,2000,Buy,232927415
2024-08-20 09:47:21,22000.0,1000,Buy,232927542
2024-08-20 09:47:28,21950.0,50000,Sell,232927703
2024-08-20 09:47:29,22000.0,100,Buy,232927734
2024-08-20 09:47:30,22000.0,500,Buy,232927752
2024-08-20 09:47:30,22000.0,100,Buy,232927798
2024-08-20 09:47:32,22000.0,1000,Buy,232927923
2024-08-20 09:47:52,22000.0,100,Buy,232928484
2024-08-20 09:47:55,22000.0,100,Buy,232928556
2024-08-20 09:48:02,22000.0,500,Buy,232928708
2024-08-20 09:48:08,22000.0,600,Buy,232928821
2024-08-20 09:48:08,22000.0,100,Buy,232928822
2024-08-20 09:48:08,22000.0,1300,Buy,232928823
2024-08-20 09:48:09,22000.0,1000,Buy,232928853
2024-08-20 09:48:14,22000.0,300,Buy,232928995
2024-08-20 09:48:14,22000.0,700,Buy,232928994
2024-08-20 09:48:21,22000.0,1000,Buy,232929128
2024-08-20 09:48:33,22000.0,400,Buy,232929517
2024-08-20 09:48:37,22000.0,200,Buy,232929738
2024-08-20 09:48:39,22000.0,100,Buy,232929781
2024-08-20 09:48:42,22000.0,1000,Buy,232929882
2024-08-20 09:48:42,22000.0,1000,Buy,232929883
2024-08-20 09:48:42,22000.0,50000,Buy,232929884
2024-08-20 09:48:42,22000.0,200,Buy,232929885
2024-08-20 09:48:42,22000.0,500,Buy,232929886
2024-08-20 09:48:42,22000.0,5000,Buy,232929887
2024-08-20 09:48:42,22000.0,1800,Buy,232929888
2024-08-20 09:48:42,22000.0,500,Buy,232929881
2024-08-20 09:48:43,21950.0,100,Sell,232929905
2024-08-20 09:49:09,21950.0,500,Sell,232930492
2024-08-20 09:49:17,22000.0,1500,Buy,232930711
2024-08-20 09:49:17,22000.0,5000,Buy,232930710
2024-08-20 09:49:17,22000.0,600,Buy,232930709
2024-08-20 09:49:17,22000.0,400,Buy,232930712
2024-08-20 09:49:17,22000.0,1000,Buy,232930707
2024-08-20 09:49:17,22000.0,100,Buy,232930706
2024-08-20 09:49:17,22000.0,3000,Buy,232930705
2024-08-20 09:49:17,22000.0,200,Buy,232930708
2024-08-20 09:49:17,22000.0,8200,Buy,232930704
2024-08-20 09:49:23,22000.0,1000,Buy,232930877
2024-08-20 09:49:39,22000.0,300,Buy,232931559
2024-08-20 09:49:41,22000.0,2000,Buy,232931584
2024-08-20 09:49:41,22000.0,100,Buy,232931596
2024-08-20 09:49:41,22000.0,5000,Buy,232931595
2024-08-20 09:49:41,22000.0,300,Buy,232931594
2024-08-20 09:49:41,22000.0,1000,Buy,232931593
2024-08-20 09:49:41,22000.0,3300,Buy,232931583
2024-08-20 09:49:41,22000.0,2000,Buy,232931591
2024-08-20 09:49:41,22000.0,100,Buy,232931592
2024-08-20 09:49:41,22000.0,5000,Buy,232931588
2024-08-20 09:49:41,22000.0,2000,Buy,232931587
2024-08-20 09:49:41,22000.0,4000,Buy,232931586
2024-08-20 09:49:41,22000.0,1000,Buy,232931585
2024-08-20 09:49:41,22000.0,5000,Buy,232931590
2024-08-20 09:49:41,22000.0,8000,Buy,232931589
2024-08-20 09:49:42,22000.0,11200,Sell,232931643
2024-08-20 09:49:43,22000.0,500,Sell,232931672
2024-08-20 09:49:44,22000.0,100,Sell,232931700
2024-08-20 09:49:44,22000.0,100,Sell,232931699
2024-08-20 09:49:50,22000.0,100,Buy,232931844
2024-08-20 09:49:52,22000.0,500,Buy,232931880
2024-08-20 09:49:54,22000.0,100,Buy,232931926
2024-08-20 09:49:59,22000.0,1000,Buy,232932042
2024-08-20 09:50:02,22000.0,100,Buy,232932177
2024-08-20 09:50:07,22000.0,1000,Buy,232932338
2024-08-20 09:50:13,22000.0,500,Buy,232932631
2024-08-20 09:50:15,22000.0,2000,Buy,232932796
2024-08-20 09:50:21,22000.0,500,Buy,232932972
2024-08-20 09:50:29,22000.0,300,Buy,232933241
2024-08-20 09:50:29,22000.0,3000,Buy,232933230
2024-08-20 09:50:30,22000.0,500,Buy,232933267
2024-08-20 09:50:31,22000.0,500,Buy,232933272
2024-08-20 09:50:36,22000.0,1000,Buy,232933432
2024-08-20 09:50:37,22000.0,500,Buy,232933450
2024-08-20 09:50:46,22000.0,400,Buy,232933788
2024-08-20 09:50:47,22000.0,100,Buy,232933817
2024-08-20 09:50:47,22000.0,200,Buy,232933816
2024-08-20 09:50:47,22000.0,600,Buy,232933815
2024-08-20 09:50:47,22000.0,200,Buy,232933814
2024-08-20 09:50:47,22000.0,700,Buy,232933813
2024-08-20 09:50:47,22000.0,3000,Buy,232933810
2024-08-20 09:50:47,22000.0,1000,Buy,232933811
2024-08-20 09:50:47,22000.0,2100,Buy,232933818
2024-08-20 09:50:47,22000.0,2000,Buy,232933808
2024-08-20 09:50:47,22000.0,7800,Buy,232933807
2024-08-20 09:50:47,22000.0,2000,Buy,232933812
2024-08-20 09:50:47,22000.0,300,Buy,232933809
2024-08-20 09:50:50,22000.0,2000,Buy,232933946
2024-08-20 09:50:51,22000.0,100,Buy,232933988
2024-08-20 09:50:51,22000.0,2000,Buy,232933989
2024-08-20 09:50:51,22000.0,900,Buy,232933987
2024-08-20 09:50:54,22000.0,300,Buy,232934036
2024-08-20 09:50:55,22000.0,2700,Buy,232934109
2024-08-20 09:50:55,22000.0,500,Buy,232934110
2024-08-20 09:50:55,22000.0,700,Buy,232934111
2024-08-20 09:50:57,22000.0,900,Sell,232934135
2024-08-20 09:50:58,22000.0,200,Sell,232934162
2024-08-20 09:50:59,22000.0,1000,Sell,232934204
2024-08-20 09:51:00,22000.0,200,Sell,232934240
2024-08-20 09:51:02,22000.0,200,Sell,232934323
2024-08-20 09:51:03,22000.0,500,Sell,232934389
2024-08-20 09:51:05,22000.0,100,Sell,232934464
2024-08-20 09:51:08,22050.0,100,Buy,232934633
2024-08-20 09:51:10,22000.0,500,Sell,232934739
2024-08-20 09:51:11,22000.0,100,Sell,232934775
2024-08-20 09:51:20,22000.0,40000,Sell,232935000
2024-08-20 09:51:21,22000.0,2500,Sell,232935048
2024-08-20 09:51:21,22000.0,6500,Sell,232935022
2024-08-20 09:51:21,22000.0,100,Sell,232935021
2024-08-20 09:51:21,22000.0,1000,Sell,232935020
2024-08-20 09:51:21,22000.0,2400,Sell,232935019
2024-08-20 09:51:22,22000.0,1000,Sell,232935092
2024-08-20 09:51:22,22000.0,100,Sell,232935091
2024-08-20 09:51:22,22000.0,300,Sell,232935089
2024-08-20 09:51:22,22000.0,1000,Sell,232935088
2024-08-20 09:51:22,22000.0,10000,Sell,232935090
2024-08-20 09:51:31,22000.0,600,Buy,232935337
2024-08-20 09:51:31,22000.0,400,Buy,232935338
2024-08-20 09:51:38,22000.0,100,Buy,232935505
2024-08-20 09:51:40,22000.0,100,Buy,232935548
2024-08-20 09:51:49,22000.0,1000,Buy,232935878
2024-08-20 09:51:54,22000.0,1000,Buy,232935998
2024-08-20 09:51:56,22000.0,100,Buy,232936107
2024-08-20 09:51:59,22000.0,400,Buy,232936185
2024-08-20 09:51:59,22000.0,200,Buy,232936194
2024-08-20 09:51:59,22000.0,2300,Buy,232936187
2024-08-20 09:51:59,22000.0,100,Buy,232936188
2024-08-20 09:51:59,22000.0,200,Buy,232936189
2024-08-20 09:51:59,22000.0,300,Buy,232936190
2024-08-20 09:51:59,22000.0,500,Buy,232936191
2024-08-20 09:51:59,22000.0,200,Buy,232936192
2024-08-20 09:51:59,22000.0,200,Buy,232936193
2024-08-20 09:51:59,22000.0,700,Buy,232936186
2024-08-20 09:52:13,22000.0,300,Buy,232936643
2024-08-20 09:52:20,22000.0,800,Buy,232936809
2024-08-20 09:52:20,22000.0,400,Buy,232936810
2024-08-20 09:52:20,22000.0,500,Buy,232936811
2024-08-20 09:52:20,22000.0,1000,Buy,232936812
2024-08-20 09:52:20,22000.0,300,Buy,232936813
2024-08-20 09:52:20,22000.0,200,Buy,232936814
2024-08-20 09:52:20,22000.0,2000,Buy,232936815
2024-08-20 09:52:20,22000.0,1000,Buy,232936816
2024-08-20 09:52:20,22000.0,13700,Sell,232936832
2024-08-20 09:52:20,22000.0,100,Buy,232936808
2024-08-20 09:52:24,22000.0,300,Buy,232936947
2024-08-20 09:52:26,22000.0,1000,Buy,232936990
2024-08-20 09:52:42,22000.0,500,Buy,232937536
2024-08-20 09:52:42,22000.0,200,Buy,232937534
2024-08-20 09:52:42,22000.0,300,Buy,232937535
2024-08-20 09:52:43,22000.0,200,Buy,232937557
2024-08-20 09:52:45,22000.0,2700,Buy,232937640
2024-08-20 09:52:45,22000.0,200,Buy,232937641
2024-08-20 09:52:45,22000.0,1000,Buy,232937642
2024-08-20 09:52:45,22000.0,500,Buy,232937643
2024-08-20 09:52:45,22000.0,1000,Buy,232937644
2024-08-20 09:52:45,22000.0,200,Buy,232937645
2024-08-20 09:52:46,22000.0,1400,Sell,232937652
2024-08-20 09:52:47,22000.0,100,Sell,232937831
2024-08-20 09:52:47,22000.0,300,Sell,232937830
2024-08-20 09:52:48,22000.0,100,Sell,232937854
2024-08-20 09:52:51,22000.0,3000,Sell,232938008
2024-08-20 09:52:52,22000.0,700,Sell,232938033
2024-08-20 09:52:54,22000.0,100,Sell,232938054
2024-08-20 09:52:56,22000.0,100,Sell,232938108
2024-08-20 09:53:03,22000.0,300,Buy,232938342
2024-08-20 09:53:03,22000.0,400,Sell,232938340
2024-08-20 09:53:03,22000.0,50000,Sell,232938341
2024-08-20 09:53:03,22000.0,300,Sell,232938338
2024-08-20 09:53:03,22000.0,38600,Sell,232938337
2024-08-20 09:53:03,22000.0,3300,Sell,232938339
2024-08-20 09:53:04,22000.0,700,Sell,232938348
2024-08-20 09:53:12,22000.0,400,Buy,232938511
2024-08-20 09:53:16,22000.0,300,Buy,232938704
2024-08-20 09:53:23,22000.0,2400,Sell,232938928
2024-08-20 09:53:23,22000.0,500,Buy,232938909
2024-08-20 09:53:23,22000.0,100,Buy,232938908
2024-08-20 09:53:23,22000.0,200,Buy,232938906
2024-08-20 09:53:23,22000.0,500,Buy,232938907
2024-08-20 09:53:23,22000.0,100,Buy,232938904
2024-08-20 09:53:23,22000.0,100,Buy,232938903
2024-08-20 09:53:23,22000.0,300,Buy,232938902
2024-08-20 09:53:23,22000.0,21800,Buy,232938901
2024-08-20 09:53:23,22000.0,100,Buy,232938905
2024-08-20 09:53:24,22000.0,3900,Sell,232938929
2024-08-20 09:53:26,22000.0,200,Buy,232939019
2024-08-20 09:53:27,22000.0,500,Buy,232939028
2024-08-20 09:53:32,22000.0,300,Buy,232939215
2024-08-20 09:53:38,22000.0,100,Buy,232939373
2024-08-20 09:53:39,22000.0,500,Buy,232939387
2024-08-20 09:53:40,22000.0,400,Buy,232939418
2024-08-20 09:53:40,22000.0,600,Buy,232939419
2024-08-20 09:53:44,22000.0,900,Buy,232939542
2024-08-20 09:53:44,22000.0,100,Buy,232939543
2024-08-20 09:53:44,22000.0,200,Buy,232939544
2024-08-20 09:53:44,22000.0,3000,Buy,232939545
2024-08-20 09:53:46,22000.0,1000,Buy,232939665
2024-08-20 09:53:51,22000.0,200,Buy,232939851
2024-08-20 09:53:59,21950.0,200,Sell,232940027
2024-08-20 09:54:01,22000.0,200,Buy,232940065
2024-08-20 09:54:02,22000.0,100,Buy,232940074
2024-08-20 09:54:02,22000.0,100,Buy,232940072
2024-08-20 09:54:02,22000.0,200,Buy,232940073
2024-08-20 09:54:02,22000.0,600,Buy,232940071
2024-08-20 09:54:16,22000.0,900,Buy,232940392
2024-08-20 09:54:16,22000.0,100,Buy,232940393
2024-08-20 09:54:18,22000.0,100,Buy,232940463
2024-08-20 09:54:42,22000.0,900,Buy,232941204
2024-08-20 09:54:51,22000.0,100,Buy,232941402
2024-08-20 09:54:53,22000.0,1000,Buy,232941443
2024-08-20 09:55:02,22000.0,1000,Buy,232941667
2024-08-20 09:55:11,21950.0,500,Sell,232941868
2024-08-20 09:55:11,22000.0,100,Buy,232941874
2024-08-20 09:55:20,22000.0,100,Buy,232942071
2024-08-20 09:55:20,22000.0,200,Buy,232942070
2024-08-20 09:55:20,22000.0,100,Buy,232942068
2024-08-20 09:55:20,22000.0,100,Buy,232942069
2024-08-20 09:55:20,22000.0,1000,Buy,232942066
2024-08-20 09:55:20,22000.0,300,Buy,232942065
2024-08-20 09:55:20,22000.0,200,Buy,232942064
2024-08-20 09:55:20,22000.0,100,Buy,232942067
2024-08-20 09:55:20,22000.0,900,Buy,232942063
2024-08-20 09:55:28,22000.0,1000,Buy,232942322
2024-08-20 09:55:30,22000.0,1000,Buy,232942389
2024-08-20 09:55:31,22000.0,4000,Buy,232942405
2024-08-20 09:55:39,22000.0,100,Buy,232942567
2024-08-20 09:55:49,22000.0,5000,Buy,232942803
2024-08-20 09:55:53,22000.0,100,Buy,232943059
2024-08-20 09:56:06,22000.0,1000,Buy,232943438
2024-08-20 09:56:14,22000.0,200,Buy,232943671
2024-08-20 09:56:14,22000.0,700,Buy,232943666
2024-08-20 09:56:14,22000.0,300,Buy,232943667
2024-08-20 09:56:14,22000.0,100,Buy,232943668
2024-08-20 09:56:14,22000.0,200,Buy,232943669
2024-08-20 09:56:14,22000.0,1000,Buy,232943673
2024-08-20 09:56:14,22000.0,500,Buy,232943665
2024-08-20 09:56:14,22000.0,100,Buy,232943675
2024-08-20 09:56:14,22000.0,1200,Buy,232943676
2024-08-20 09:56:14,22000.0,500,Buy,232943677
2024-08-20 09:56:14,22000.0,200,Buy,232943678
2024-08-20 09:56:14,22000.0,200,Buy,232943679
2024-08-20 09:56:14,22000.0,500,Buy,232943674
2024-08-20 09:56:14,22000.0,500,Buy,232943664
2024-08-20 09:56:14,22000.0,100,Buy,232943670
2024-08-20 09:56:14,22000.0,100,Buy,232943662
2024-08-20 09:56:14,22000.0,7900,Buy,232943650
2024-08-20 09:56:14,22000.0,1000,Buy,232943652
2024-08-20 09:56:14,22000.0,600,Buy,232943653
2024-08-20 09:56:14,22000.0,200,Buy,232943654
2024-08-20 09:56:14,22000.0,1000,Buy,232943655
2024-08-20 09:56:14,22000.0,5000,Buy,232943656
2024-08-20 09:56:14,22000.0,200,Buy,232943651
2024-08-20 09:56:14,22000.0,7700,Buy,232943649
2024-08-20 09:56:14,22000.0,500,Buy,232943657
2024-08-20 09:56:14,22000.0,200,Buy,232943661
2024-08-20 09:56:14,22000.0,100,Buy,232943663
2024-08-20 09:56:14,22000.0,400,Buy,232943659
2024-08-20 09:56:14,22000.0,200,Buy,232943658
2024-08-20 09:56:14,22000.0,100,Buy,232943660
2024-08-20 09:56:15,22000.0,500,Sell,232943693
2024-08-20 09:56:15,22000.0,7800,Sell,232943694
2024-08-20 09:56:16,22000.0,2000,Sell,232943708
2024-08-20 09:56:17,22000.0,500,Sell,232943717
2024-08-20 09:56:17,22000.0,500,Sell,232943718
2024-08-20 09:56:18,22000.0,200,Sell,232943729
2024-08-20 09:56:30,22000.0,1000,Sell,232944139
2024-08-20 09:56:31,22000.0,200,Sell,232944158
2024-08-20 09:56:34,22000.0,200,Sell,232944236
2024-08-20 09:56:46,22000.0,500,Sell,232944558
2024-08-20 09:56:48,22000.0,100,Sell,232944588
2024-08-20 09:56:50,22000.0,3000,Sell,232944668
2024-08-20 09:56:50,22000.0,5000,Sell,232944666
2024-08-20 09:56:50,22000.0,2000,Sell,232944667
2024-08-20 09:56:51,22000.0,1100,Sell,232944685
2024-08-20 09:56:51,22000.0,1000,Sell,232944686
2024-08-20 09:56:51,22000.0,200,Sell,232944687
2024-08-20 09:56:51,22000.0,200,Sell,232944688
2024-08-20 09:56:52,22000.0,600,Sell,232944704
2024-08-20 09:56:53,22000.0,100,Sell,232944722
2024-08-20 09:57:02,22000.0,100,Sell,232944933
2024-08-20 09:57:02,22000.0,1000,Sell,232944934
2024-08-20 09:57:02,22000.0,3900,Sell,232944935
2024-08-20 09:57:03,22000.0,100,Sell,232944951
2024-08-20 09:57:03,22000.0,1100,Sell,232944950
2024-08-20 09:57:04,22000.0,300,Sell,232944984
2024-08-20 09:57:05,22000.0,500,Sell,232945040
2024-08-20 09:57:13,22000.0,1000,Buy,232945306
2024-08-20 09:57:16,22000.0,8000,Buy,232945445
2024-08-20 09:57:20,22000.0,1000,Buy,232945530
2024-08-20 09:57:22,22000.0,100,Buy,232945547
2024-08-20 09:57:40,22000.0,3000,Buy,232946175
2024-08-20 09:57:54,22000.0,300,Buy,232946538
2024-08-20 09:57:54,22000.0,600,Buy,232946539
2024-08-20 09:57:54,22000.0,200,Buy,232946540
2024-08-20 09:57:54,22000.0,200,Buy,232946537
2024-08-20 09:57:54,22000.0,4300,Buy,232946542
2024-08-20 09:57:54,22000.0,100,Buy,232946555
2024-08-20 09:57:54,22000.0,900,Buy,232946541
2024-08-20 09:57:54,22000.0,100,Buy,232946536
2024-08-20 09:57:54,22000.0,5000,Buy,232946528
2024-08-20 09:57:54,22000.0,2000,Buy,232946534
2024-08-20 09:57:54,22000.0,10600,Buy,232946527
2024-08-20 09:57:54,22000.0,100,Buy,232946529
2024-08-20 09:57:54,22000.0,500,Buy,232946530
2024-08-20 09:57:54,22000.0,3000,Buy,232946535
2024-08-20 09:57:54,22000.0,500,Buy,232946532
2024-08-20 09:57:54,22000.0,1500,Buy,232946533
2024-08-20 09:57:54,22000.0,200,Buy,232946531
2024-08-20 09:57:57,22000.0,1000,Buy,232946615
2024-08-20 09:58:33,22000.0,1000,Buy,232947863
2024-08-20 09:58:52,22000.0,700,Buy,232948403
2024-08-20 09:58:52,22000.0,100,Buy,232948404
2024-08-20 09:58:52,22000.0,1800,Buy,232948405
2024-08-20 09:58:52,22000.0,1500,Buy,232948402
2024-08-20 09:58:55,22000.0,1000,Buy,232948543
2024-08-20 09:59:07,22000.0,500,Buy,232948930
2024-08-20 09:59:10,22000.0,2000,Buy,232949067
2024-08-20 09:59:10,22000.0,1000,Buy,232949083
2024-08-20 09:59:27,22000.0,1000,Buy,232949538
2024-08-20 09:59:27,22000.0,200,Buy,232949537
2024-08-20 09:59:30,22000.0,200,Buy,232949579
2024-08-20 09:59:30,22000.0,100,Buy,232949580
2024-08-20 09:59:47,22000.0,300,Buy,232949990
2024-08-20 09:59:47,22000.0,300,Buy,232949991
2024-08-20 09:59:47,22000.0,400,Buy,232949992
2024-08-20 10:00:01,22000.0,600,Buy,232950359
2024-08-20 10:00:01,22000.0,500,Buy,232950360
2024-08-20 10:00:01,22000.0,900,Buy,232950361
2024-08-20 10:00:01,22000.0,20000,Buy,232950362
2024-08-20 10:00:04,22000.0,300,Buy,232950421
2024-08-20 10:00:06,22000.0,100,Buy,232950451
2024-08-20 10:00:09,22000.0,500,Buy,232950593
2024-08-20 10:00:20,22000.0,1500,Buy,232950942
2024-08-20 10:00:20,22000.0,100,Buy,232950941
2024-08-20 10:00:20,22000.0,1000,Buy,232950926
2024-08-20 10:00:20,22000.0,19700,Buy,232950929
2024-08-20 10:00:20,22000.0,700,Buy,232950928
2024-08-20 10:00:20,22000.0,100,Buy,232950927
2024-08-20 10:00:20,22000.0,100,Buy,232950943
2024-08-20 10:00:20,22000.0,200,Buy,232950925
2024-08-20 10:00:20,22000.0,300,Buy,232950940
2024-08-20 10:00:20,22000.0,600,Buy,232950923
2024-08-20 10:00:20,22000.0,1900,Buy,232950915
2024-08-20 10:00:20,22000.0,2000,Buy,232950916
2024-08-20 10:00:20,22000.0,500,Buy,232950917
2024-08-20 10:00:20,22000.0,200,Buy,232950918
2024-08-20 10:00:20,22000.0,1000,Buy,232950924
2024-08-20 10:00:20,22000.0,500,Buy,232950920
2024-08-20 10:00:20,22000.0,1000,Buy,232950922
2024-08-20 10:00:20,22000.0,100,Buy,232950919
2024-08-20 10:00:20,22000.0,500,Buy,232950921
2024-08-20 10:00:23,22000.0,100,Buy,232951018
2024-08-20 10:00:23,22000.0,300,Buy,232951019
2024-08-20 10:00:23,22000.0,100,Buy,232951020
2024-08-20 10:00:23,22000.0,500,Buy,232951021
2024-08-20 10:00:26,22000.0,1500,Buy,232951175
2024-08-20 10:00:26,22000.0,2600,Buy,232951176
2024-08-20 10:00:27,22000.0,4900,Buy,232951253
2024-08-20 10:00:27,22000.0,1000,Buy,232951252
2024-08-20 10:00:27,22000.0,3400,Buy,232951249
2024-08-20 10:00:27,22000.0,200,Buy,232951251
2024-08-20 10:00:27,22000.0,500,Buy,232951250
2024-08-20 10:00:30,22000.0,600,Buy,232951319
2024-08-20 10:00:30,22000.0,400,Buy,232951320
2024-08-20 10:00:30,22000.0,100,Buy,232951321
2024-08-20 10:00:30,22000.0,500,Buy,232951322
2024-08-20 10:00:30,22000.0,1900,Buy,232951323
2024-08-20 10:00:37,22000.0,100,Buy,232951473
2024-08-20 10:00:38,22000.0,500,Buy,232951477
2024-08-20 10:00:50,22000.0,100,Buy,232951719
2024-08-20 10:00:53,22000.0,4000,Buy,232951837
2024-08-20 10:00:53,22000.0,200,Sell,232951850
2024-08-20 10:00:53,22000.0,23700,Buy,232951849
2024-08-20 10:00:53,22000.0,1000,Buy,232951822
2024-08-20 10:00:53,22000.0,1000,Buy,232951847
2024-08-20 10:00:53,22000.0,100,Buy,232951845
2024-08-20 10:00:53,22000.0,800,Buy,232951844
2024-08-20 10:00:53,22000.0,300,Buy,232951848
2024-08-20 10:00:53,22000.0,500,Buy,232951842
2024-08-20 10:00:53,22000.0,1000,Buy,232951841
2024-08-20 10:00:53,22000.0,100,Buy,232951840
2024-08-20 10:00:53,22000.0,100,Buy,232951839
2024-08-20 10:00:53,22000.0,400,Buy,232951838
2024-08-20 10:00:53,22000.0,2500,Buy,232951843
2024-08-20 10:00:54,22000.0,1200,Sell,232951855
2024-08-20 10:00:54,22000.0,8900,Sell,232951870
2024-08-20 10:00:55,22000.0,1000,Sell,232951891
2024-08-20 10:00:55,22000.0,2200,Sell,232951892
2024-08-20 10:00:57,22000.0,800,Sell,232951930
2024-08-20 10:00:57,22000.0,200,Sell,232951947
2024-08-20 10:00:59,22000.0,100,Sell,232952036
2024-08-20 10:00:59,22000.0,100,Sell,232952037
2024-08-20 10:00:59,22000.0,500,Sell,232951989
2024-08-20 10:00:59,22000.0,400,Sell,232951991
2024-08-20 10:01:15,22000.0,1000,Sell,232952419
2024-08-20 10:01:16,22000.0,200,Sell,232952434
2024-08-20 10:01:23,22000.0,100,Sell,232952553
2024-08-20 10:01:23,21950.0,23600,Sell,232952554
2024-08-20 10:01:36,21950.0,600,Sell,232952961
2024-08-20 10:01:38,22000.0,2000,Buy,232953005
2024-08-20 10:01:41,22000.0,300,Buy,232953104
2024-08-20 10:01:49,22000.0,2000,Buy,232953395
2024-08-20 10:02:00,22000.0,1000,Buy,232953693
2024-08-20 10:02:14,22000.0,400,Buy,232954097
2024-08-20 10:02:14,22000.0,600,Buy,232954096
2024-08-20 10:02:28,22000.0,100,Buy,232954489
2024-08-20 10:02:28,22000.0,100,Buy,232954490
2024-08-20 10:02:28,22000.0,100,Buy,232954491
2024-08-20 10:02:28,22000.0,200,Buy,232954492
2024-08-20 10:02:33,22000.0,200,Buy,232954595
2024-08-20 10:02:37,22000.0,500,Buy,232954692
2024-08-20 10:02:38,22000.0,500,Buy,232954710
2024-08-20 10:02:50,21950.0,15500,Sell,232955087
2024-08-20 10:02:50,21950.0,1000,Sell,232955086
2024-08-20 10:02:50,21950.0,5000,Sell,232955085
2024-08-20 10:02:50,22000.0,500,Buy,232955063
2024-08-20 10:02:50,22000.0,1000,Buy,232955062
2024-08-20 10:02:50,21950.0,2200,Sell,232955084
2024-08-20 10:02:55,21950.0,4500,Sell,232955305
2024-08-20 10:02:55,21950.0,200,Sell,232955306
2024-08-20 10:02:55,21950.0,1000,Sell,232955307
2024-08-20 10:02:55,21950.0,2300,Sell,232955308
2024-08-20 10:02:59,21950.0,600,Sell,232955410
2024-08-20 10:02:59,21950.0,3000,Sell,232955418
2024-08-20 10:03:24,21950.0,100,Sell,232956108
2024-08-20 10:03:24,21950.0,1000,Sell,232956107
2024-08-20 10:03:24,21950.0,3000,Sell,232956106
2024-08-20 10:03:24,21950.0,1000,Sell,232956105
2024-08-20 10:03:24,21950.0,300,Sell,232956103
2024-08-20 10:03:24,21950.0,14100,Sell,232956102
2024-08-20 10:03:24,21950.0,500,Sell,232956104
2024-08-20 10:03:41,21950.0,2300,Sell,232956510
2024-08-20 10:03:42,21950.0,20000,Sell,232956539
2024-08-20 10:03:48,21950.0,2000,Sell,232956735
2024-08-20 10:04:12,22000.0,100,Buy,232957262
2024-08-20 10:04:21,21950.0,100,Sell,232957599
2024-08-20 10:04:27,22000.0,100,Buy,232957775
2024-08-20 10:04:29,21950.0,1000,Sell,232957851
2024-08-20 10:04:32,21950.0,15000,Sell,232957964
2024-08-20 10:04:50,21950.0,4000,Sell,232958477
2024-08-20 10:04:52,21950.0,5600,Sell,232958556
2024-08-20 10:04:52,21950.0,100,Sell,232958569
2024-08-20 10:04:52,21950.0,400,Sell,232958568
2024-08-20 10:04:52,21950.0,1500,Sell,232958567
2024-08-20 10:04:52,21950.0,100,Sell,232958566
2024-08-20 10:04:52,21950.0,100,Sell,232958565
2024-08-20 10:04:52,21950.0,1000,Sell,232958564
2024-08-20 10:04:52,21950.0,500,Sell,232958562
2024-08-20 10:04:52,21950.0,200,Sell,232958561
2024-08-20 10:04:52,21950.0,100,Sell,232958560
2024-08-20 10:04:52,21950.0,2000,Sell,232958559
2024-08-20 10:04:52,21950.0,2000,Sell,232958558
2024-08-20 10:04:52,21950.0,1000,Sell,232958557
2024-08-20 10:04:52,21950.0,400,Sell,232958563
2024-08-20 10:04:58,21950.0,2000,Sell,232958832
2024-08-20 10:04:58,21950.0,15300,Sell,232958833
2024-08-20 10:04:58,21950.0,200,Sell,232958831
2024-08-20 10:04:58,21950.0,900,Sell,232958826
2024-08-20 10:04:58,21950.0,1000,Sell,232958829
2024-08-20 10:04:58,21950.0,100,Sell,232958828
2024-08-20 10:04:58,21950.0,300,Sell,232958827
2024-08-20 10:04:58,21950.0,200,Sell,232958830
2024-08-20 10:04:59,21950.0,2000,Sell,232958867
2024-08-20 10:05:07,21950.0,200,Sell,232959063
2024-08-20 10:05:07,21950.0,5300,Sell,232959066
2024-08-20 10:05:07,21950.0,200,Sell,232959065
2024-08-20 10:05:07,21950.0,100,Sell,232959064
2024-08-20 10:05:07,21950.0,200,Sell,232959062
2024-08-20 10:05:07,21950.0,6000,Sell,232959058
2024-08-20 10:05:07,21950.0,200,Sell,232959060
2024-08-20 10:05:07,21950.0,2000,Sell,232959059
2024-08-20 10:05:07,21950.0,5400,Sell,232959056
2024-08-20 10:05:07,21950.0,100,Sell,232959057
2024-08-20 10:05:07,21950.0,300,Sell,232959061
2024-08-20 10:05:08,22000.0,2000,Buy,232959080
2024-08-20 10:05:10,22000.0,1000,Buy,232959122
2024-08-20 10:05:10,21950.0,200,Sell,232959136
2024-08-20 10:05:17,21950.0,1300,Sell,232959425
2024-08-20 10:05:17,21950.0,300,Sell,232959426
2024-08-20 10:05:20,21950.0,1500,Sell,232959462
2024-08-20 10:05:30,21950.0,800,Sell,232959770
2024-08-20 10:05:36,21950.0,1900,Sell,232959945
2024-08-20 10:05:36,21950.0,100,Sell,232959944
2024-08-20 10:05:36,21950.0,300,Sell,232959943
2024-08-20 10:05:36,21950.0,1800,Sell,232959942
2024-08-20 10:05:36,21950.0,200,Sell,232959941
2024-08-20 10:05:36,21950.0,200,Sell,232959936
2024-08-20 10:05:36,21950.0,100,Sell,232959940
2024-08-20 10:05:36,21950.0,300,Sell,232959937
2024-08-20 10:05:36,21950.0,7000,Sell,232959946
2024-08-20 10:05:36,21950.0,500,Sell,232959935
2024-08-20 10:05:36,21950.0,100,Sell,232959930
2024-08-20 10:05:36,21950.0,5000,Sell,232959933
2024-08-20 10:05:36,21950.0,2000,Sell,232959932
2024-08-20 10:05:36,21950.0,300,Sell,232959931
2024-08-20 10:05:36,21950.0,100,Sell,232959929
2024-08-20 10:05:36,21950.0,100,Sell,232959928
2024-08-20 10:05:36,21950.0,300,Sell,232959927
2024-08-20 10:05:36,21950.0,200,Sell,232959926
2024-08-20 10:05:36,21950.0,1200,Sell,232959925
2024-08-20 10:05:36,21950.0,1900,Sell,232959924
2024-08-20 10:05:36,21950.0,100,Sell,232959934
2024-08-20 10:05:39,21950.0,500,Sell,232960044
2024-08-20 10:05:41,21950.0,200,Sell,232960080
2024-08-20 10:05:44,21950.0,5900,Sell,232960147
2024-08-20 10:05:44,21950.0,2000,Sell,232960154
2024-08-20 10:05:44,21950.0,1000,Sell,232960162
2024-08-20 10:05:45,21950.0,600,Sell,232960169
2024-08-20 10:05:46,21950.0,3000,Sell,232960178
2024-08-20 10:05:46,21950.0,3600,Sell,232960188
2024-08-20 10:05:51,21950.0,1000,Sell,232960273
2024-08-20 10:05:52,21950.0,1000,Sell,232960296
2024-08-20 10:05:52,21950.0,600,Sell,232960297
2024-08-20 10:05:52,21950.0,13200,Sell,232960294
2024-08-20 10:05:52,21950.0,200,Sell,232960295
2024-08-20 10:05:54,21950.0,400,Sell,232960387
2024-08-20 10:05:54,21950.0,100,Sell,232960388
2024-08-20 10:05:54,21950.0,3000,Sell,232960389
2024-08-20 10:05:54,21950.0,1500,Sell,232960390
2024-08-20 10:05:56,21950.0,100,Sell,232960428
2024-08-20 10:05:56,21950.0,3000,Sell,232960441
2024-08-20 10:05:58,21950.0,100,Sell,232960477
2024-08-20 10:06:00,21950.0,300,Sell,232960547
2024-08-20 10:06:02,21950.0,2200,Sell,232960604
2024-08-20 10:06:02,21950.0,1000,Sell,232960603
2024-08-20 10:06:02,21950.0,500,Sell,232960602
2024-08-20 10:06:02,21950.0,100,Sell,232960598
2024-08-20 10:06:02,21950.0,100,Sell,232960600
2024-08-20 10:06:02,21950.0,1000,Sell,232960599
2024-08-20 10:06:02,21950.0,45000,Sell,232960597
2024-08-20 10:06:02,21950.0,100,Sell,232960601
2024-08-20 10:06:03,21950.0,100,Sell,232960644
2024-08-20 10:06:04,21950.0,100,Sell,232960655
2024-08-20 10:06:07,21950.0,400,Sell,232960701
2024-08-20 10:06:09,21950.0,400,Sell,232960744
2024-08-20 10:06:09,21950.0,600,Sell,232960742
2024-08-20 10:06:09,21950.0,200,Sell,232960741
2024-08-20 10:06:09,21950.0,300,Sell,232960743
2024-08-20 10:06:11,21950.0,100,Sell,232960801
2024-08-20 10:06:12,21950.0,500,Sell,232960814
2024-08-20 10:06:12,21950.0,300,Sell,232960815
2024-08-20 10:06:12,21950.0,200,Sell,232960816
2024-08-20 10:06:13,21950.0,100,Sell,232960851
2024-08-20 10:06:13,21950.0,100,Sell,232960852
2024-08-20 10:06:13,21950.0,300,Sell,232960853
2024-08-20 10:06:13,21950.0,500,Sell,232960854
2024-08-20 10:06:19,21950.0,2400,Sell,232961008
2024-08-20 10:06:19,21950.0,600,Sell,232961009
2024-08-20 10:06:20,21950.0,400,Sell,232961034
2024-08-20 10:06:20,21950.0,300,Sell,232961035
2024-08-20 10:06:21,21950.0,200,Sell,232961044
2024-08-20 10:06:21,21950.0,200,Sell,232961042
2024-08-20 10:06:21,21950.0,100,Sell,232961043
2024-08-20 10:06:23,21950.0,1100,Sell,232961100
2024-08-20 10:06:23,21950.0,1000,Sell,232961101
2024-08-20 10:06:23,21950.0,4100,Sell,232961102
2024-08-20 10:06:23,21950.0,22700,Sell,232961103
2024-08-20 10:06:23,21950.0,300,Sell,232961104
2024-08-20 10:06:26,21950.0,800,Buy,232961191
2024-08-20 10:06:30,21950.0,2000,Buy,232961293
2024-08-20 10:06:31,21950.0,1000,Buy,232961349
2024-08-20 10:06:42,21950.0,300,Buy,232961645
2024-08-20 10:07:03,21950.0,400,Buy,232962153
2024-08-20 10:07:07,21950.0,1000,Buy,232962293
2024-08-20 10:07:15,21900.0,100,Sell,232962456
2024-08-20 10:07:23,21950.0,200,Buy,232962582
2024-08-20 10:07:44,21950.0,1000,Buy,232963047
2024-08-20 10:07:51,21950.0,200,Buy,232963220
2024-08-20 10:08:05,21950.0,400,Buy,232963558
2024-08-20 10:08:06,21950.0,2000,Buy,232963584
2024-08-20 10:08:21,21950.0,1000,Buy,232963981
2024-08-20 10:08:33,21950.0,700,Buy,232964203
2024-08-20 10:08:56,21950.0,500,Buy,232964742
2024-08-20 10:08:57,21950.0,1000,Buy,232964806
2024-08-20 10:09:08,21950.0,22700,Buy,232965121
2024-08-20 10:09:31,21950.0,200,Buy,232965646
2024-08-20 10:09:33,21950.0,100,Buy,232965665
2024-08-20 10:09:33,21950.0,200,Buy,232965671
2024-08-20 10:09:34,21950.0,1000,Buy,232965688
2024-08-20 10:09:55,21900.0,400,Sell,232966315
2024-08-20 10:09:55,21900.0,100,Sell,232966314
2024-08-20 10:09:55,21900.0,100,Sell,232966313
2024-08-20 10:09:55,21900.0,300,Sell,232966312
2024-08-20 10:09:55,21900.0,1600,Sell,232966308
2024-08-20 10:09:55,21900.0,200,Sell,232966310
2024-08-20 10:09:55,21900.0,300,Sell,232966309
2024-08-20 10:09:55,21900.0,3000,Sell,232966307
2024-08-20 10:09:55,21900.0,900,Sell,232966306
2024-08-20 10:09:55,21900.0,1000,Sell,232966311
2024-08-20 10:09:56,21900.0,7900,Sell,232966365
2024-08-20 10:10:03,21900.0,5000,Sell,232966657
2024-08-20 10:10:03,21900.0,200,Sell,232966661
2024-08-20 10:10:03,21900.0,400,Sell,232966659
2024-08-20 10:10:03,21900.0,500,Sell,232966658
2024-08-20 10:10:03,21900.0,1000,Sell,232966656
2024-08-20 10:10:03,21900.0,200,Sell,232966660
2024-08-20 10:10:03,21900.0,200,Sell,232966654
2024-08-20 10:10:03,21900.0,300,Sell,232966653
2024-08-20 10:10:03,21900.0,100,Sell,232966652
2024-08-20 10:10:03,21900.0,200,Sell,232966655
2024-08-20 10:10:03,21900.0,200,Sell,232966651
2024-08-20 10:10:03,21900.0,1700,Sell,232966650
2024-08-20 10:10:05,21900.0,900,Sell,232966687
2024-08-20 10:10:12,21900.0,100,Sell,232966891
2024-08-20 10:10:19,21900.0,1800,Sell,232967012
2024-08-20 10:10:42,21900.0,200,Sell,232967690
2024-08-20 10:10:43,21900.0,500,Sell,232967707
2024-08-20 10:11:17,21900.0,500,Sell,232968583
2024-08-20 10:11:22,21900.0,1000,Sell,232968747
2024-08-20 10:11:24,21950.0,200,Buy,232968778
2024-08-20 10:11:48,21900.0,200,Sell,232969626
2024-08-20 10:11:48,21900.0,1300,Sell,232969629
2024-08-20 10:11:48,21900.0,1000,Sell,232969627
2024-08-20 10:11:48,21900.0,200,Sell,232969625
2024-08-20 10:11:48,21900.0,900,Sell,232969628
2024-08-20 10:11:48,21900.0,200,Sell,232969623
2024-08-20 10:11:48,21900.0,200,Sell,232969624
2024-08-20 10:11:48,21900.0,100,Sell,232969620
2024-08-20 10:11:48,21900.0,14800,Sell,232969619
2024-08-20 10:11:48,21900.0,100,Sell,232969621
2024-08-20 10:11:48,21900.0,1000,Sell,232969622
2024-08-20 10:11:53,21900.0,3700,Sell,232969846
2024-08-20 10:11:53,21900.0,3500,Sell,232969847
2024-08-20 10:12:08,21900.0,100,Sell,232970214
2024-08-20 10:12:15,21900.0,100,Sell,232970462
2024-08-20 10:12:15,21900.0,500,Sell,232970467
2024-08-20 10:12:15,21900.0,1000,Sell,232970466
2024-08-20 10:12:15,21900.0,3000,Sell,232970465
2024-08-20 10:12:15,21900.0,100,Sell,232970464
2024-08-20 10:12:15,21900.0,200,Sell,232970463
2024-08-20 10:12:15,21900.0,100,Sell,232970468
2024-08-20 10:12:15,21900.0,500,Sell,232970461
2024-08-20 10:12:15,21900.0,200,Sell,232970458
2024-08-20 10:12:15,21900.0,300,Sell,232970459
2024-08-20 10:12:15,21900.0,1000,Sell,232970453
2024-08-20 10:12:15,21900.0,300,Sell,232970457
2024-08-20 10:12:15,21900.0,500,Sell,232970456
2024-08-20 10:12:15,21900.0,10000,Sell,232970455
2024-08-20 10:12:15,21900.0,100,Sell,232970454
2024-08-20 10:12:15,21900.0,100,Sell,232970469
2024-08-20 10:12:15,21900.0,1000,Sell,232970460
2024-08-20 10:12:15,21900.0,400,Sell,232970470
2024-08-20 10:12:15,21900.0,100,Sell,232970485
2024-08-20 10:12:15,21900.0,200,Sell,232970473
2024-08-20 10:12:15,21900.0,500,Sell,232970452
2024-08-20 10:12:15,21900.0,1000,Sell,232970491
2024-08-20 10:12:15,21900.0,100,Sell,232970490
2024-08-20 10:12:15,21900.0,100,Sell,232970488
2024-08-20 10:12:15,21900.0,1000,Sell,232970487
2024-08-20 10:12:15,21900.0,200,Sell,232970486
2024-08-20 10:12:15,21900.0,100,Sell,232970484
2024-08-20 10:12:15,21900.0,1000,Sell,232970483
2024-08-20 10:12:15,21900.0,200,Sell,232970482
2024-08-20 10:12:15,21900.0,200,Sell,232970481
2024-08-20 10:12:15,21900.0,500,Sell,232970480
2024-08-20 10:12:15,21900.0,100,Sell,232970479
2024-08-20 10:12:15,21900.0,500,Sell,232970478
2024-08-20 10:12:15,21900.0,300,Sell,232970477
2024-08-20 10:12:15,21900.0,100,Sell,232970476
2024-08-20 10:12:15,21900.0,1000,Sell,232970475
2024-08-20 10:12:15,21900.0,200,Sell,232970474
2024-08-20 10:12:15,21900.0,1900,Sell,232970472
2024-08-20 10:12:15,21900.0,1000,Sell,232970451
2024-08-20 10:12:15,21900.0,500,Sell,232970413
2024-08-20 10:12:15,21900.0,100,Sell,232970449
2024-08-20 10:12:15,21900.0,100,Sell,232970427
2024-08-20 10:12:15,21900.0,500,Sell,232970426
2024-08-20 10:12:15,21900.0,1000,Sell,232970425
2024-08-20 10:12:15,21900.0,2300,Sell,232970424
2024-08-20 10:12:15,21900.0,1000,Sell,232970422
2024-08-20 10:12:15,21900.0,2900,Sell,232970450
2024-08-20 10:12:15,21900.0,300,Sell,232970420
2024-08-20 10:12:15,21900.0,2000,Sell,232970419
2024-08-20 10:12:15,21900.0,100,Sell,232970418
2024-08-20 10:12:15,21900.0,2000,Sell,232970417
2024-08-20 10:12:15,21900.0,1000,Sell,232970416
2024-08-20 10:12:15,21900.0,1000,Sell,232970415
2024-08-20 10:12:15,21900.0,1000,Sell,232970414
2024-08-20 10:12:15,21900.0,4000,Sell,232970412
2024-08-20 10:12:15,21900.0,200,Sell,232970411
2024-08-20 10:12:15,21900.0,1000,Sell,232970410
2024-08-20 10:12:15,21900.0,1400,Sell,232970409
2024-08-20 10:12:15,21900.0,100,Sell,232970428
2024-08-20 10:12:15,21900.0,1900,Sell,232970429
2024-08-20 10:12:15,21900.0,1000,Sell,232970421
2024-08-20 10:12:15,21900.0,1000,Sell,232970431
2024-08-20 10:12:15,21900.0,10000,Sell,232970448
2024-08-20 10:12:15,21900.0,1000,Sell,232970447
2024-08-20 10:12:15,21900.0,1000,Sell,232970430
2024-08-20 10:12:15,21900.0,8000,Sell,232970445
2024-08-20 10:12:15,21900.0,700,Sell,232970444
2024-08-20 10:12:15,21900.0,200,Sell,232970443
2024-08-20 10:12:15,21900.0,500,Sell,232970442
2024-08-20 10:12:15,21900.0,100,Sell,232970441
2024-08-20 10:12:15,21900.0,3000,Sell,232970446
2024-08-20 10:12:15,21900.0,500,Sell,232970439
2024-08-20 10:12:15,21900.0,2000,Sell,232970438
2024-08-20 10:12:15,21900.0,5000,Sell,232970437
2024-08-20 10:12:15,21900.0,200,Sell,232970436
2024-08-20 10:12:15,21900.0,500,Sell,232970432
2024-08-20 10:12:15,21900.0,3000,Sell,232970435
2024-08-20 10:12:15,21900.0,200,Sell,232970434
2024-08-20 10:12:15,21900.0,6000,Sell,232970433
2024-08-20 10:12:15,21900.0,100,Sell,232970440
2024-08-20 10:12:24,21900.0,27000,Buy,232970735
2024-08-20 10:12:36,21900.0,5000,Buy,232971188
2024-08-20 10:12:38,21900.0,1000,Buy,232971245
2024-08-20 10:12:50,21900.0,100,Buy,232971561
2024-08-20 10:12:50,21900.0,7600,Buy,232971572
2024-08-20 10:12:58,21900.0,2000,Buy,232971789
2024-08-20 10:13:11,21900.0,300,Buy,232972175
2024-08-20 10:13:14,21900.0,1000,Buy,232972251
2024-08-20 10:13:14,21900.0,200,Buy,232972253
2024-08-20 10:13:21,21900.0,2000,Buy,232972479
2024-08-20 10:13:24,21850.0,200,Sell,232972583
2024-08-20 10:13:24,21850.0,1000,Sell,232972586
2024-08-20 10:13:24,21850.0,3000,Sell,232972585
2024-08-20 10:13:24,21850.0,1000,Sell,232972584
2024-08-20 10:13:24,21850.0,2000,Sell,232972582
2024-08-20 10:13:24,21850.0,100,Sell,232972581
2024-08-20 10:13:24,21850.0,1000,Sell,232972574
2024-08-20 10:13:24,21850.0,200,Sell,232972575
2024-08-20 10:13:24,21850.0,500,Sell,232972576
2024-08-20 10:13:24,21850.0,10000,Sell,232972580
2024-08-20 10:13:24,21850.0,10000,Sell,232972578
2024-08-20 10:13:24,21850.0,100,Sell,232972579
2024-08-20 10:13:24,21850.0,500,Sell,232972577
2024-08-20 10:13:25,21850.0,9000,Sell,232972602
2024-08-20 10:13:25,21850.0,1000,Sell,232972601
2024-08-20 10:13:25,21850.0,2000,Sell,232972600
2024-08-20 10:13:25,21850.0,300,Sell,232972599
2024-08-20 10:13:25,21850.0,500,Sell,232972598
2024-08-20 10:13:25,21850.0,2000,Sell,232972597
2024-08-20 10:13:25,21850.0,300,Sell,232972596
2024-08-20 10:13:25,21850.0,300,Sell,232972593
2024-08-20 10:13:25,21850.0,400,Sell,232972592
2024-08-20 10:13:25,21850.0,2500,Sell,232972591
2024-08-20 10:13:25,21850.0,1000,Sell,232972590
2024-08-20 10:13:25,21850.0,100,Sell,232972595
2024-08-20 10:13:25,21850.0,1000,Sell,232972594
2024-08-20 10:13:29,21900.0,100,Buy,232972657
2024-08-20 10:13:51,21900.0,1000,Buy,232973118
2024-08-20 10:14:03,21900.0,30000,Buy,232973347
2024-08-20 10:14:14,21900.0,200,Buy,232973553
2024-08-20 10:14:24,21900.0,500,Buy,232973753
2024-08-20 10:14:28,21900.0,1000,Buy,232973885
2024-08-20 10:14:37,21900.0,2700,Buy,232974266
2024-08-20 10:14:44,21850.0,100,Sell,232974510
2024-08-20 10:14:57,21900.0,10000,Buy,232974763
2024-08-20 10:15:02,21900.0,30000,Buy,232974853
2024-08-20 10:15:05,21900.0,1000,Buy,232974920
2024-08-20 10:15:22,21850.0,7900,Sell,232975538
2024-08-20 10:15:22,21900.0,100,Buy,232975568
2024-08-20 10:15:32,21900.0,2000,Buy,232975797
2024-08-20 10:15:41,21900.0,1000,Buy,232975961
2024-08-20 10:15:43,21850.0,2000,Sell,232975993
2024-08-20 10:15:46,21900.0,10000,Buy,232976072
2024-08-20 10:15:57,21850.0,100,Sell,232976410
2024-08-20 10:16:01,21900.0,2000,Buy,232976485
2024-08-20 10:16:09,21900.0,8100,Buy,232976734
2024-08-20 10:16:09,21900.0,2000,Buy,232976731
2024-08-20 10:16:09,21900.0,100,Buy,232976732
2024-08-20 10:16:09,21900.0,4000,Buy,232976730
2024-08-20 10:16:09,21900.0,2000,Buy,232976733
2024-08-20 10:16:09,21900.0,600,Buy,232976728
2024-08-20 10:16:09,21900.0,4000,Buy,232976727
2024-08-20 10:16:09,21900.0,100,Buy,232976726
2024-08-20 10:16:09,21900.0,7600,Buy,232976725
2024-08-20 10:16:09,21900.0,1500,Buy,232976729
2024-08-20 10:16:18,21900.0,1000,Buy,232976935
2024-08-20 10:16:20,21900.0,300,Buy,232976982
2024-08-20 10:16:47,21900.0,600,Buy,232977607
2024-08-20 10:16:47,21900.0,200,Buy,232977608
2024-08-20 10:16:55,21900.0,1000,Buy,232977792
2024-08-20 10:16:57,21900.0,15900,Buy,232977843
2024-08-20 10:16:57,21900.0,1000,Buy,232977844
2024-08-20 10:16:57,21900.0,2000,Buy,232977845
2024-08-20 10:16:57,21900.0,1000,Buy,232977846
2024-08-20 10:16:57,21900.0,100,Buy,232977847
2024-08-20 10:16:57,21900.0,600,Buy,232977851
2024-08-20 10:16:57,21900.0,500,Buy,232977849
2024-08-20 10:16:57,21900.0,500,Buy,232977850
2024-08-20 10:16:57,21900.0,100,Buy,232977842
2024-08-20 10:16:57,21900.0,100,Buy,232977852
2024-08-20 10:16:57,21900.0,6500,Buy,232977853
2024-08-20 10:16:57,21900.0,500,Buy,232977848
2024-08-20 10:16:57,21900.0,1000,Buy,232977841
2024-08-20 10:16:57,21900.0,2000,Buy,232977837
2024-08-20 10:16:57,21900.0,1000,Buy,232977839
2024-08-20 10:16:57,21900.0,4000,Buy,232977838
2024-08-20 10:16:57,21900.0,1000,Buy,232977836
2024-08-20 10:16:57,21900.0,500,Buy,232977835
2024-08-20 10:16:57,21900.0,33800,Buy,232977834
2024-08-20 10:16:57,21900.0,1500,Buy,232977833
2024-08-20 10:16:57,21900.0,1000,Buy,232977832
2024-08-20 10:16:57,21900.0,100,Buy,232977831
2024-08-20 10:16:57,21900.0,600,Buy,232977830
2024-08-20 10:16:57,21900.0,100,Buy,232977829
2024-08-20 10:16:57,21900.0,23700,Buy,232977828
2024-08-20 10:16:57,21900.0,100,Buy,232977827
2024-08-20 10:16:57,21900.0,900,Buy,232977840
2024-08-20 10:17:02,21900.0,5000,Buy,232977961
2024-08-20 10:17:16,21900.0,1000,Sell,232978278
2024-08-20 10:17:16,21900.0,3700,Buy,232978265
2024-08-20 10:17:16,21900.0,500,Buy,232978264
2024-08-20 10:17:16,21900.0,7900,Buy,232978262
2024-08-20 10:17:16,21900.0,1000,Buy,232978261
2024-08-20 10:17:16,21900.0,2600,Buy,232978260
2024-08-20 10:17:16,21900.0,1000,Buy,232978263
2024-08-20 10:17:32,21900.0,200,Sell,232978610
2024-08-20 10:18:00,21900.0,500,Sell,232979232
2024-08-20 10:18:13,21900.0,600,Sell,232979566
2024-08-20 10:18:18,21900.0,900,Sell,232979643
2024-08-20 10:18:34,21900.0,3500,Sell,232980048
2024-08-20 10:18:34,21900.0,100,Sell,232980045
2024-08-20 10:18:34,21900.0,100,Sell,232980046
2024-08-20 10:18:34,21900.0,300,Sell,232980047
2024-08-20 10:18:47,21900.0,100,Sell,232980354
2024-08-20 10:19:14,21950.0,600,Buy,232980941
2024-08-20 10:19:22,21950.0,1000,Buy,232981112
2024-08-20 10:19:58,21950.0,1000,Buy,232981844
2024-08-20 10:20:10,21950.0,200,Buy,232982146
2024-08-20 10:20:29,21950.0,2000,Buy,232982795
2024-08-20 10:20:35,21950.0,1000,Buy,232982906
2024-08-20 10:20:38,21950.0,100,Buy,232982989
2024-08-20 10:20:41,21950.0,1000,Buy,232983064
2024-08-20 10:20:56,21950.0,700,Buy,232983388
2024-08-20 10:21:02,21950.0,1000,Buy,232983495
2024-08-20 10:21:09,21950.0,100,Buy,232983700
2024-08-20 10:21:12,21950.0,1000,Buy,232983757
2024-08-20 10:21:20,21950.0,200,Buy,232983900
2024-08-20 10:21:23,21950.0,11000,Buy,232983953
2024-08-20 10:21:48,21950.0,1000,Buy,232984485
2024-08-20 10:21:53,21900.0,1000,Sell,232984564
2024-08-20 10:22:01,21900.0,100,Sell,232984715
2024-08-20 10:22:22,21900.0,500,Sell,232985168
2024-08-20 10:22:27,21900.0,10000,Sell,232985249
2024-08-20 10:23:01,21900.0,100,Sell,232985971
2024-08-20 10:23:12,21950.0,100,Buy,232986266
2024-08-20 10:23:17,21900.0,100,Sell,232986389
2024-08-20 10:23:41,21900.0,100,Sell,232986761
2024-08-20 10:23:45,21900.0,600,Sell,232986817
2024-08-20 10:23:55,21900.0,26500,Sell,232987002
2024-08-20 10:23:59,21900.0,4000,Sell,232987048
2024-08-20 10:23:59,21900.0,3400,Sell,232987056
2024-08-20 10:23:59,21900.0,800,Sell,232987057
2024-08-20 10:24:28,21950.0,1000,Buy,232987565
2024-08-20 10:24:52,21950.0,1000,Buy,232988099
2024-08-20 10:25:11,21950.0,2000,Buy,232988462
2024-08-20 10:25:29,21950.0,1000,Buy,232988742
2024-08-20 10:26:05,21950.0,1000,Buy,232989440
2024-08-20 10:26:29,21900.0,10000,Sell,232989910
2024-08-20 10:26:31,21900.0,500,Sell,232989958
2024-08-20 10:26:40,21900.0,100,Sell,232990090
2024-08-20 10:26:51,21900.0,200,Sell,232990239
2024-08-20 10:27:54,21900.0,600,Sell,232991299
2024-08-20 10:28:07,21900.0,100,Sell,232991537
2024-08-20 10:28:22,21900.0,100,Sell,232991889
2024-08-20 10:29:08,21900.0,100,Sell,232992964
2024-08-20 10:29:13,21900.0,1000,Sell,232993063
2024-08-20 10:29:17,21900.0,600,Sell,232993196
2024-08-20 10:29:32,21900.0,1000,Sell,232993510
2024-08-20 10:29:57,21900.0,1000,Sell,232994481
2024-08-20 10:30:02,21900.0,300,Sell,232994559
2024-08-20 10:30:14,21900.0,500,Sell,232994929
2024-08-20 10:30:20,21950.0,800,Buy,232995038
2024-08-20 10:30:20,21950.0,600,Buy,232995037
2024-08-20 10:30:20,21950.0,500,Buy,232995036
2024-08-20 10:30:20,21950.0,8100,Buy,232995035
2024-08-20 10:30:20,21950.0,10000,Buy,232995024
2024-08-20 10:30:20,21950.0,10000,Buy,232995023
2024-08-20 10:30:20,21950.0,10000,Buy,232995030
2024-08-20 10:30:20,21950.0,1900,Buy,232995021
2024-08-20 10:30:20,21950.0,1000,Buy,232995020
2024-08-20 10:30:20,21950.0,100,Buy,232995019
2024-08-20 10:30:20,21950.0,200,Buy,232995018
2024-08-20 10:30:20,21950.0,500,Buy,232995017
2024-08-20 10:30:20,21950.0,6300,Buy,232995016
2024-08-20 10:30:20,21950.0,10000,Buy,232995022
2024-08-20 10:30:21,21950.0,9200,Buy,232995048
2024-08-20 10:30:21,21950.0,800,Buy,232995049
2024-08-20 10:30:22,21950.0,5900,Buy,232995095
2024-08-20 10:30:22,21950.0,4100,Buy,232995093
2024-08-20 10:30:22,21950.0,200,Buy,232995092
2024-08-20 10:30:22,21950.0,500,Buy,232995091
2024-08-20 10:30:22,21950.0,400,Buy,232995085
2024-08-20 10:30:22,21950.0,300,Buy,232995088
2024-08-20 10:30:22,21950.0,1500,Buy,232995087
2024-08-20 10:30:22,21950.0,500,Buy,232995086
2024-08-20 10:30:22,21950.0,600,Buy,232995096
2024-08-20 10:30:22,21950.0,200,Buy,232995090
2024-08-20 10:30:22,21950.0,2000,Buy,232995097
2024-08-20 10:30:22,21950.0,2100,Buy,232995084
2024-08-20 10:30:22,21950.0,1100,Buy,232995099
2024-08-20 10:30:22,21950.0,1000,Buy,232995100
2024-08-20 10:30:22,21950.0,900,Buy,232995101
2024-08-20 10:30:22,21950.0,200,Buy,232995102
2024-08-20 10:30:22,21950.0,1000,Buy,232995103
2024-08-20 10:30:22,21950.0,1500,Buy,232995104
2024-08-20 10:30:22,21950.0,6400,Buy,232995105
2024-08-20 10:30:22,21950.0,1500,Buy,232995124
2024-08-20 10:30:22,21950.0,6900,Buy,232995125
2024-08-20 10:30:22,21950.0,1600,Buy,232995126
2024-08-20 10:30:22,21950.0,10000,Buy,232995127
2024-08-20 10:30:22,21950.0,400,Buy,232995098
2024-08-20 10:30:22,21950.0,2900,Buy,232995083
2024-08-20 10:30:22,21950.0,200,Buy,232995089
2024-08-20 10:30:22,21950.0,100,Buy,232995081
2024-08-20 10:30:22,21950.0,3000,Buy,232995082
2024-08-20 10:30:22,21950.0,500,Buy,232995053
2024-08-20 10:30:22,21950.0,400,Buy,232995054
2024-08-20 10:30:22,21950.0,300,Buy,232995055
2024-08-20 10:30:22,21950.0,100,Buy,232995056
2024-08-20 10:30:22,21950.0,600,Buy,232995057
2024-08-20 10:30:22,21950.0,3000,Buy,232995058
2024-08-20 10:30:22,21950.0,400,Buy,232995060
2024-08-20 10:30:22,21950.0,400,Buy,232995061
2024-08-20 10:30:22,21950.0,1000,Buy,232995062
2024-08-20 10:30:22,21950.0,1000,Buy,232995063
2024-08-20 10:30:22,21950.0,500,Buy,232995064
2024-08-20 10:30:22,21950.0,500,Buy,232995059
2024-08-20 10:30:22,21950.0,100,Buy,232995066
2024-08-20 10:30:22,21950.0,500,Buy,232995065
2024-08-20 10:30:22,21950.0,1000,Buy,232995075
2024-08-20 10:30:22,21950.0,200,Buy,232995074
2024-08-20 10:30:22,21950.0,200,Buy,232995073
2024-08-20 10:30:22,21950.0,100,Buy,232995072
2024-08-20 10:30:22,21950.0,4200,Buy,232995052
2024-08-20 10:30:22,21950.0,4000,Buy,232995080
2024-08-20 10:30:22,21950.0,600,Buy,232995070
2024-08-20 10:30:22,21950.0,1000,Buy,232995069
2024-08-20 10:30:22,21950.0,100,Buy,232995068
2024-08-20 10:30:22,21950.0,3000,Buy,232995067
2024-08-20 10:30:22,21950.0,300,Buy,232995071
2024-08-20 10:30:23,21950.0,900,Buy,232995159
2024-08-20 10:30:23,21950.0,200,Buy,232995160
2024-08-20 10:30:23,21950.0,600,Buy,232995161
2024-08-20 10:30:23,21950.0,400,Buy,232995163
2024-08-20 10:30:23,21950.0,1000,Buy,232995164
2024-08-20 10:30:23,21950.0,3100,Buy,232995167
2024-08-20 10:30:23,21950.0,5100,Buy,232995166
2024-08-20 10:30:23,21950.0,10000,Buy,232995175
2024-08-20 10:30:23,21950.0,1900,Buy,232995176
2024-08-20 10:30:23,21950.0,8100,Buy,232995177
2024-08-20 10:30:23,21950.0,400,Buy,232995165
2024-08-20 10:30:23,21950.0,600,Buy,232995158
2024-08-20 10:30:23,21950.0,10000,Buy,232995168
2024-08-20 10:30:23,21950.0,100,Buy,232995156
2024-08-20 10:30:23,21950.0,7500,Buy,232995155
2024-08-20 10:30:23,21950.0,10000,Buy,232995153
2024-08-20 10:30:23,21950.0,7500,Buy,232995152
2024-08-20 10:30:23,21950.0,500,Buy,232995151
2024-08-20 10:30:23,21950.0,2000,Buy,232995150
2024-08-20 10:30:23,21950.0,10000,Buy,232995149
2024-08-20 10:30:23,21950.0,8000,Buy,232995148
2024-08-20 10:30:23,21950.0,5300,Buy,232995144
2024-08-20 10:30:23,21950.0,700,Buy,232995147
2024-08-20 10:30:23,21950.0,1300,Buy,232995146
2024-08-20 10:30:23,21950.0,4700,Buy,232995145
2024-08-20 10:30:23,21950.0,100,Buy,232995157
2024-08-20 10:30:28,21950.0,100,Buy,232995286
2024-08-20 10:30:28,21950.0,600,Buy,232995285
2024-08-20 10:30:28,21950.0,100,Buy,232995284
2024-08-20 10:30:28,21950.0,2000,Buy,232995283
2024-08-20 10:30:28,21950.0,300,Buy,232995282
2024-08-20 10:30:28,21950.0,1900,Buy,232995281
2024-08-20 10:30:37,21950.0,100,Buy,232995448
2024-08-20 10:30:37,21950.0,3800,Buy,232995449
2024-08-20 10:30:37,21950.0,1100,Buy,232995450
2024-08-20 10:30:42,21950.0,200,Buy,232995568
2024-08-20 10:30:42,21950.0,2700,Buy,232995579
2024-08-20 10:30:42,21950.0,2300,Buy,232995580
2024-08-20 10:30:44,21950.0,500,Buy,232995688
2024-08-20 10:30:59,21950.0,1000,Buy,232995999
2024-08-20 10:31:08,21950.0,1200,Buy,232996119
2024-08-20 10:31:08,21950.0,800,Buy,232996120
2024-08-20 10:31:20,21950.0,100,Buy,232996337
2024-08-20 10:31:20,21950.0,200,Buy,232996336
2024-08-20 10:31:20,21950.0,300,Buy,232996333
2024-08-20 10:31:20,21950.0,500,Buy,232996334
2024-08-20 10:31:20,21950.0,1500,Buy,232996335
2024-08-20 10:31:29,21950.0,500,Sell,232996501
2024-08-20 10:32:03,21950.0,600,Sell,232996976
2024-08-20 10:32:06,21950.0,500,Sell,232997023
2024-08-20 10:32:10,21950.0,800,Sell,232997211
2024-08-20 10:32:15,21950.0,100,Sell,232997293
2024-08-20 10:32:24,21950.0,10000,Sell,232997439
2024-08-20 10:32:29,21950.0,100,Sell,232997518
2024-08-20 10:32:32,21950.0,4800,Sell,232997563
2024-08-20 10:32:32,21950.0,200,Sell,232997564
2024-08-20 10:32:34,21950.0,3000,Sell,232997606
2024-08-20 10:32:39,21950.0,200,Sell,232997756
2024-08-20 10:32:39,21950.0,1800,Sell,232997755
2024-08-20 10:32:41,21950.0,8000,Sell,232997805
2024-08-20 10:32:49,21950.0,100,Sell,232998022
2024-08-20 10:32:49,21950.0,200,Sell,232998024
2024-08-20 10:32:52,21950.0,1300,Sell,232998064
2024-08-20 10:32:52,21950.0,3000,Sell,232998071
2024-08-20 10:33:05,21950.0,6000,Sell,232998284
2024-08-20 10:33:11,21950.0,500,Sell,232998459
2024-08-20 10:33:13,21950.0,700,Sell,232998486
2024-08-20 10:33:13,21950.0,1000,Sell,232998487
2024-08-20 10:33:13,21950.0,800,Sell,232998488
2024-08-20 10:33:20,21950.0,500,Sell,232998594
2024-08-20 10:33:20,21950.0,1000,Sell,232998593
2024-08-20 10:33:20,21950.0,5000,Sell,232998590
2024-08-20 10:33:20,21950.0,200,Sell,232998591
2024-08-20 10:33:20,21950.0,200,Sell,232998592
2024-08-20 10:33:20,21950.0,200,Sell,232998589
2024-08-20 10:33:26,21950.0,1000,Buy,232998659
2024-08-20 10:34:04,21950.0,1000,Buy,232999301
2024-08-20 10:34:09,21950.0,900,Buy,232999373
2024-08-20 10:34:09,21950.0,500,Buy,232999374
2024-08-20 10:34:09,21950.0,100,Buy,232999375
2024-08-20 10:34:16,21950.0,2000,Buy,232999455
2024-08-20 10:34:39,21950.0,1000,Buy,232999751
2024-08-20 10:34:47,21950.0,2800,Buy,232999897
2024-08-20 10:35:00,21950.0,300,Buy,233000097
2024-08-20 10:35:04,21950.0,600,Buy,233000170
2024-08-20 10:35:04,21950.0,800,Buy,233000171
2024-08-20 10:35:04,21950.0,1000,Buy,233000169
2024-08-20 10:35:16,21950.0,200,Buy,233000374
2024-08-20 10:35:16,21950.0,800,Buy,233000375
2024-08-20 10:35:29,21900.0,900,Sell,233000635
2024-08-20 10:35:37,21900.0,300,Sell,233000741
2024-08-20 10:36:09,21950.0,200,Buy,233001281
2024-08-20 10:36:09,21950.0,1500,Buy,233001282
2024-08-20 10:36:09,21950.0,700,Buy,233001283
2024-08-20 10:36:30,21950.0,200,Buy,233001742
2024-08-20 10:36:30,21950.0,800,Buy,233001741
2024-08-20 10:36:44,21950.0,100,Buy,233001938
2024-08-20 10:36:51,21900.0,300,Sell,233002037
2024-08-20 10:37:27,21900.0,200,Sell,233002660
2024-08-20 10:37:35,21950.0,1000,Buy,233002762
2024-08-20 10:37:43,21950.0,200,Buy,233002852
2024-08-20 10:37:43,21950.0,800,Buy,233002853
2024-08-20 10:37:44,21950.0,500,Buy,233002866
2024-08-20 10:38:20,21950.0,200,Buy,233003389
2024-08-20 10:38:20,21950.0,500,Buy,233003390
2024-08-20 10:38:20,21950.0,300,Buy,233003391
2024-08-20 10:38:50,21900.0,300,Sell,233003843
2024-08-20 10:38:58,21900.0,600,Sell,233003942
2024-08-20 10:39:00,21950.0,4100,Buy,233004064
2024-08-20 10:39:00,21950.0,2000,Buy,233004063
2024-08-20 10:39:00,21950.0,100,Buy,233004062
2024-08-20 10:39:00,21950.0,100,Buy,233004061
2024-08-20 10:39:00,21950.0,500,Buy,233004060
2024-08-20 10:39:00,21950.0,6800,Buy,233004059
2024-08-20 10:39:00,21950.0,200,Buy,233004058
2024-08-20 10:39:00,21950.0,100,Buy,233004056
2024-08-20 10:39:00,21950.0,500,Buy,233004055
2024-08-20 10:39:00,21950.0,100,Buy,233004057
2024-08-20 10:39:00,21950.0,100,Buy,233004053
2024-08-20 10:39:00,21950.0,100,Buy,233004052
2024-08-20 10:39:00,21950.0,100,Buy,233004051
2024-08-20 10:39:00,21950.0,2000,Buy,233004050
2024-08-20 10:39:00,21950.0,300,Buy,233004049
2024-08-20 10:39:00,21950.0,300,Buy,233004048
2024-08-20 10:39:00,21950.0,600,Buy,233004047
2024-08-20 10:39:00,21950.0,1000,Buy,233004046
2024-08-20 10:39:00,21950.0,900,Buy,233004045
2024-08-20 10:39:00,21950.0,100,Buy,233004054
2024-08-20 10:39:33,21950.0,1000,Buy,233004660
2024-08-20 10:39:52,21900.0,500,Sell,233004852
2024-08-20 10:39:54,21950.0,100,Buy,233004892
2024-08-20 10:39:56,21950.0,10000,Buy,233004925
2024-08-20 10:39:56,21950.0,4200,Buy,233004924
2024-08-20 10:39:56,21950.0,1000,Buy,233004923
2024-08-20 10:39:56,21950.0,10000,Buy,233004921
2024-08-20 10:39:56,21950.0,10000,Buy,233004917
2024-08-20 10:39:56,21950.0,10000,Buy,233004916
2024-08-20 10:39:56,21950.0,4800,Buy,233004922
2024-08-20 10:39:57,21950.0,100,Buy,233004946
2024-08-20 10:39:57,21950.0,2200,Buy,233004954
2024-08-20 10:39:57,21950.0,2000,Buy,233004953
2024-08-20 10:39:57,21950.0,1000,Buy,233004952
2024-08-20 10:39:57,21950.0,200,Buy,233004951
2024-08-20 10:39:57,21950.0,300,Buy,233004950
2024-08-20 10:39:57,21950.0,500,Buy,233004949
2024-08-20 10:39:57,21950.0,3800,Buy,233004948
2024-08-20 10:39:57,21950.0,6200,Buy,233004947
2024-08-20 10:39:57,21950.0,500,Buy,233004945
2024-08-20 10:39:57,21950.0,6500,Buy,233004937
2024-08-20 10:39:57,21950.0,200,Buy,233004943
2024-08-20 10:39:57,21950.0,10000,Buy,233004926
2024-08-20 10:39:57,21950.0,1000,Buy,233004944
2024-08-20 10:39:57,21950.0,100,Buy,233004928
2024-08-20 10:39:57,21950.0,600,Buy,233004929
2024-08-20 10:39:57,21950.0,5800,Buy,233004927
2024-08-20 10:39:57,21950.0,3500,Buy,233004938
2024-08-20 10:39:57,21950.0,500,Buy,233004940
2024-08-20 10:39:57,21950.0,500,Buy,233004941
2024-08-20 10:39:57,21950.0,1000,Buy,233004942
2024-08-20 10:39:57,21950.0,3500,Buy,233004930
2024-08-20 10:40:01,21950.0,1000,Buy,233004990
2024-08-20 10:40:10,21950.0,1000,Buy,233005097
2024-08-20 10:40:26,21950.0,100,Buy,233005303
2024-08-20 10:40:32,21950.0,2000,Buy,233005361
2024-08-20 10:40:44,21950.0,10000,Buy,233005535
2024-08-20 10:40:44,21950.0,10000,Buy,233005534
2024-08-20 10:40:44,21950.0,10000,Buy,233005533
2024-08-20 10:40:44,21950.0,10000,Buy,233005528
2024-08-20 10:40:44,21950.0,10000,Buy,233005531
2024-08-20 10:40:44,21950.0,10000,Buy,233005527
2024-08-20 10:40:44,21950.0,10000,Buy,233005532
2024-08-20 10:40:44,21950.0,10000,Buy,233005529
2024-08-20 10:40:47,21950.0,1000,Buy,233005559
2024-08-20 10:40:48,21950.0,10000,Buy,233005593
2024-08-20 10:40:48,21950.0,10000,Buy,233005590
2024-08-20 10:40:49,21950.0,10000,Buy,233005599
2024-08-20 10:40:57,21950.0,100,Buy,233005728
2024-08-20 10:41:09,21950.0,200,Buy,233005857
2024-08-20 10:41:23,21950.0,1000,Buy,233005987
2024-08-20 10:41:27,21950.0,1000,Buy,233006029
2024-08-20 10:41:35,21950.0,1000,Buy,233006105
2024-08-20 10:42:00,21950.0,1000,Buy,233006502
2024-08-20 10:42:09,21950.0,500,Buy,233006668
2024-08-20 10:42:09,21950.0,600,Buy,233006667
2024-08-20 10:42:23,21950.0,2900,Buy,233006957
2024-08-20 10:42:37,21950.0,1000,Buy,233007163
2024-08-20 10:42:51,21950.0,1000,Buy,233007366
2024-08-20 10:43:00,21900.0,100,Sell,233007514
2024-08-20 10:43:08,21900.0,600,Sell,233007649
2024-08-20 10:43:17,21900.0,1000,Sell,233007788
2024-08-20 10:43:39,21900.0,2400,Sell,233008109
2024-08-20 10:43:53,21900.0,1000,Sell,233008303
2024-08-20 10:44:11,21900.0,500,Sell,233008664
2024-08-20 10:44:26,21900.0,100,Sell,233008845
2024-08-20 10:44:29,21900.0,100,Sell,233008884
2024-08-20 10:44:31,21900.0,600,Sell,233008907
2024-08-20 10:45:54,21950.0,300,Buy,233010071
2024-08-20 10:45:54,21900.0,500,Sell,233010063
2024-08-20 10:46:17,21950.0,1000,Buy,233010373
2024-08-20 10:46:18,21900.0,200,Sell,233010400
2024-08-20 10:46:52,21900.0,1000,Sell,233010829
2024-08-20 10:46:57,21900.0,1000,Sell,233010871
2024-08-20 10:47:17,21900.0,600,Sell,233011073
2024-08-20 10:47:20,21900.0,300,Sell,233011124
2024-08-20 10:47:20,21900.0,700,Sell,233011125
2024-08-20 10:47:53,21900.0,2000,Sell,233011637
2024-08-20 10:48:22,21900.0,2000,Sell,233011975
2024-08-20 10:48:30,21900.0,100,Sell,233012130
2024-08-20 10:48:36,21900.0,11000,Sell,233012217
2024-08-20 10:48:40,21900.0,600,Sell,233012269
2024-08-20 10:48:47,21900.0,3000,Sell,233012354
2024-08-20 10:48:48,21900.0,600,Sell,233012380
2024-08-20 10:48:48,21900.0,1000,Sell,233012381
2024-08-20 10:48:48,21900.0,10000,Sell,233012382
2024-08-20 10:48:48,21900.0,10700,Sell,233012383
2024-08-20 10:48:54,21950.0,1800,Buy,233012465
2024-08-20 10:49:07,21950.0,200,Buy,233012596
2024-08-20 10:49:13,21900.0,300,Sell,233012665
2024-08-20 10:49:16,21950.0,3000,Buy,233012688
2024-08-20 10:49:21,21950.0,1000,Buy,233012735
2024-08-20 10:49:25,21900.0,100,Sell,233012777
2024-08-20 10:50:03,21900.0,500,Sell,233013376
2024-08-20 10:50:18,21900.0,100,Sell,233013570
2024-08-20 10:50:24,21900.0,10000,Sell,233013715
2024-08-20 10:51:13,21900.0,100,Sell,233014570
2024-08-20 10:51:26,21900.0,600,Sell,233014748
2024-08-20 10:51:27,21900.0,3000,Sell,233014769
2024-08-20 10:52:00,21900.0,1000,Sell,233015259
2024-08-20 10:52:12,21900.0,600,Sell,233015500
2024-08-20 10:52:12,21900.0,300,Sell,233015499
