time,price,volume,match_type,id
2024-08-21 09:14:38,21700.0,119100,ATO/ATC,233327179
2024-08-21 09:14:52,21800.0,200,Buy,233327866
2024-08-21 09:15:06,21800.0,4800,Buy,233328269
2024-08-21 09:15:06,21800.0,5200,Buy,233328241
2024-08-21 09:15:09,21800.0,100,Buy,233328307
2024-08-21 09:15:10,21700.0,12000,Sell,233328341
2024-08-21 09:15:10,21700.0,100,Sell,233328340
2024-08-21 09:15:10,21700.0,1000,Sell,233328339
2024-08-21 09:15:10,21700.0,100,Sell,233328338
2024-08-21 09:15:10,21700.0,600,Sell,233328337
2024-08-21 09:15:10,21700.0,1000,Sell,233328336
2024-08-21 09:15:10,21700.0,100,Sell,233328328
2024-08-21 09:15:10,21700.0,200,Sell,233328334
2024-08-21 09:15:10,21700.0,700,Sell,233328329
2024-08-21 09:15:10,21700.0,1000,Sell,233328330
2024-08-21 09:15:10,21700.0,100,Sell,233328335
2024-08-21 09:15:10,21700.0,100,Sell,233328332
2024-08-21 09:15:10,21700.0,1000,Sell,233328331
2024-08-21 09:15:10,21700.0,2000,Sell,233328333
2024-08-21 09:15:11,21700.0,100,Sell,233328371
2024-08-21 09:15:20,21700.0,500,Sell,233328658
2024-08-21 09:15:29,21800.0,100,Buy,233328936
2024-08-21 09:15:30,21800.0,9800,Buy,233328991
2024-08-21 09:15:30,21800.0,8000,Buy,233328998
2024-08-21 09:15:30,21800.0,3100,Buy,233328999
2024-08-21 09:15:30,21800.0,21100,Buy,233329000
2024-08-21 09:15:34,21800.0,7600,Buy,233329114
2024-08-21 09:15:44,21600.0,300,Sell,233329516
2024-08-21 09:15:44,21650.0,20000,Sell,233329515
2024-08-21 09:15:44,21650.0,100,Sell,233329514
2024-08-21 09:15:44,21650.0,20200,Sell,233329513
2024-08-21 09:15:44,21650.0,3000,Sell,233329512
2024-08-21 09:15:44,21650.0,10000,Sell,233329507
2024-08-21 09:15:44,21650.0,300,Sell,233329510
2024-08-21 09:15:44,21650.0,10000,Sell,233329509
2024-08-21 09:15:44,21650.0,500,Sell,233329508
2024-08-21 09:15:44,21600.0,400,Sell,233329517
2024-08-21 09:15:44,21650.0,1000,Sell,233329505
2024-08-21 09:15:44,21650.0,11800,Sell,233329511
2024-08-21 09:15:44,21600.0,100,Sell,233329518
2024-08-21 09:15:44,21600.0,5000,Sell,233329523
2024-08-21 09:15:44,21600.0,3000,Sell,233329520
2024-08-21 09:15:44,21600.0,100,Sell,233329521
2024-08-21 09:15:44,21600.0,300,Sell,233329522
2024-08-21 09:15:44,21650.0,1000,Sell,233329503
2024-08-21 09:15:44,21600.0,200,Sell,233329524
2024-08-21 09:15:44,21600.0,200,Sell,233329525
2024-08-21 09:15:44,21600.0,300,Sell,233329526
2024-08-21 09:15:44,21600.0,3000,Sell,233329527
2024-08-21 09:15:44,21600.0,1000,Sell,233329528
2024-08-21 09:15:44,21600.0,100,Sell,233329529
2024-08-21 09:15:44,21600.0,300,Sell,233329530
2024-08-21 09:15:44,21600.0,100,Sell,233329531
2024-08-21 09:15:44,21600.0,18300,Sell,233329532
2024-08-21 09:15:44,21600.0,1000,Sell,233329519
2024-08-21 09:15:44,21650.0,5000,Sell,233329502
2024-08-21 09:15:44,21650.0,200,Sell,233329506
2024-08-21 09:15:44,21650.0,5000,Sell,233329500
2024-08-21 09:15:44,21700.0,1300,Sell,233329472
2024-08-21 09:15:44,21700.0,6100,Sell,233329473
2024-08-21 09:15:44,21700.0,300,Sell,233329474
2024-08-21 09:15:44,21700.0,2500,Sell,233329475
2024-08-21 09:15:44,21700.0,100,Sell,233329476
2024-08-21 09:15:44,21650.0,1000,Sell,233329501
2024-08-21 09:15:44,21700.0,1000,Sell,233329478
2024-08-21 09:15:44,21700.0,500,Sell,233329479
2024-08-21 09:15:44,21700.0,100,Sell,233329480
2024-08-21 09:15:44,21700.0,200,Sell,233329481
2024-08-21 09:15:44,21700.0,100,Sell,233329482
2024-08-21 09:15:44,21700.0,300,Sell,233329483
2024-08-21 09:15:44,21700.0,500,Sell,233329484
2024-08-21 09:15:44,21700.0,10000,Sell,233329485
2024-08-21 09:15:44,21700.0,500,Sell,233329477
2024-08-21 09:15:44,21700.0,5000,Sell,233329487
2024-08-21 09:15:44,21700.0,100,Sell,233329486
2024-08-21 09:15:44,21650.0,200,Sell,233329499
2024-08-21 09:15:44,21650.0,100,Sell,233329498
2024-08-21 09:15:44,21650.0,100,Sell,233329497
2024-08-21 09:15:44,21650.0,100,Sell,233329496
2024-08-21 09:15:44,21650.0,100,Sell,233329495
2024-08-21 09:15:44,21650.0,3400,Sell,233329504
2024-08-21 09:15:44,21650.0,1500,Sell,233329493
2024-08-21 09:15:44,21650.0,500,Sell,233329492
2024-08-21 09:15:44,21650.0,500,Sell,233329491
2024-08-21 09:15:44,21700.0,1000,Sell,233329490
2024-08-21 09:15:44,21700.0,2000,Sell,233329489
2024-08-21 09:15:44,21700.0,100,Sell,233329488
2024-08-21 09:15:44,21650.0,100,Sell,233329494
2024-08-21 09:15:45,21600.0,20000,Buy,233329591
2024-08-21 09:15:45,21600.0,100,Sell,233329554
2024-08-21 09:15:45,21600.0,10000,Sell,233329553
2024-08-21 09:15:45,21600.0,3000,Sell,233329552
2024-08-21 09:15:45,21600.0,200,Sell,233329551
2024-08-21 09:15:45,21600.0,100,Sell,233329550
2024-08-21 09:15:45,21600.0,300,Sell,233329548
2024-08-21 09:15:45,21600.0,200,Sell,233329547
2024-08-21 09:15:45,21600.0,100,Sell,233329546
2024-08-21 09:15:45,21600.0,200,Sell,233329545
2024-08-21 09:15:45,21600.0,300,Sell,233329543
2024-08-21 09:15:45,21600.0,1700,Sell,233329542
2024-08-21 09:15:45,21600.0,18000,Sell,233329549
2024-08-21 09:15:45,21600.0,100000,Sell,233329544
2024-08-21 09:15:47,21600.0,100,Buy,233329625
2024-08-21 09:15:49,21600.0,600,Buy,233329802
2024-08-21 09:15:49,21600.0,300,Buy,233329811
2024-08-21 09:15:52,21600.0,100,Buy,233329906
2024-08-21 09:15:53,21600.0,1000,Buy,233329910
2024-08-21 09:15:53,21600.0,100,Buy,233329921
2024-08-21 09:15:56,21600.0,1000,Buy,233330019
2024-08-21 09:15:59,21600.0,9000,Buy,233330137
2024-08-21 09:16:00,21600.0,300,Buy,233330155
2024-08-21 09:16:00,21600.0,200,Buy,233330156
2024-08-21 09:16:01,21600.0,1000,Buy,233330210
2024-08-21 09:16:04,21600.0,5200,Buy,233330308
2024-08-21 09:16:08,21600.0,1800,Buy,233330470
2024-08-21 09:16:13,21600.0,200,Buy,233330672
2024-08-21 09:16:17,21600.0,300,Buy,233330830
2024-08-21 09:16:17,21600.0,500,Buy,233330843
2024-08-21 09:16:17,21600.0,2500,Buy,233330844
2024-08-21 09:16:20,21600.0,500,Buy,233330956
2024-08-21 09:16:23,21600.0,200,Buy,233331073
2024-08-21 09:16:27,21600.0,500,Buy,233331206
2024-08-21 09:16:29,21600.0,2000,Buy,233331328
2024-08-21 09:16:29,21600.0,1900,Buy,233331314
2024-08-21 09:16:33,21600.0,100,Buy,233331455
2024-08-21 09:16:35,21600.0,100,Buy,233331506
2024-08-21 09:16:36,21600.0,100,Buy,233331553
2024-08-21 09:16:37,21600.0,300,Buy,233331572
2024-08-21 09:16:37,21600.0,500,Buy,233331573
2024-08-21 09:16:39,21600.0,500,Buy,233331617
2024-08-21 09:16:40,21600.0,200,Buy,233331693
2024-08-21 09:16:44,21600.0,5000,Buy,233331860
2024-08-21 09:16:45,21600.0,300,Buy,233331872
2024-08-21 09:16:46,21600.0,1300,Buy,233331889
2024-08-21 09:16:47,21600.0,10000,Buy,233331919
2024-08-21 09:16:51,21600.0,400,Buy,233332069
2024-08-21 09:16:57,21600.0,500,Buy,233332375
2024-08-21 09:16:58,21600.0,200,Buy,233332476
2024-08-21 09:16:59,21600.0,200,Buy,233332496
2024-08-21 09:17:01,21600.0,5200,Buy,233332605
2024-08-21 09:17:02,21600.0,100,Buy,233332717
2024-08-21 09:17:02,21600.0,7800,Buy,233332719
2024-08-21 09:17:02,21600.0,2200,Buy,233332720
2024-08-21 09:17:02,21600.0,1000,Buy,233332721
2024-08-21 09:17:03,21550.0,5400,Sell,233332775
2024-08-21 09:17:03,21550.0,100,Sell,233332774
2024-08-21 09:17:03,21550.0,100,Sell,233332770
2024-08-21 09:17:03,21550.0,300,Sell,233332772
2024-08-21 09:17:03,21550.0,100,Sell,233332771
2024-08-21 09:17:03,21550.0,500,Sell,233332773
2024-08-21 09:17:06,21600.0,1000,Buy,233332924
2024-08-21 09:17:06,21600.0,7000,Buy,233332920
2024-08-21 09:17:06,21600.0,600,Buy,233332922
2024-08-21 09:17:06,21600.0,3300,Buy,233332919
2024-08-21 09:17:06,21600.0,500,Buy,233332923
2024-08-21 09:17:06,21600.0,2200,Buy,233332917
2024-08-21 09:17:06,21600.0,38900,Buy,233332918
2024-08-21 09:17:06,21600.0,10000,Buy,233332886
2024-08-21 09:17:06,21600.0,200,Buy,233332894
2024-08-21 09:17:06,21600.0,28100,Buy,233332921
2024-08-21 09:17:06,21600.0,800,Buy,233332915
2024-08-21 09:17:06,21600.0,63500,Buy,233332916
2024-08-21 09:17:07,21600.0,100,Buy,233332928
2024-08-21 09:17:07,21600.0,100,Buy,233332929
2024-08-21 09:17:15,21600.0,500,Sell,233333289
2024-08-21 09:17:22,21650.0,200,Buy,233333595
2024-08-21 09:17:22,21650.0,100,Buy,233333596
2024-08-21 09:17:26,21650.0,1000,Buy,233333736
2024-08-21 09:17:26,21650.0,100,Buy,233333737
2024-08-21 09:17:26,21650.0,100,Buy,233333738
2024-08-21 09:17:29,21650.0,100,Sell,233333834
2024-08-21 09:17:34,21650.0,500,Sell,233334066
2024-08-21 09:17:56,21650.0,100,Sell,233334996
2024-08-21 09:17:56,21650.0,900,Sell,233334994
2024-08-21 09:17:56,21650.0,1000,Sell,233334995
2024-08-21 09:17:57,21700.0,100,Buy,233335033
2024-08-21 09:17:58,21700.0,300,Sell,233335051
2024-08-21 09:17:58,21650.0,900,Sell,233335052
2024-08-21 09:17:59,21700.0,500,Buy,233335134
2024-08-21 09:18:00,21700.0,100,Buy,233335145
2024-08-21 09:18:01,21650.0,2000,Sell,233335193
2024-08-21 09:18:06,21650.0,2000,Sell,233335392
2024-08-21 09:18:06,21750.0,4200,Buy,233335391
2024-08-21 09:18:06,21750.0,500,Buy,233335389
2024-08-21 09:18:06,21750.0,200,Buy,233335388
2024-08-21 09:18:06,21750.0,100,Buy,233335390
2024-08-21 09:18:08,21700.0,100,Buy,233335445
2024-08-21 09:18:10,21700.0,2000,Sell,233335504
2024-08-21 09:18:27,21700.0,300,Sell,233336142
2024-08-21 09:18:27,21750.0,3700,Buy,233336143
2024-08-21 09:18:27,21750.0,100,Buy,233336144
2024-08-21 09:18:27,21750.0,1200,Buy,233336145
2024-08-21 09:18:29,21750.0,200,Buy,233336223
2024-08-21 09:18:29,21700.0,200,Sell,233336243
2024-08-21 09:18:30,21700.0,300,Sell,233336281
2024-08-21 09:18:33,21750.0,2900,Buy,233336380
2024-08-21 09:18:33,21750.0,2100,Buy,233336379
2024-08-21 09:18:40,21750.0,2800,Buy,233336662
2024-08-21 09:18:40,21750.0,300,Buy,233336663
2024-08-21 09:18:40,21750.0,1900,Buy,233336664
2024-08-21 09:18:57,21750.0,5200,Buy,233337376
2024-08-21 09:19:01,21750.0,100,Buy,233337621
2024-08-21 09:19:12,21750.0,1000,Buy,233338157
2024-08-21 09:19:12,21750.0,2000,Buy,233338158
2024-08-21 09:19:26,21750.0,100,Buy,233338617
2024-08-21 09:19:27,21750.0,5000,Buy,233338663
2024-08-21 09:19:27,21750.0,100,Buy,233338683
2024-08-21 09:19:43,21750.0,100,Buy,233339318
2024-08-21 09:19:44,21750.0,1000,Buy,233339348
2024-08-21 09:19:45,21700.0,200,Sell,233339384
2024-08-21 09:19:49,21700.0,300,Sell,233339559
2024-08-21 09:19:50,21750.0,500,Buy,233339586
2024-08-21 09:19:55,21750.0,5200,Buy,233339794
2024-08-21 09:19:56,21750.0,1900,Buy,233339826
2024-08-21 09:20:07,21750.0,100,Buy,233340237
2024-08-21 09:20:14,21750.0,200,Buy,233340481
2024-08-21 09:20:16,21750.0,100,Buy,233340564
2024-08-21 09:20:24,21750.0,100,Buy,233340813
2024-08-21 09:20:29,21750.0,3000,Buy,233341049
2024-08-21 09:20:34,21750.0,800,Buy,233341214
2024-08-21 09:20:39,21750.0,100,Buy,233341504
2024-08-21 09:20:40,21750.0,100,Buy,233341523
2024-08-21 09:20:51,21750.0,3600,Buy,233342064
2024-08-21 09:20:51,21750.0,1600,Buy,233342065
2024-08-21 09:20:51,21750.0,1200,Buy,233342066
2024-08-21 09:20:52,21750.0,5200,Buy,233342075
2024-08-21 09:21:02,21750.0,100,Buy,233342475
2024-08-21 09:21:02,21750.0,700,Buy,233342473
2024-08-21 09:21:02,21750.0,200,Buy,233342474
2024-08-21 09:21:06,21750.0,100,Buy,233342675
2024-08-21 09:21:07,21750.0,500,Buy,233342803
2024-08-21 09:21:08,21750.0,200,Buy,233342844
2024-08-21 09:21:10,21750.0,3400,Buy,233342917
2024-08-21 09:21:10,21750.0,400,Buy,233342918
2024-08-21 09:21:10,21750.0,1200,Buy,233342919
2024-08-21 09:21:12,21750.0,100,Buy,233343016
2024-08-21 09:21:16,21750.0,300,Buy,233343295
2024-08-21 09:21:20,21750.0,200,Buy,233343533
2024-08-21 09:21:21,21750.0,1200,Buy,233343553
2024-08-21 09:21:21,21750.0,1300,Buy,233343551
2024-08-21 09:21:21,21750.0,500,Buy,233343552
2024-08-21 09:21:25,21750.0,8800,Buy,233343697
2024-08-21 09:21:25,21750.0,100,Buy,233343698
2024-08-21 09:21:25,21750.0,7900,Buy,233343699
2024-08-21 09:21:25,21750.0,200,Buy,233343700
2024-08-21 09:21:25,21750.0,200,Buy,233343701
2024-08-21 09:21:25,21750.0,1000,Buy,233343702
2024-08-21 09:21:25,21750.0,1000,Buy,233343703
2024-08-21 09:21:25,21750.0,7900,Buy,233343704
2024-08-21 09:21:25,21750.0,5000,Buy,233343705
2024-08-21 09:21:26,21750.0,200,Sell,233343744
2024-08-21 09:21:27,21750.0,1000,Sell,233343824
2024-08-21 09:21:38,21750.0,2700,Sell,233344304
2024-08-21 09:21:53,21800.0,100,Buy,233344813
2024-08-21 09:21:56,21750.0,3000,Sell,233344937
2024-08-21 09:21:59,21800.0,500,Buy,233345186
2024-08-21 09:22:11,21800.0,100,Buy,233345776
2024-08-21 09:22:13,21800.0,2000,Buy,233345849
2024-08-21 09:22:13,21800.0,600,Buy,233345848
2024-08-21 09:22:13,21800.0,7300,Buy,233345825
2024-08-21 09:22:13,21800.0,5000,Buy,233345824
2024-08-21 09:22:13,21800.0,2000,Buy,233345823
2024-08-21 09:22:13,21800.0,5000,Buy,233345821
2024-08-21 09:22:13,21800.0,500,Buy,233345820
2024-08-21 09:22:13,21800.0,100,Buy,233345819
2024-08-21 09:22:13,21800.0,100,Buy,233345818
2024-08-21 09:22:13,21800.0,9900,Buy,233345817
2024-08-21 09:22:13,21800.0,100,Buy,233345822
2024-08-21 09:22:32,21800.0,2000,Sell,233346550
2024-08-21 09:22:35,21800.0,2000,Sell,233346653
2024-08-21 09:22:35,21800.0,100,Sell,233346654
2024-08-21 09:22:35,21800.0,500,Sell,233346651
2024-08-21 09:22:35,21800.0,1400,Sell,233346650
2024-08-21 09:22:35,21800.0,100,Sell,233346652
2024-08-21 09:22:47,21800.0,100,Buy,233347074
2024-08-21 09:22:48,21800.0,5200,Buy,233347095
2024-08-21 09:23:02,21800.0,100,Buy,233347731
2024-08-21 09:23:03,21800.0,500,Buy,233347791
2024-08-21 09:23:03,21800.0,500,Buy,233347792
2024-08-21 09:23:08,21800.0,200,Buy,233347974
2024-08-21 09:23:16,21800.0,100,Buy,233348362
2024-08-21 09:23:19,21750.0,900,Sell,233348439
2024-08-21 09:23:29,21800.0,1000,Buy,233348820
2024-08-21 09:23:29,21800.0,2400,Buy,233348821
2024-08-21 09:23:29,21800.0,2000,Buy,233348818
2024-08-21 09:23:29,21800.0,99200,Buy,233348817
2024-08-21 09:23:29,21800.0,5000,Buy,233348819
2024-08-21 09:23:43,21800.0,200,Buy,233349340
2024-08-21 09:23:45,21800.0,1500,Buy,233349419
2024-08-21 09:23:45,21800.0,700,Buy,233349420
2024-08-21 09:23:45,21800.0,100,Buy,233349421
2024-08-21 09:23:45,21800.0,2900,Buy,233349422
2024-08-21 09:23:47,21750.0,500,Sell,233349480
2024-08-21 09:23:51,21800.0,100,Buy,233349666
2024-08-21 09:23:52,21800.0,500,Buy,233349685
2024-08-21 09:23:52,21800.0,100,Buy,233349686
2024-08-21 09:23:55,21750.0,300,Sell,233349835
2024-08-21 09:24:09,21750.0,2000,Sell,233350495
2024-08-21 09:24:15,21750.0,500,Sell,233350719
2024-08-21 09:24:28,21800.0,5600,Buy,233351310
2024-08-21 09:24:28,21800.0,300,Buy,233351311
2024-08-21 09:24:28,21800.0,4100,Buy,233351312
2024-08-21 09:24:31,21800.0,1000,Buy,233351415
2024-08-21 09:24:43,21800.0,3100,Buy,233352003
2024-08-21 09:24:43,21800.0,2100,Buy,233352004
2024-08-21 09:24:48,21800.0,1000,Buy,233352322
2024-08-21 09:24:49,21800.0,100,Buy,233352334
2024-08-21 09:24:54,21800.0,500,Buy,233352528
2024-08-21 09:24:57,21800.0,200,Buy,233352706
2024-08-21 09:24:59,21800.0,3300,Buy,233352763
2024-08-21 09:24:59,21800.0,1600,Buy,233352762
2024-08-21 09:24:59,21800.0,20100,Buy,233352761
2024-08-21 09:25:02,21800.0,200,Buy,233352878
2024-08-21 09:25:08,21800.0,200,Buy,233353166
2024-08-21 09:25:15,21750.0,6800,Sell,233353499
2024-08-21 09:25:15,21750.0,100,Sell,233353500
2024-08-21 09:25:15,21750.0,100,Sell,233353501
2024-08-21 09:25:15,21750.0,1500,Sell,233353502
2024-08-21 09:25:19,21800.0,200,Buy,233353639
2024-08-21 09:25:25,21800.0,1000,Buy,233353971
2024-08-21 09:25:29,21800.0,2600,Buy,233354131
2024-08-21 09:25:29,21800.0,2200,Buy,233354129
2024-08-21 09:25:29,21800.0,200,Buy,233354130
2024-08-21 09:25:31,21800.0,300,Buy,233354205
2024-08-21 09:25:31,21800.0,400,Buy,233354243
2024-08-21 09:25:31,21800.0,1200,Buy,233354244
2024-08-21 09:25:31,21800.0,1400,Buy,233354242
2024-08-21 09:25:41,21800.0,1900,Buy,233354679
2024-08-21 09:25:41,21800.0,200,Buy,233354680
2024-08-21 09:25:41,21800.0,3000,Buy,233354681
2024-08-21 09:25:41,21800.0,100,Buy,233354682
2024-08-21 09:25:47,21800.0,100,Buy,233354906
2024-08-21 09:25:47,21800.0,400,Buy,233354904
2024-08-21 09:25:47,21800.0,500,Buy,233354905
2024-08-21 09:25:48,21800.0,5000,Buy,233354938
2024-08-21 09:25:48,21750.0,1000,Sell,233354930
2024-08-21 09:26:01,21800.0,1000,Buy,233355539
2024-08-21 09:26:02,21800.0,500,Buy,233355573
2024-08-21 09:26:10,21800.0,1300,Buy,233355878
2024-08-21 09:26:10,21800.0,100,Buy,233355879
2024-08-21 09:26:10,21800.0,1600,Buy,233355880
2024-08-21 09:26:10,21800.0,100,Buy,233355893
2024-08-21 09:26:10,21800.0,300,Buy,233355902
2024-08-21 09:26:10,21800.0,2000,Buy,233355903
2024-08-21 09:26:10,21800.0,7900,Buy,233355904
2024-08-21 09:26:10,21800.0,800,Buy,233355905
2024-08-21 09:26:10,21800.0,1100,Buy,233355906
2024-08-21 09:26:20,21800.0,100,Sell,233356322
2024-08-21 09:26:20,21800.0,9000,Sell,233356292
2024-08-21 09:26:32,21800.0,100,Sell,233356764
2024-08-21 09:26:41,21800.0,3000,Sell,233357220
2024-08-21 09:26:41,21800.0,3000,Sell,233357221
2024-08-21 09:26:46,21800.0,17900,Sell,233357430
2024-08-21 09:26:54,21850.0,100,Buy,233357701
2024-08-21 09:27:01,21800.0,100,Sell,233357974
2024-08-21 09:27:04,21800.0,50000,Sell,233358078
2024-08-21 09:27:07,21850.0,100,Buy,233358198
2024-08-21 09:27:18,21800.0,2000,Sell,233358660
2024-08-21 09:27:26,21800.0,100,Sell,233358928
2024-08-21 09:27:28,21850.0,100,Buy,233359015
2024-08-21 09:27:28,21850.0,900,Buy,233359016
2024-08-21 09:27:28,21850.0,800,Buy,233359013
2024-08-21 09:27:28,21850.0,200,Buy,233359014
2024-08-21 09:27:36,21850.0,60900,Buy,233359350
2024-08-21 09:27:36,21850.0,600,Buy,233359351
2024-08-21 09:27:36,21850.0,300,Buy,233359352
2024-08-21 09:27:36,21850.0,100,Buy,233359353
2024-08-21 09:27:36,21850.0,200,Buy,233359354
2024-08-21 09:27:36,21850.0,200,Buy,233359355
2024-08-21 09:27:36,21850.0,37200,Buy,233359357
2024-08-21 09:27:36,21850.0,5200,Buy,233359348
2024-08-21 09:27:36,21850.0,500,Buy,233359356
2024-08-21 09:27:48,21850.0,1000,Buy,233359983
2024-08-21 09:27:49,21850.0,100,Buy,233360000
2024-08-21 09:27:53,21850.0,1000,Buy,233360235
2024-08-21 09:27:59,21800.0,1000,Sell,233360584
2024-08-21 09:28:02,21850.0,2000,Buy,233360743
2024-08-21 09:28:16,21850.0,500,Buy,233361343
2024-08-21 09:28:34,21850.0,5200,Buy,233362185
2024-08-21 09:28:40,21850.0,100,Buy,233362439
2024-08-21 09:28:46,21850.0,5100,Buy,233362686
2024-08-21 09:28:46,21850.0,2900,Buy,233362685
2024-08-21 09:28:56,21850.0,8900,Buy,233363349
2024-08-21 09:28:56,21850.0,1000,Buy,233363348
2024-08-21 09:28:56,21850.0,500,Buy,233363347
2024-08-21 09:28:56,21850.0,500,Buy,233363346
2024-08-21 09:28:56,21850.0,1400,Buy,233363345
2024-08-21 09:28:56,21850.0,10000,Buy,233363337
2024-08-21 09:28:56,21850.0,200,Buy,233363344
2024-08-21 09:28:56,21850.0,1000,Buy,233363343
2024-08-21 09:28:56,21850.0,200,Buy,233363342
2024-08-21 09:28:56,21850.0,2200,Buy,233363341
2024-08-21 09:28:56,21850.0,200,Buy,233363340
2024-08-21 09:28:56,21850.0,1000,Buy,233363339
2024-08-21 09:28:56,21850.0,500,Buy,233363338
2024-08-21 09:28:56,21850.0,3100,Buy,233363336
2024-08-21 09:28:56,21850.0,100,Buy,233363325
2024-08-21 09:28:56,21850.0,4300,Buy,233363334
2024-08-21 09:28:56,21850.0,200,Buy,233363333
2024-08-21 09:28:56,21850.0,7100,Buy,233363332
2024-08-21 09:28:56,21850.0,1600,Buy,233363331
2024-08-21 09:28:56,21850.0,24000,Buy,233363330
2024-08-21 09:28:56,21850.0,8200,Buy,233363329
2024-08-21 09:28:56,21850.0,300,Buy,233363328
2024-08-21 09:28:56,21850.0,5700,Buy,233363327
2024-08-21 09:28:56,21850.0,3500,Buy,233363326
2024-08-21 09:28:56,21850.0,300,Buy,233363324
2024-08-21 09:28:56,21850.0,10000,Buy,233363323
2024-08-21 09:28:56,21850.0,100,Buy,233363322
2024-08-21 09:28:56,21850.0,200,Buy,233363321
2024-08-21 09:28:56,21850.0,700,Buy,233363320
2024-08-21 09:28:56,21850.0,400,Buy,233363335
2024-08-21 09:28:56,21850.0,2600,Buy,233363350
2024-08-21 09:29:04,21850.0,100,Buy,233363641
2024-08-21 09:29:05,21850.0,300,Buy,233363662
2024-08-21 09:29:05,21850.0,200,Buy,233363659
2024-08-21 09:29:09,21850.0,4000,Buy,233363898
2024-08-21 09:29:10,21850.0,700,Buy,233363942
2024-08-21 09:29:10,21850.0,200,Buy,233363943
2024-08-21 09:29:10,21850.0,100,Buy,233363944
2024-08-21 09:29:10,21850.0,3500,Buy,233363945
2024-08-21 09:29:16,21850.0,300,Buy,233364286
2024-08-21 09:29:20,21850.0,1000,Buy,233364534
2024-08-21 09:29:29,21850.0,2000,Buy,233365033
2024-08-21 09:29:29,21800.0,600,Sell,233365034
2024-08-21 09:29:30,21850.0,700,Buy,233365050
2024-08-21 09:29:30,21850.0,200,Buy,233365048
2024-08-21 09:29:30,21850.0,1100,Buy,233365047
2024-08-21 09:29:30,21850.0,3000,Buy,233365049
2024-08-21 09:29:31,21850.0,1300,Buy,233365183
2024-08-21 09:29:32,21850.0,3900,Buy,233365186
2024-08-21 09:29:32,21850.0,46100,Buy,233365230
2024-08-21 09:29:32,21850.0,3900,Buy,233365231
2024-08-21 09:29:34,21850.0,1200,Buy,233365308
2024-08-21 09:29:50,21850.0,300,Buy,233366087
2024-08-21 09:29:51,21850.0,500,Buy,233366153
2024-08-21 09:29:51,21850.0,100,Buy,233366152
2024-08-21 09:29:51,21850.0,100,Buy,233366151
2024-08-21 09:29:51,21850.0,2500,Buy,233366150
2024-08-21 09:29:52,21850.0,1800,Sell,233366181
2024-08-21 09:30:13,21850.0,800,Sell,233367252
2024-08-21 09:30:20,21850.0,100,Buy,233367606
2024-08-21 09:30:22,21800.0,5000,Sell,233367732
2024-08-21 09:30:22,21850.0,100,Buy,233367750
2024-08-21 09:30:29,21850.0,5200,Buy,233368077
2024-08-21 09:30:35,21850.0,100,Buy,233368460
2024-08-21 09:30:39,21850.0,1000,Buy,233368653
2024-08-21 09:30:43,21850.0,300,Buy,233368785
2024-08-21 09:30:49,21850.0,200,Buy,233369092
2024-08-21 09:30:49,21850.0,300,Buy,233369081
2024-08-21 09:30:51,21850.0,300,Buy,233369153
2024-08-21 09:30:51,21850.0,200,Buy,233369166
2024-08-21 09:30:52,21850.0,1400,Buy,233369190
2024-08-21 09:30:52,21850.0,5000,Buy,233369191
2024-08-21 09:30:57,21850.0,4000,Sell,233369371
2024-08-21 09:31:03,21850.0,500,Sell,233369623
2024-08-21 09:31:03,21850.0,100,Sell,233369621
2024-08-21 09:31:03,21850.0,800,Sell,233369622
2024-08-21 09:31:03,21850.0,200,Sell,233369619
2024-08-21 09:31:03,21850.0,12600,Sell,233369618
2024-08-21 09:31:03,21850.0,2000,Sell,233369620
2024-08-21 09:31:11,21850.0,2300,Sell,233370050
2024-08-21 09:31:14,21850.0,2700,Sell,233370241
2024-08-21 09:31:14,21850.0,200,Sell,233370242
2024-08-21 09:31:14,21850.0,27100,Sell,233370243
2024-08-21 09:31:15,21850.0,8900,Sell,233370308
2024-08-21 09:31:24,21800.0,23700,Sell,233370768
2024-08-21 09:31:35,21850.0,200,Buy,233371283
2024-08-21 09:32:03,21850.0,1100,Buy,233372591
2024-08-21 09:32:19,21800.0,6000,Sell,233373455
2024-08-21 09:32:24,21800.0,4300,Sell,233373675
2024-08-21 09:32:24,21800.0,400,Sell,233373676
2024-08-21 09:32:24,21800.0,200,Sell,233373674
2024-08-21 09:32:24,21800.0,3100,Sell,233373698
2024-08-21 09:32:24,21800.0,7100,Sell,233373673
2024-08-21 09:32:24,21800.0,24000,Sell,233373671
2024-08-21 09:32:24,21800.0,8200,Sell,233373665
2024-08-21 09:32:24,21800.0,300,Sell,233373664
2024-08-21 09:32:24,21800.0,5700,Sell,233373663
2024-08-21 09:32:24,21800.0,3500,Sell,233373662
2024-08-21 09:32:24,21800.0,100,Sell,233373661
2024-08-21 09:32:24,21800.0,1600,Sell,233373672
2024-08-21 09:32:25,21800.0,5000,Sell,233373743
2024-08-21 09:32:25,21800.0,2000,Sell,233373736
2024-08-21 09:32:25,21800.0,300,Sell,233373737
2024-08-21 09:32:25,21800.0,2000,Sell,233373738
2024-08-21 09:32:25,21800.0,100,Sell,233373739
2024-08-21 09:32:25,21800.0,1700,Sell,233373740
2024-08-21 09:32:25,21800.0,15000,Sell,233373741
2024-08-21 09:32:25,21800.0,400,Sell,233373742
2024-08-21 09:32:25,21800.0,3000,Sell,233373744
2024-08-21 09:32:25,21800.0,200,Sell,233373735
2024-08-21 09:32:25,21800.0,100,Sell,233373746
2024-08-21 09:32:25,21800.0,200,Sell,233373749
2024-08-21 09:32:25,21800.0,30000,Sell,233373750
2024-08-21 09:32:25,21800.0,200,Sell,233373751
2024-08-21 09:32:25,21800.0,2000,Sell,233373752
2024-08-21 09:32:25,21800.0,500,Sell,233373753
2024-08-21 09:32:25,21800.0,5000,Sell,233373754
2024-08-21 09:32:25,21800.0,3100,Sell,233373755
2024-08-21 09:32:25,21800.0,5200,Sell,233373745
2024-08-21 09:32:25,21800.0,200,Sell,233373734
2024-08-21 09:32:25,21800.0,500,Sell,233373748
2024-08-21 09:32:25,21800.0,600,Sell,233373732
2024-08-21 09:32:25,21800.0,100,Sell,233373733
2024-08-21 09:32:25,21800.0,7800,Sell,233373710
2024-08-21 09:32:25,21800.0,200,Sell,233373711
2024-08-21 09:32:25,21800.0,5200,Sell,233373712
2024-08-21 09:32:25,21800.0,200,Sell,233373713
2024-08-21 09:32:25,21800.0,200,Sell,233373714
2024-08-21 09:32:25,21800.0,100,Sell,233373715
2024-08-21 09:32:25,21800.0,100,Sell,233373718
2024-08-21 09:32:25,21800.0,1000,Sell,233373719
2024-08-21 09:32:25,21800.0,100,Sell,233373720
2024-08-21 09:32:25,21800.0,1000,Sell,233373747
2024-08-21 09:32:25,21800.0,200,Sell,233373722
2024-08-21 09:32:25,21800.0,100,Sell,233373721
2024-08-21 09:32:25,21800.0,1200,Sell,233373723
2024-08-21 09:32:25,21800.0,3000,Sell,233373724
2024-08-21 09:32:25,21800.0,100,Sell,233373725
2024-08-21 09:32:25,21800.0,2700,Sell,233373726
2024-08-21 09:32:25,21800.0,100,Sell,233373727
2024-08-21 09:32:25,21800.0,500,Sell,233373728
2024-08-21 09:32:25,21800.0,500,Sell,233373729
2024-08-21 09:32:25,21800.0,100,Sell,233373730
2024-08-21 09:32:25,21800.0,1000,Sell,233373731
2024-08-21 09:32:29,21800.0,2100,Sell,233374002
2024-08-21 09:32:31,21800.0,200,Buy,233374150
2024-08-21 09:32:39,21800.0,8600,Buy,233374703
2024-08-21 09:32:39,21800.0,21400,Buy,233374702
2024-08-21 09:32:42,21800.0,1000,Buy,233374882
2024-08-21 09:32:43,21800.0,100,Buy,233374922
2024-08-21 09:32:44,21800.0,300,Buy,233374963
2024-08-21 09:32:44,21800.0,200,Buy,233374964
2024-08-21 09:32:47,21800.0,2100,Buy,233375083
2024-08-21 09:33:08,21800.0,100,Sell,233376008
2024-08-21 09:33:09,21800.0,900,Sell,233376069
2024-08-21 09:33:09,21800.0,100,Sell,233376068
2024-08-21 09:33:09,21800.0,10400,Sell,233376064
2024-08-21 09:33:09,21800.0,2000,Sell,233376066
2024-08-21 09:33:09,21800.0,300,Sell,233376065
2024-08-21 09:33:09,21800.0,10000,Sell,233376067
2024-08-21 09:33:10,21800.0,900,Sell,233376148
2024-08-21 09:33:12,21800.0,800,Sell,233376321
2024-08-21 09:33:26,21800.0,200,Sell,233376942
2024-08-21 09:33:33,21800.0,23700,Sell,233377350
2024-08-21 09:33:40,21800.0,20000,Sell,233377675
2024-08-21 09:33:55,21800.0,500,Sell,233378170
2024-08-21 09:33:56,21800.0,41600,Sell,233378197
2024-08-21 09:33:57,21800.0,2000,Sell,233378227
2024-08-21 09:34:01,21800.0,200,Sell,233378344
2024-08-21 09:34:01,21800.0,400,Sell,233378343
2024-08-21 09:34:01,21800.0,1000,Sell,233378342
2024-08-21 09:34:01,21800.0,5000,Sell,233378341
2024-08-21 09:34:01,21800.0,500,Sell,233378340
2024-08-21 09:34:01,21800.0,500,Sell,233378338
2024-08-21 09:34:01,21800.0,400,Sell,233378337
2024-08-21 09:34:01,21800.0,1000,Sell,233378345
2024-08-21 09:34:01,21800.0,3400,Sell,233378335
2024-08-21 09:34:01,21800.0,4800,Sell,233378336
2024-08-21 09:34:01,21800.0,500,Sell,233378310
2024-08-21 09:34:01,21800.0,100,Sell,233378329
2024-08-21 09:34:01,21800.0,3500,Sell,233378330
2024-08-21 09:34:01,21800.0,2000,Sell,233378339
2024-08-21 09:34:01,21800.0,100,Sell,233378332
2024-08-21 09:34:01,21800.0,300,Sell,233378333
2024-08-21 09:34:01,21800.0,300,Sell,233378334
2024-08-21 09:34:01,21800.0,5300,Sell,233378331
2024-08-21 09:34:07,21800.0,6000,Buy,233378497
2024-08-21 09:34:09,21800.0,1000,Buy,233378620
2024-08-21 09:34:20,21800.0,5200,Buy,233378972
2024-08-21 09:34:22,21750.0,200,Sell,233379071
2024-08-21 09:34:52,21750.0,1000,Sell,233380054
2024-08-21 09:34:58,21800.0,200,Buy,233380277
2024-08-21 09:35:18,21800.0,3000,Buy,233381074
2024-08-21 09:35:18,21800.0,600,Buy,233381072
2024-08-21 09:35:18,21800.0,1600,Buy,233381073
2024-08-21 09:35:22,21800.0,100,Buy,233381278
2024-08-21 09:36:11,21750.0,1000,Sell,233383001
2024-08-21 09:36:25,21800.0,30000,Buy,233383585
2024-08-21 09:36:25,21800.0,1000,Buy,233383583
2024-08-21 09:36:25,21800.0,7900,Buy,233383582
2024-08-21 09:36:25,21800.0,100,Buy,233383584
2024-08-21 09:36:25,21800.0,500,Buy,233383586
2024-08-21 09:36:25,21800.0,10000,Buy,233383593
2024-08-21 09:36:25,21800.0,2000,Buy,233383588
2024-08-21 09:36:25,21800.0,5000,Buy,233383589
2024-08-21 09:36:25,21800.0,100,Buy,233383590
2024-08-21 09:36:25,21800.0,3000,Buy,233383591
2024-08-21 09:36:25,21800.0,5000,Buy,233383592
2024-08-21 09:36:25,21800.0,100,Buy,233383594
2024-08-21 09:36:25,21800.0,3000,Buy,233383587
2024-08-21 09:36:25,21800.0,7900,Buy,233383581
2024-08-21 09:36:25,21800.0,5000,Buy,233383579
2024-08-21 09:36:25,21800.0,1000,Buy,233383578
2024-08-21 09:36:25,21800.0,10000,Buy,233383580
2024-08-21 09:36:25,21800.0,4000,Buy,233383566
2024-08-21 09:36:25,21800.0,200,Buy,233383567
2024-08-21 09:36:25,21800.0,4300,Buy,233383568
2024-08-21 09:36:25,21800.0,400,Buy,233383569
2024-08-21 09:36:25,21800.0,3100,Buy,233383570
2024-08-21 09:36:25,21800.0,10000,Buy,233383576
2024-08-21 09:36:25,21800.0,6800,Buy,233383572
2024-08-21 09:36:25,21800.0,20000,Buy,233383573
2024-08-21 09:36:25,21800.0,500,Buy,233383574
2024-08-21 09:36:25,21800.0,100,Buy,233383575
2024-08-21 09:36:25,21800.0,7900,Buy,233383577
2024-08-21 09:36:25,21800.0,100,Buy,233383571
2024-08-21 09:36:37,21800.0,500,Sell,233383902
2024-08-21 09:36:48,21800.0,100,Sell,233384189
2024-08-21 09:36:54,21800.0,100,Sell,233384347
2024-08-21 09:36:54,21800.0,400,Sell,233384346
2024-08-21 09:36:59,21800.0,100,Sell,233384474
2024-08-21 09:36:59,21800.0,5000,Sell,233384475
2024-08-21 09:36:59,21800.0,2000,Sell,233384476
2024-08-21 09:36:59,21800.0,1000,Sell,233384477
2024-08-21 09:37:01,21800.0,100,Buy,233384546
2024-08-21 09:37:06,21800.0,100,Buy,233384689
2024-08-21 09:37:12,21800.0,5200,Buy,233384855
2024-08-21 09:37:17,21800.0,5000,Buy,233385034
2024-08-21 09:37:23,21800.0,1000,Buy,233385203
2024-08-21 09:37:29,21800.0,6000,Buy,233385401
2024-08-21 09:37:32,21750.0,500,Sell,233385517
2024-08-21 09:37:54,21750.0,2000,Sell,233386317
2024-08-21 09:37:55,21750.0,1000,Sell,233386330
2024-08-21 09:38:07,21750.0,300,Sell,233386688
2024-08-21 09:38:17,21750.0,3000,Sell,233387014
2024-08-21 09:38:42,21750.0,1000,Sell,233387713
2024-08-21 09:38:45,21800.0,500,Buy,233387793
2024-08-21 09:38:51,21750.0,3000,Sell,233387905
2024-08-21 09:39:25,21750.0,100,Sell,233388743
2024-08-21 09:39:32,21750.0,5000,Sell,233388957
2024-08-21 09:40:03,21800.0,100,Buy,233389873
2024-08-21 09:40:03,21750.0,1200,Sell,233389895
2024-08-21 09:40:09,21750.0,300,Sell,233390027
2024-08-21 09:40:15,21750.0,500,Sell,233390140
2024-08-21 09:40:40,21750.0,200,Sell,233390796
2024-08-21 09:40:51,21750.0,1400,Sell,233391069
2024-08-21 09:41:04,21750.0,300,Sell,233391378
2024-08-21 09:41:07,21750.0,4500,Sell,233391502
2024-08-21 09:41:07,21750.0,100,Sell,233391501
2024-08-21 09:41:07,21750.0,1300,Sell,233391500
2024-08-21 09:41:07,21750.0,500,Sell,233391499
2024-08-21 09:41:07,21750.0,3500,Sell,233391498
2024-08-21 09:41:07,21750.0,500,Sell,233391497
2024-08-21 09:41:07,21750.0,100,Sell,233391496
2024-08-21 09:41:07,21750.0,200,Sell,233391495
2024-08-21 09:41:07,21750.0,5000,Sell,233391493
2024-08-21 09:41:07,21750.0,1000,Sell,233391491
2024-08-21 09:41:07,21750.0,100,Sell,233391490
2024-08-21 09:41:07,21750.0,1000,Sell,233391489
2024-08-21 09:41:07,21750.0,100,Sell,233391488
2024-08-21 09:41:07,21750.0,200,Sell,233391487
2024-08-21 09:41:07,21750.0,5200,Sell,233391486
2024-08-21 09:41:07,21750.0,50000,Sell,233391485
2024-08-21 09:41:07,21750.0,200,Sell,233391484
2024-08-21 09:41:07,21750.0,25500,Sell,233391483
2024-08-21 09:41:07,21750.0,1000,Sell,233391492
2024-08-21 09:41:24,21750.0,1400,Sell,233391935
2024-08-21 09:41:24,21750.0,100,Sell,233391936
2024-08-21 09:41:24,21750.0,5000,Sell,233391937
2024-08-21 09:41:24,21750.0,100,Sell,233391938
2024-08-21 09:41:24,21750.0,1700,Sell,233391939
2024-08-21 09:41:24,21750.0,5000,Sell,233391940
2024-08-21 09:41:24,21750.0,3700,Sell,233391954
2024-08-21 09:41:24,21750.0,200,Sell,233391942
2024-08-21 09:41:24,21750.0,1600,Sell,233391943
2024-08-21 09:41:24,21750.0,3400,Sell,233391953
2024-08-21 09:41:24,21750.0,200,Sell,233391955
2024-08-21 09:41:24,21750.0,4300,Sell,233391956
2024-08-21 09:41:24,21750.0,400,Sell,233391957
2024-08-21 09:41:24,21750.0,200,Sell,233391941
2024-08-21 09:41:24,21750.0,1000,Sell,233391934
2024-08-21 09:41:24,21750.0,200,Sell,233391931
2024-08-21 09:41:24,21750.0,100,Sell,233391932
2024-08-21 09:41:24,21750.0,100,Sell,233391916
2024-08-21 09:41:24,21750.0,3500,Sell,233391917
2024-08-21 09:41:24,21750.0,100,Sell,233391919
2024-08-21 09:41:24,21750.0,1000,Sell,233391920
2024-08-21 09:41:24,21750.0,2700,Sell,233391921
2024-08-21 09:41:24,21750.0,300,Sell,233391922
2024-08-21 09:41:24,21750.0,1900,Sell,233391918
2024-08-21 09:41:24,21750.0,2800,Sell,233391924
2024-08-21 09:41:24,21750.0,8200,Sell,233391923
2024-08-21 09:41:24,21750.0,1000,Sell,233391930
2024-08-21 09:41:24,21750.0,100,Sell,233391929
2024-08-21 09:41:24,21750.0,500,Sell,233391933
2024-08-21 09:41:24,21750.0,100,Sell,233391928
2024-08-21 09:41:24,21750.0,4300,Sell,233391927
2024-08-21 09:41:24,21750.0,200,Sell,233391925
2024-08-21 09:41:25,21750.0,1400,Sell,233391972
2024-08-21 09:41:25,21750.0,200,Sell,233391974
2024-08-21 09:41:25,21750.0,1300,Sell,233391975
2024-08-21 09:41:25,21750.0,200,Sell,233391973
2024-08-21 09:41:38,21750.0,100,Sell,233392347
2024-08-21 09:41:38,21750.0,2100,Sell,233392346
2024-08-21 09:41:38,21750.0,5000,Sell,233392345
2024-08-21 09:41:38,21750.0,500,Sell,233392344
2024-08-21 09:41:38,21750.0,100,Sell,233392343
2024-08-21 09:41:38,21750.0,5200,Sell,233392341
2024-08-21 09:41:38,21750.0,800,Sell,233392340
2024-08-21 09:41:38,21750.0,300,Sell,233392339
2024-08-21 09:41:38,21750.0,500,Sell,233392338
2024-08-21 09:41:38,21750.0,500,Sell,233392337
2024-08-21 09:41:38,21750.0,3900,Sell,233392336
2024-08-21 09:41:38,21750.0,20000,Sell,233392342
2024-08-21 09:41:39,21750.0,1300,Sell,233392371
2024-08-21 09:41:39,21750.0,700,Sell,233392372
2024-08-21 09:41:42,21750.0,2000,Sell,233392442
2024-08-21 09:41:42,21750.0,900,Sell,233392441
2024-08-21 09:41:42,21750.0,100,Sell,233392440
2024-08-21 09:41:42,21750.0,100,Sell,233392439
2024-08-21 09:41:42,21750.0,5200,Sell,233392438
2024-08-21 09:41:42,21750.0,100,Sell,233392435
2024-08-21 09:41:42,21750.0,100,Sell,233392436
2024-08-21 09:41:42,21750.0,200,Sell,233392434
2024-08-21 09:41:42,21750.0,500,Sell,233392433
2024-08-21 09:41:42,21750.0,5200,Sell,233392432
2024-08-21 09:41:42,21750.0,500,Sell,233392431
2024-08-21 09:41:42,21750.0,100,Sell,233392437
2024-08-21 09:41:43,21750.0,300,Sell,233392473
2024-08-21 09:41:50,21750.0,100,Sell,233392611
2024-08-21 09:41:52,21750.0,4500,Buy,233392665
2024-08-21 09:41:52,21750.0,1600,Sell,233392647
2024-08-21 09:41:52,21750.0,1000,Sell,233392648
2024-08-21 09:41:53,21750.0,2900,Buy,233392678
2024-08-21 09:41:56,21800.0,4000,Buy,233392787
2024-08-21 09:42:00,21750.0,1100,Sell,233392904
2024-08-21 09:42:00,21750.0,900,Sell,233392905
2024-08-21 09:42:01,21750.0,5200,Buy,233392923
2024-08-21 09:42:03,21750.0,2000,Buy,233393003
2024-08-21 09:42:33,21750.0,5000,Buy,233393795
2024-08-21 09:42:40,21750.0,700,Buy,233393967
2024-08-21 09:42:44,21750.0,100,Buy,233394078
2024-08-21 09:42:45,21750.0,100,Buy,233394108
2024-08-21 09:42:45,21750.0,2000,Buy,233394118
2024-08-21 09:42:50,21750.0,1000,Buy,233394203
2024-08-21 09:42:58,21750.0,200,Buy,233394419
2024-08-21 09:43:00,21750.0,500,Buy,233394442
2024-08-21 09:43:00,21750.0,4700,Buy,233394441
2024-08-21 09:43:03,21750.0,4000,Buy,233394536
2024-08-21 09:43:03,21750.0,1000,Buy,233394537
2024-08-21 09:43:24,21750.0,2000,Sell,233395177
2024-08-21 09:43:59,21750.0,200,Sell,233396068
2024-08-21 09:43:59,21750.0,2800,Sell,233396069
2024-08-21 09:44:03,21750.0,4000,Sell,233396205
2024-08-21 09:44:12,21800.0,100,Buy,233396470
2024-08-21 09:44:17,21800.0,10000,Buy,233396585
2024-08-21 09:44:34,21800.0,100,Buy,233397111
2024-08-21 09:44:44,21800.0,1000,Buy,233397386
2024-08-21 09:44:50,21800.0,1300,Buy,233397631
2024-08-21 09:44:52,21800.0,2100,Buy,233397662
2024-08-21 09:44:55,21800.0,5200,Buy,233397715
2024-08-21 09:45:25,21750.0,100,Sell,233398459
2024-08-21 09:45:25,21750.0,3100,Sell,233398476
2024-08-21 09:45:25,21750.0,200,Sell,233398472
2024-08-21 09:45:25,21750.0,7100,Sell,233398471
2024-08-21 09:45:25,21750.0,1600,Sell,233398470
2024-08-21 09:45:25,21750.0,400,Sell,233398474
2024-08-21 09:45:25,21750.0,8200,Sell,233398463
2024-08-21 09:45:25,21750.0,300,Sell,233398462
2024-08-21 09:45:25,21750.0,5700,Sell,233398461
2024-08-21 09:45:25,21750.0,3500,Sell,233398460
2024-08-21 09:45:25,21750.0,24000,Sell,233398469
2024-08-21 09:45:25,21750.0,4300,Sell,233398473
2024-08-21 09:45:50,21750.0,1500,Sell,233399085
2024-08-21 09:46:02,21750.0,500,Sell,233399466
2024-08-21 09:46:30,21750.0,200,Sell,233400266
2024-08-21 09:46:39,21750.0,500,Sell,233400457
2024-08-21 09:46:40,21800.0,200,Buy,233400521
2024-08-21 09:46:50,21800.0,5200,Buy,233400788
2024-08-21 09:46:54,21750.0,200,Sell,233400900
2024-08-21 09:47:28,21750.0,500,Sell,233401697
2024-08-21 09:47:40,21800.0,300,Buy,233401996
2024-08-21 09:47:48,21800.0,5200,Buy,233402162
2024-08-21 09:48:09,21800.0,100,Buy,233402687
2024-08-21 09:48:12,21800.0,200,Buy,233402836
2024-08-21 09:48:21,21800.0,200,Buy,233403014
2024-08-21 09:48:22,21800.0,200,Buy,233403043
2024-08-21 09:48:34,21800.0,6000,Buy,233403406
2024-08-21 09:48:38,21800.0,1000,Buy,233403505
2024-08-21 09:48:46,21800.0,5200,Buy,233403697
2024-08-21 09:49:07,21800.0,3000,Buy,233404200
2024-08-21 09:49:37,21800.0,500,Buy,233404822
2024-08-21 09:49:41,21800.0,200,Buy,233404901
2024-08-21 09:49:44,21800.0,5200,Buy,233404961
2024-08-21 09:49:57,21800.0,1200,Buy,233405258
2024-08-21 09:50:07,21750.0,3100,Sell,233405503
2024-08-21 09:50:07,21750.0,400,Sell,233405502
2024-08-21 09:50:07,21750.0,4300,Sell,233405501
2024-08-21 09:50:07,21750.0,200,Sell,233405500
2024-08-21 09:50:07,21750.0,7100,Sell,233405499
2024-08-21 09:50:07,21750.0,5700,Sell,233405483
2024-08-21 09:50:07,21750.0,24000,Sell,233405486
2024-08-21 09:50:07,21750.0,8200,Sell,233405485
2024-08-21 09:50:07,21750.0,300,Sell,233405484
2024-08-21 09:50:07,21750.0,100,Sell,233405481
2024-08-21 09:50:07,21750.0,1600,Sell,233405498
2024-08-21 09:50:07,21750.0,3500,Sell,233405482
2024-08-21 09:50:12,21750.0,2000,Sell,233405600
2024-08-21 09:50:19,21800.0,6500,Buy,233405795
2024-08-21 09:50:28,21750.0,100,Sell,233406077
2024-08-21 09:50:35,21800.0,8000,Buy,233406223
2024-08-21 09:50:41,21800.0,1700,Buy,233406320
2024-08-21 09:50:41,21800.0,3500,Buy,233406321
2024-08-21 09:50:45,21750.0,3000,Sell,233406408
2024-08-21 09:50:46,21750.0,10000,Sell,233406445
2024-08-21 09:51:17,21750.0,23700,Sell,233407193
2024-08-21 09:52:14,21750.0,100,Sell,233408573
2024-08-21 09:52:48,21750.0,2000,Sell,233409578
2024-08-21 09:53:14,21800.0,10000,Buy,233410211
2024-08-21 09:53:14,21800.0,200,Buy,233410212
2024-08-21 09:53:14,21800.0,2200,Buy,233410213
2024-08-21 09:53:14,21800.0,2000,Buy,233410214
2024-08-21 09:53:14,21800.0,100,Buy,233410215
2024-08-21 09:53:14,21800.0,3500,Buy,233410216
2024-08-21 09:53:14,21800.0,500,Buy,233410220
2024-08-21 09:53:14,21800.0,500,Buy,233410218
2024-08-21 09:53:14,21800.0,100,Buy,233410219
2024-08-21 09:53:14,21800.0,2000,Buy,233410221
2024-08-21 09:53:14,21800.0,3000,Buy,233410222
2024-08-21 09:53:14,21800.0,1700,Buy,233410223
2024-08-21 09:53:14,21800.0,7900,Buy,233410217
2024-08-21 09:53:14,21800.0,100,Buy,233410210
2024-08-21 09:53:14,21800.0,2000,Buy,233410208
2024-08-21 09:53:14,21800.0,3900,Buy,233410207
2024-08-21 09:53:14,21800.0,1500,Buy,233410195
2024-08-21 09:53:14,21800.0,500,Buy,233410196
2024-08-21 09:53:14,21800.0,1000,Buy,233410197
2024-08-21 09:53:14,21800.0,7900,Buy,233410198
2024-08-21 09:53:14,21800.0,8200,Buy,233410199
2024-08-21 09:53:14,21800.0,24000,Buy,233410200
2024-08-21 09:53:14,21800.0,500,Buy,233410209
2024-08-21 09:53:14,21800.0,7100,Buy,233410202
2024-08-21 09:53:14,21800.0,3100,Buy,233410206
2024-08-21 09:53:14,21800.0,400,Buy,233410205
2024-08-21 09:53:14,21800.0,1600,Buy,233410201
2024-08-21 09:53:14,21800.0,200,Buy,233410203
2024-08-21 09:53:14,21800.0,4300,Buy,233410204
2024-08-21 09:53:30,21800.0,300,Buy,233410568
2024-08-21 09:53:30,21800.0,200,Buy,233410569
2024-08-21 09:53:35,21800.0,1000,Buy,233410682
2024-08-21 09:53:35,21800.0,200,Buy,233410681
2024-08-21 09:53:35,21800.0,200,Buy,233410679
2024-08-21 09:53:35,21800.0,1800,Buy,233410678
2024-08-21 09:53:35,21800.0,2000,Buy,233410680
2024-08-21 09:53:43,21750.0,100,Sell,233410929
2024-08-21 09:53:43,21750.0,3500,Sell,233410930
2024-08-21 09:53:43,21750.0,5700,Sell,233410931
2024-08-21 09:53:43,21750.0,300,Sell,233410932
2024-08-21 09:53:43,21800.0,100,Buy,233410919
2024-08-21 09:53:44,21800.0,100,Buy,233410951
2024-08-21 09:54:03,21750.0,300,Sell,233411404
2024-08-21 09:54:25,21750.0,100,Sell,233411878
2024-08-21 09:54:25,21750.0,300,Sell,233411879
2024-08-21 09:54:25,21750.0,100,Sell,233411877
2024-08-21 09:54:25,21750.0,100,Sell,233411875
2024-08-21 09:54:25,21750.0,22000,Sell,233411874
2024-08-21 09:54:25,21750.0,1100,Sell,233411876
2024-08-21 09:54:32,21800.0,7000,Buy,233412122
2024-08-21 09:54:36,21750.0,500,Sell,233412173
2024-08-21 09:54:44,21750.0,500,Sell,233412349
2024-08-21 09:54:49,21800.0,4000,Buy,233412425
2024-08-21 09:55:10,21800.0,200,Buy,233412903
2024-08-21 09:55:11,21800.0,1000,Buy,233412927
2024-08-21 09:55:19,21750.0,1300,Sell,233413160
2024-08-21 09:55:19,21750.0,2000,Sell,233413159
2024-08-21 09:55:19,21750.0,100,Sell,233413158
2024-08-21 09:55:19,21750.0,100,Sell,233413157
2024-08-21 09:55:19,21750.0,1500,Sell,233413156
2024-08-21 09:55:19,21750.0,2300,Sell,233413151
2024-08-21 09:55:19,21750.0,100,Sell,233413154
2024-08-21 09:55:19,21750.0,4000,Sell,233413153
2024-08-21 09:55:19,21750.0,3000,Sell,233413152
2024-08-21 09:55:19,21750.0,200,Sell,233413150
2024-08-21 09:55:19,21750.0,3900,Sell,233413149
2024-08-21 09:55:19,21750.0,5200,Sell,233413155
2024-08-21 09:55:29,21750.0,300,Sell,233413432
2024-08-21 09:55:29,21750.0,8200,Sell,233413433
2024-08-21 09:55:29,21750.0,3500,Sell,233413430
2024-08-21 09:55:29,21750.0,5700,Sell,233413431
2024-08-21 09:55:29,21750.0,100,Sell,233413429
2024-08-21 09:55:30,21800.0,100,Buy,233413474
2024-08-21 09:56:01,21800.0,1000,Buy,233414219
2024-08-21 09:56:04,21750.0,2400,Sell,233414349
2024-08-21 09:56:04,21750.0,100,Sell,233414347
2024-08-21 09:56:04,21750.0,100,Sell,233414345
2024-08-21 09:56:04,21750.0,300,Sell,233414344
2024-08-21 09:56:04,21750.0,100,Sell,233414343
2024-08-21 09:56:04,21750.0,100,Sell,233414342
2024-08-21 09:56:04,21750.0,200,Sell,233414341
2024-08-21 09:56:04,21750.0,200,Sell,233414340
2024-08-21 09:56:04,21750.0,1600,Sell,233414339
2024-08-21 09:56:04,21750.0,2200,Sell,233414338
2024-08-21 09:56:04,21750.0,100,Sell,233414348
2024-08-21 09:56:04,21750.0,100,Sell,233414336
2024-08-21 09:56:04,21750.0,300,Sell,233414337
2024-08-21 09:56:04,21750.0,2100,Sell,233414326
2024-08-21 09:56:04,21750.0,200,Sell,233414327
2024-08-21 09:56:04,21750.0,100,Sell,233414328
2024-08-21 09:56:04,21750.0,10000,Sell,233414329
2024-08-21 09:56:04,21750.0,1000,Sell,233414346
2024-08-21 09:56:04,21750.0,200,Sell,233414331
2024-08-21 09:56:04,21750.0,100,Sell,233414330
2024-08-21 09:56:04,21750.0,1000,Sell,233414332
2024-08-21 09:56:04,21750.0,1000,Sell,233414333
2024-08-21 09:56:04,21750.0,100,Sell,233414334
2024-08-21 09:56:04,21750.0,100,Sell,233414335
2024-08-21 09:56:39,21750.0,100,Sell,233415229
2024-08-21 09:57:05,21800.0,500,Buy,233415909
2024-08-21 09:57:05,21800.0,2000,Buy,233415910
2024-08-21 09:57:05,21800.0,500,Buy,233415907
2024-08-21 09:57:05,21800.0,4000,Buy,233415908
2024-08-21 09:57:18,21750.0,2200,Sell,233416266
2024-08-21 09:57:20,21800.0,300,Buy,233416322
2024-08-21 09:57:25,21800.0,1000,Buy,233416574
2024-08-21 09:57:25,21800.0,500,Buy,233416573
2024-08-21 09:57:25,21800.0,400,Buy,233416575
2024-08-21 09:57:25,21800.0,200,Buy,233416570
2024-08-21 09:57:25,21800.0,3000,Buy,233416572
2024-08-21 09:57:25,21800.0,100,Buy,233416571
2024-08-21 09:57:30,21800.0,100,Buy,233416767
2024-08-21 09:57:44,21800.0,200,Buy,233417178
2024-08-21 09:58:05,21800.0,100,Buy,233417879
2024-08-21 09:58:16,21800.0,300,Buy,233418183
2024-08-21 09:58:17,21800.0,100,Buy,233418212
2024-08-21 09:58:23,21800.0,1600,Buy,233418403
2024-08-21 09:58:23,21750.0,200,Sell,233418412
2024-08-21 09:58:23,21800.0,1600,Buy,233418404
2024-08-21 09:58:23,21800.0,500,Buy,233418402
2024-08-21 09:58:23,21800.0,100,Buy,233418400
2024-08-21 09:58:23,21800.0,100,Buy,233418401
2024-08-21 09:58:23,21800.0,1300,Buy,233418399
2024-08-21 09:58:55,21800.0,2000,Buy,233419194
2024-08-21 09:58:59,21750.0,4700,Sell,233419292
2024-08-21 09:58:59,21750.0,300,Sell,233419291
2024-08-21 09:59:12,21800.0,100,Buy,233419646
2024-08-21 09:59:21,21800.0,1300,Buy,233419958
2024-08-21 09:59:21,21800.0,3000,Buy,233419959
2024-08-21 09:59:21,21800.0,400,Buy,233419960
2024-08-21 09:59:21,21800.0,500,Buy,233419961
2024-08-21 09:59:21,21800.0,1000,Buy,233419964
2024-08-21 09:59:50,21800.0,100,Buy,233421055
2024-08-21 09:59:50,21800.0,100,Buy,233421053
2024-08-21 09:59:50,21800.0,100,Buy,233421054
2024-08-21 10:00:09,21800.0,5000,Buy,233421569
2024-08-21 10:00:14,21800.0,100,Buy,233421702
2024-08-21 10:00:19,21800.0,5200,Buy,233421874
2024-08-21 10:00:34,21800.0,100,Buy,233422239
2024-08-21 10:00:36,21750.0,200,Sell,233422308
2024-08-21 10:00:39,21800.0,100,Buy,233422370
2024-08-21 10:00:46,21800.0,9100,Buy,233422546
2024-08-21 10:00:51,21800.0,100,Buy,233422716
2024-08-21 10:01:09,21800.0,100,Buy,233423141
2024-08-21 10:01:10,21800.0,200,Buy,233423161
2024-08-21 10:01:16,21800.0,600,Buy,233423324
2024-08-21 10:01:16,21800.0,400,Buy,233423323
2024-08-21 10:01:16,21800.0,4000,Buy,233423289
2024-08-21 10:01:16,21800.0,1200,Buy,233423290
2024-08-21 10:01:17,21800.0,2000,Buy,233423339
2024-08-21 10:01:26,21800.0,2000,Buy,233423758
2024-08-21 10:01:41,21750.0,100,Sell,233424206
2024-08-21 10:01:41,21750.0,200,Sell,233424207
2024-08-21 10:01:43,21800.0,1000,Buy,233424323
2024-08-21 10:01:44,21800.0,400,Buy,233424332
2024-08-21 10:01:56,21800.0,100,Buy,233424667
2024-08-21 10:01:56,21750.0,2500,Sell,233424666
2024-08-21 10:01:56,21750.0,1000,Sell,233424665
2024-08-21 10:01:56,21750.0,300,Sell,233424664
2024-08-21 10:01:56,21750.0,200,Sell,233424663
2024-08-21 10:01:56,21750.0,3500,Sell,233424662
2024-08-21 10:01:56,21750.0,5200,Sell,233424660
2024-08-21 10:01:56,21750.0,200,Sell,233424659
2024-08-21 10:01:56,21750.0,1300,Sell,233424658
2024-08-21 10:01:56,21800.0,100,Buy,233424637
2024-08-21 10:01:56,21750.0,100,Sell,233424661
2024-08-21 10:02:12,21800.0,500,Buy,233425071
2024-08-21 10:02:14,21800.0,400,Buy,233425120
2024-08-21 10:02:14,21800.0,200,Buy,233425121
2024-08-21 10:02:14,21800.0,4300,Buy,233425122
2024-08-21 10:02:14,21800.0,300,Buy,233425123
2024-08-21 10:02:25,21800.0,100,Buy,233425463
2024-08-21 10:02:25,21800.0,900,Buy,233425464
2024-08-21 10:02:27,21800.0,300,Buy,233425505
2024-08-21 10:02:46,21800.0,300,Buy,233425985
2024-08-21 10:03:11,21800.0,1000,Buy,233426737
2024-08-21 10:03:11,21800.0,600,Buy,233426752
2024-08-21 10:03:11,21800.0,2000,Buy,233426753
2024-08-21 10:03:11,21800.0,2000,Buy,233426754
2024-08-21 10:03:11,21800.0,100,Buy,233426755
2024-08-21 10:03:11,21800.0,500,Buy,233426756
2024-08-21 10:03:20,21800.0,100,Buy,233426975
2024-08-21 10:03:21,21800.0,700,Buy,233427048
2024-08-21 10:03:55,21750.0,100,Sell,233428100
2024-08-21 10:03:57,21800.0,1000,Buy,233428221
2024-08-21 10:03:57,21800.0,1000,Buy,233428220
2024-08-21 10:03:57,21800.0,5000,Buy,233428219
2024-08-21 10:03:57,21800.0,2300,Buy,233428218
2024-08-21 10:03:57,21800.0,700,Buy,233428217
2024-08-21 10:04:09,21800.0,5200,Buy,233428494
2024-08-21 10:04:13,21800.0,1700,Buy,233428631
2024-08-21 10:04:13,21800.0,1400,Buy,233428632
2024-08-21 10:04:19,21750.0,100,Sell,233428848
2024-08-21 10:04:19,21750.0,300,Sell,233428849
2024-08-21 10:04:19,21750.0,200,Sell,233428850
2024-08-21 10:04:30,21800.0,2000,Buy,233429181
2024-08-21 10:05:03,21800.0,100,Buy,233430408
2024-08-21 10:05:07,21800.0,200,Buy,233430596
2024-08-21 10:05:07,21800.0,300,Buy,233430591
2024-08-21 10:05:07,21800.0,1500,Buy,233430588
2024-08-21 10:05:07,21800.0,3000,Buy,233430589
2024-08-21 10:05:07,21800.0,400,Buy,233430590
2024-08-21 10:05:14,21800.0,100,Buy,233430915
2024-08-21 10:05:15,21800.0,100,Buy,233430941
2024-08-21 10:05:16,21750.0,400,Sell,233430984
2024-08-21 10:05:16,21750.0,4600,Sell,233430983
2024-08-21 10:05:16,21750.0,500,Sell,233430982
2024-08-21 10:05:16,21750.0,200,Sell,233430981
2024-08-21 10:05:16,21750.0,2400,Sell,233430979
2024-08-21 10:05:16,21750.0,500,Sell,233430980
2024-08-21 10:05:16,21750.0,5700,Sell,233430977
2024-08-21 10:05:16,21750.0,1600,Sell,233430976
2024-08-21 10:05:16,21750.0,200,Sell,233430975
2024-08-21 10:05:16,21750.0,1700,Sell,233430974
2024-08-21 10:05:16,21750.0,100,Sell,233430973
2024-08-21 10:05:16,21750.0,300,Sell,233430978
2024-08-21 10:05:30,21750.0,800,Sell,233431449
2024-08-21 10:05:39,21750.0,200,Sell,233431882
2024-08-21 10:05:39,21750.0,1000,Sell,233431883
2024-08-21 10:05:42,21800.0,200,Buy,233432016
2024-08-21 10:05:44,21750.0,300,Sell,233432103
2024-08-21 10:06:13,21800.0,100,Buy,233433379
2024-08-21 10:06:13,21800.0,8500,Buy,233433380
2024-08-21 10:06:13,21800.0,300,Buy,233433377
2024-08-21 10:06:13,21800.0,11000,Buy,233433378
2024-08-21 10:06:13,21800.0,5100,Buy,233433367
2024-08-21 10:06:28,21800.0,100,Buy,233433972
2024-08-21 10:06:30,21800.0,400,Buy,233434038
2024-08-21 10:06:30,21800.0,100,Buy,233434039
2024-08-21 10:06:38,21800.0,500,Buy,233434379
2024-08-21 10:07:03,21800.0,400,Buy,233435275
2024-08-21 10:07:03,21800.0,4800,Buy,233435276
2024-08-21 10:07:16,21800.0,500,Buy,233435699
2024-08-21 10:07:29,21800.0,3000,Buy,233436061
2024-08-21 10:07:35,21800.0,800,Buy,233436304
2024-08-21 10:07:51,21800.0,100,Buy,233436861
2024-08-21 10:07:53,21800.0,1100,Buy,233436904
2024-08-21 10:07:53,21800.0,800,Buy,233436902
2024-08-21 10:07:53,21800.0,100,Buy,233436903
2024-08-21 10:07:59,21800.0,900,Buy,233437085
2024-08-21 10:07:59,21800.0,100,Buy,233437086
2024-08-21 10:07:59,21800.0,500,Buy,233437087
2024-08-21 10:07:59,21800.0,200,Buy,233437088
2024-08-21 10:07:59,21800.0,600,Buy,233437089
2024-08-21 10:07:59,21800.0,2800,Buy,233437090
2024-08-21 10:08:12,21800.0,300,Buy,233437523
2024-08-21 10:08:31,21800.0,100,Buy,233438274
2024-08-21 10:08:31,21800.0,400,Buy,233438283
2024-08-21 10:08:35,21800.0,2000,Buy,233438383
2024-08-21 10:08:39,21800.0,300,Buy,233438491
2024-08-21 10:08:50,21800.0,100,Buy,233438921
2024-08-21 10:08:50,21800.0,1200,Buy,233438922
2024-08-21 10:08:58,21800.0,3800,Buy,233439252
2024-08-21 10:08:58,21800.0,200,Buy,233439253
2024-08-21 10:08:58,21800.0,1100,Buy,233439254
2024-08-21 10:09:03,21800.0,10000,Buy,233439386
2024-08-21 10:09:06,21800.0,200,Buy,233439524
2024-08-21 10:09:06,21800.0,200,Buy,233439530
2024-08-21 10:09:33,21750.0,100,Sell,233440423
2024-08-21 10:10:05,21750.0,6200,Sell,233441360
2024-08-21 10:10:05,21750.0,3800,Sell,233441361
2024-08-21 10:10:08,21750.0,600,Sell,233441446
2024-08-21 10:10:12,21800.0,400,Buy,233441629
2024-08-21 10:10:14,21800.0,300,Buy,233441675
2024-08-21 10:10:21,21750.0,100,Sell,233441847
2024-08-21 10:10:21,21750.0,800,Sell,233441845
2024-08-21 10:10:21,21750.0,500,Sell,233441846
2024-08-21 10:10:22,21750.0,100,Sell,233441852
2024-08-21 10:10:22,21750.0,100,Sell,233441853
2024-08-21 10:10:43,21750.0,1000,Sell,233442565
2024-08-21 10:10:50,21750.0,3900,Sell,233442744
2024-08-21 10:10:50,21750.0,100,Sell,233442745
2024-08-21 10:10:50,21750.0,1000,Sell,233442746
2024-08-21 10:11:27,21750.0,1000,Sell,233444096
2024-08-21 10:11:27,21750.0,700,Sell,233444097
2024-08-21 10:11:45,21800.0,100,Buy,233444865
2024-08-21 10:11:48,21750.0,300,Sell,233444992
2024-08-21 10:11:48,21750.0,100,Sell,233444991
2024-08-21 10:11:48,21750.0,1600,Sell,233444990
2024-08-21 10:11:50,21750.0,500,Sell,233445038
2024-08-21 10:12:02,21800.0,200,Buy,233445398
2024-08-21 10:12:10,21800.0,1000,Buy,233445588
2024-08-21 10:12:20,21800.0,1000,Buy,233445788
2024-08-21 10:12:43,21800.0,100,Buy,233446293
2024-08-21 10:12:46,21750.0,100,Sell,233446425
2024-08-21 10:12:46,21750.0,200,Sell,233446426
2024-08-21 10:12:51,21800.0,200,Buy,233446584
2024-08-21 10:12:53,21800.0,1000,Buy,233446631
2024-08-21 10:12:53,21800.0,3000,Buy,233446632
2024-08-21 10:12:53,21800.0,1000,Buy,233446633
2024-08-21 10:12:55,21800.0,600,Buy,233446669
2024-08-21 10:13:28,21800.0,5000,Buy,233447611
2024-08-21 10:13:46,21800.0,5100,Buy,233447949
2024-08-21 10:14:13,21800.0,100,Buy,233448543
2024-08-21 10:14:13,21800.0,400,Buy,233448539
2024-08-21 10:14:39,21800.0,12800,Buy,233449290
2024-08-21 10:14:39,21800.0,1600,Buy,233449291
2024-08-21 10:14:39,21800.0,7100,Buy,233449292
2024-08-21 10:14:39,21800.0,200,Buy,233449293
2024-08-21 10:14:39,21800.0,4300,Buy,233449294
2024-08-21 10:14:39,21800.0,3100,Buy,233449295
2024-08-21 10:14:39,21800.0,300,Buy,233449296
2024-08-21 10:14:39,21800.0,100,Buy,233449297
2024-08-21 10:14:39,21800.0,1000,Buy,233449298
2024-08-21 10:14:39,21800.0,19500,Buy,233449299
2024-08-21 10:14:41,21800.0,200,Buy,233449325
2024-08-21 10:14:44,21800.0,300,Buy,233449389
2024-08-21 10:14:44,21800.0,500,Buy,233449390
2024-08-21 10:14:44,21800.0,200,Buy,233449391
2024-08-21 10:14:44,21800.0,100,Buy,233449392
2024-08-21 10:14:44,21800.0,4000,Buy,233449388
2024-08-21 10:14:51,21800.0,1000,Buy,233449609
2024-08-21 10:15:01,21800.0,100,Buy,233449799
2024-08-21 10:15:08,21800.0,5000,Buy,233449979
2024-08-21 10:15:17,21800.0,800,Buy,233450161
2024-08-21 10:15:19,21800.0,500,Buy,233450215
2024-08-21 10:15:19,21800.0,400,Buy,233450240
2024-08-21 10:15:19,21800.0,100,Buy,233450241
2024-08-21 10:15:19,21800.0,500,Buy,233450242
2024-08-21 10:15:28,21750.0,1400,Sell,233450407
2024-08-21 10:15:28,21750.0,200,Sell,233450406
2024-08-21 10:15:28,21750.0,100,Sell,233450402
2024-08-21 10:15:28,21750.0,3000,Sell,233450404
2024-08-21 10:15:28,21750.0,5200,Sell,233450403
2024-08-21 10:15:28,21750.0,100,Sell,233450405
2024-08-21 10:15:29,21800.0,2000,Buy,233450433
2024-08-21 10:15:29,21800.0,2000,Buy,233450432
2024-08-21 10:15:29,21800.0,500,Buy,233450431
2024-08-21 10:15:29,21800.0,15800,Buy,233450430
2024-08-21 10:15:29,21800.0,7900,Buy,233450429
2024-08-21 10:15:29,21800.0,100,Buy,233450428
2024-08-21 10:15:29,21800.0,100,Buy,233450425
2024-08-21 10:15:29,21800.0,2300,Buy,233450426
2024-08-21 10:15:29,21800.0,7900,Buy,233450424
2024-08-21 10:15:29,21800.0,1000,Buy,233450421
2024-08-21 10:15:29,21800.0,1000,Buy,233450420
2024-08-21 10:15:29,21800.0,1500,Buy,233450419
2024-08-21 10:15:29,21800.0,7900,Buy,233450427
2024-08-21 10:15:30,21800.0,100,Buy,233450470
2024-08-21 10:15:34,21800.0,900,Buy,233450558
2024-08-21 10:15:34,21800.0,100,Buy,233450559
2024-08-21 10:15:34,21800.0,900,Buy,233450565
2024-08-21 10:15:41,21800.0,3400,Buy,233450774
2024-08-21 10:15:41,21800.0,1000,Buy,233450773
2024-08-21 10:15:41,21800.0,100,Buy,233450771
2024-08-21 10:15:41,21800.0,100,Buy,233450770
2024-08-21 10:15:41,21800.0,500,Buy,233450772
2024-08-21 10:15:42,21800.0,500,Buy,233450776
2024-08-21 10:15:46,21800.0,1100,Buy,233450867
2024-08-21 10:15:46,21800.0,3900,Buy,233450868
2024-08-21 10:15:49,21800.0,1000,Buy,233450947
2024-08-21 10:15:49,21800.0,1000,Buy,233450948
2024-08-21 10:15:56,21800.0,100,Buy,233451232
2024-08-21 10:15:56,21800.0,500,Buy,233451233
2024-08-21 10:15:57,21800.0,3400,Buy,233451249
2024-08-21 10:15:58,21800.0,200,Buy,233451262
2024-08-21 10:15:58,21800.0,1800,Buy,233451263
2024-08-21 10:15:59,21800.0,2000,Buy,233451277
2024-08-21 10:15:59,21800.0,1000,Buy,233451278
2024-08-21 10:15:59,21800.0,2000,Buy,233451275
2024-08-21 10:15:59,21800.0,1700,Buy,233451274
2024-08-21 10:15:59,21800.0,7900,Buy,233451276
2024-08-21 10:16:26,21850.0,200,Buy,233452014
2024-08-21 10:16:40,21850.0,3500,Buy,233452353
2024-08-21 10:16:40,21850.0,1600,Buy,233452354
2024-08-21 10:16:44,21800.0,1000,Sell,233452424
2024-08-21 10:16:49,21800.0,1000,Sell,233452600
2024-08-21 10:17:03,21800.0,1000,Sell,233452935
2024-08-21 10:17:04,21800.0,12400,Sell,233452986
2024-08-21 10:17:04,21800.0,1000,Sell,233452987
2024-08-21 10:17:04,21800.0,10000,Sell,233452988
2024-08-21 10:17:04,21800.0,100,Sell,233452989
2024-08-21 10:17:04,21800.0,1500,Sell,233452990
2024-08-21 10:17:21,21800.0,300,Sell,233453527
2024-08-21 10:17:38,21850.0,200,Buy,233453997
2024-08-21 10:17:38,21850.0,400,Buy,233453996
2024-08-21 10:18:10,21850.0,300,Buy,233454708
2024-08-21 10:18:35,21850.0,5100,Buy,233455387
2024-08-21 10:19:18,21850.0,400,Buy,233456709
2024-08-21 10:19:22,21850.0,100,Buy,233456793
2024-08-21 10:19:33,21850.0,5100,Buy,233457064
2024-08-21 10:19:39,21850.0,2000,Buy,233457227
2024-08-21 10:19:41,21850.0,300,Buy,233457298
2024-08-21 10:19:54,21800.0,10000,Sell,233457582
2024-08-21 10:19:54,21800.0,8200,Sell,233457595
2024-08-21 10:19:54,21800.0,43100,Sell,233457586
2024-08-21 10:19:54,21800.0,1000,Sell,233457585
2024-08-21 10:19:54,21800.0,5000,Sell,233457584
2024-08-21 10:19:54,21800.0,1000,Sell,233457583
2024-08-21 10:19:54,21800.0,4200,Sell,233457581
2024-08-21 10:19:54,21800.0,1200,Sell,233457573
2024-08-21 10:19:54,21800.0,3000,Sell,233457579
2024-08-21 10:19:54,21800.0,5000,Sell,233457578
2024-08-21 10:19:54,21800.0,1000,Sell,233457577
2024-08-21 10:19:54,21800.0,10000,Sell,233457576
2024-08-21 10:19:54,21800.0,300,Sell,233457575
2024-08-21 10:19:54,21800.0,5000,Sell,233457574
2024-08-21 10:19:54,21800.0,2000,Sell,233457580
2024-08-21 10:19:59,21850.0,1000,Buy,233457740
2024-08-21 10:20:03,21800.0,19900,Sell,233457839
2024-08-21 10:20:05,21850.0,20000,Buy,233457877
2024-08-21 10:20:14,21850.0,50000,Buy,233458034
2024-08-21 10:20:30,21850.0,5100,Buy,233458415
2024-08-21 10:21:28,21850.0,5100,Buy,233460011
2024-08-21 10:21:31,21850.0,500,Buy,233460108
2024-08-21 10:22:26,21850.0,4800,Buy,233461508
2024-08-21 10:22:26,21850.0,300,Buy,233461509
2024-08-21 10:22:38,21850.0,100,Buy,233461729
2024-08-21 10:22:44,21800.0,8200,Sell,233461873
2024-08-21 10:22:44,21800.0,300,Sell,233461872
2024-08-21 10:22:44,21800.0,24000,Sell,233461874
2024-08-21 10:22:44,21800.0,3500,Sell,233461870
2024-08-21 10:22:44,21800.0,100,Sell,233461869
2024-08-21 10:22:44,21800.0,5700,Sell,233461871
2024-08-21 10:22:45,21800.0,1600,Sell,233461879
2024-08-21 10:22:45,21800.0,7100,Sell,233461880
2024-08-21 10:22:45,21800.0,200,Sell,233461881
2024-08-21 10:22:45,21800.0,4300,Sell,233461882
2024-08-21 10:22:45,21800.0,400,Sell,233461883
2024-08-21 10:22:45,21800.0,3100,Sell,233461884
2024-08-21 10:22:47,21850.0,700,Buy,233461928
2024-08-21 10:22:51,21800.0,300,Sell,233462039
2024-08-21 10:22:51,21800.0,200,Sell,233462040
2024-08-21 10:22:51,21800.0,1000,Sell,233462041
2024-08-21 10:22:51,21800.0,1000,Sell,233462042
2024-08-21 10:22:51,21800.0,1000,Sell,233462043
2024-08-21 10:22:51,21800.0,100,Sell,233462047
2024-08-21 10:22:51,21800.0,200,Sell,233462045
2024-08-21 10:22:51,21800.0,500,Sell,233462038
2024-08-21 10:22:51,21800.0,2600,Sell,233462046
2024-08-21 10:22:51,21800.0,500,Sell,233462048
2024-08-21 10:22:51,21800.0,2000,Sell,233462049
2024-08-21 10:22:51,21800.0,2000,Sell,233462044
2024-08-21 10:22:51,21800.0,1700,Sell,233462037
2024-08-21 10:22:51,21800.0,200,Sell,233462026
2024-08-21 10:22:51,21800.0,3700,Sell,233462035
2024-08-21 10:22:51,21800.0,1000,Sell,233462034
2024-08-21 10:22:51,21800.0,100,Sell,233462033
2024-08-21 10:22:51,21800.0,1500,Sell,233462032
2024-08-21 10:22:51,21800.0,200,Sell,233462031
2024-08-21 10:22:51,21800.0,4500,Sell,233462030
2024-08-21 10:22:51,21800.0,100,Sell,233462029
2024-08-21 10:22:51,21800.0,200,Sell,233462028
2024-08-21 10:22:51,21800.0,1000,Sell,233462027
2024-08-21 10:22:51,21800.0,5100,Sell,233462025
2024-08-21 10:22:51,21800.0,2000,Sell,233462024
2024-08-21 10:22:51,21800.0,500,Sell,233462023
2024-08-21 10:22:51,21800.0,20300,Sell,233462022
2024-08-21 10:22:51,21800.0,1000,Sell,233462036
2024-08-21 10:22:52,21800.0,200,Buy,233462078
2024-08-21 10:23:00,21800.0,300,Buy,233462257
2024-08-21 10:23:08,21750.0,14300,Sell,233462376
2024-08-21 10:23:08,21750.0,600,Sell,233462374
2024-08-21 10:23:08,21750.0,100,Sell,233462375
2024-08-21 10:23:12,21750.0,100,Sell,233462484
2024-08-21 10:23:12,21750.0,1300,Sell,233462485
2024-08-21 10:23:12,21750.0,1000,Sell,233462495
2024-08-21 10:23:12,21750.0,100,Sell,233462496
2024-08-21 10:23:12,21750.0,500,Sell,233462498
2024-08-21 10:23:12,21750.0,1000,Sell,233462499
2024-08-21 10:23:12,21750.0,100,Sell,233462500
2024-08-21 10:23:12,21750.0,1000,Sell,233462501
2024-08-21 10:23:12,21750.0,1000,Sell,233462502
2024-08-21 10:23:12,21750.0,200,Sell,233462504
2024-08-21 10:23:12,21750.0,1300,Sell,233462505
2024-08-21 10:23:12,21750.0,1000,Sell,233462506
2024-08-21 10:23:12,21750.0,100,Sell,233462507
2024-08-21 10:23:12,21750.0,500,Sell,233462508
2024-08-21 10:23:12,21750.0,1400,Sell,233462509
2024-08-21 10:23:12,21750.0,3500,Sell,233462503
2024-08-21 10:23:12,21750.0,500,Sell,233462483
2024-08-21 10:23:12,21750.0,500,Sell,233462497
2024-08-21 10:23:12,21750.0,200,Sell,233462481
2024-08-21 10:23:12,21750.0,3500,Sell,233462464
2024-08-21 10:23:12,21750.0,2100,Sell,233462465
2024-08-21 10:23:12,21750.0,3600,Sell,233462466
2024-08-21 10:23:12,21750.0,300,Sell,233462467
2024-08-21 10:23:12,21750.0,1300,Sell,233462468
2024-08-21 10:23:12,21750.0,100,Sell,233462469
2024-08-21 10:23:12,21750.0,500,Sell,233462471
2024-08-21 10:23:12,21750.0,100,Sell,233462472
2024-08-21 10:23:12,21750.0,1000,Sell,233462470
2024-08-21 10:23:12,21750.0,7800,Sell,233462474
2024-08-21 10:23:12,21750.0,100,Sell,233462475
2024-08-21 10:23:12,21750.0,100,Sell,233462463
2024-08-21 10:23:12,21750.0,1000,Sell,233462476
2024-08-21 10:23:12,21750.0,1000,Sell,233462477
2024-08-21 10:23:12,21750.0,1000,Sell,233462478
2024-08-21 10:23:12,21750.0,1000,Sell,233462479
2024-08-21 10:23:12,21750.0,5200,Sell,233462473
2024-08-21 10:23:12,21750.0,10000,Sell,233462482
2024-08-21 10:23:13,21750.0,400,Sell,233462515
2024-08-21 10:23:13,21750.0,3100,Sell,233462516
2024-08-21 10:23:20,21800.0,100,Buy,233462677
2024-08-21 10:23:24,21800.0,5100,Buy,233462738
2024-08-21 10:24:01,21800.0,2000,Buy,233463670
2024-08-21 10:24:21,21800.0,5100,Buy,233464194
2024-08-21 10:24:35,21800.0,500,Buy,233464530
2024-08-21 10:24:53,21800.0,400,Buy,233464906
2024-08-21 10:24:58,21800.0,5000,Buy,233465124
2024-08-21 10:25:11,21800.0,1000,Buy,233465567
2024-08-21 10:25:15,21800.0,1600,Buy,233465689
2024-08-21 10:25:18,21800.0,5100,Buy,233465793
2024-08-21 10:25:20,21800.0,100,Buy,233465836
2024-08-21 10:25:27,21750.0,100,Sell,233465968
2024-08-21 10:25:53,21750.0,5000,Sell,233466665
2024-08-21 10:26:10,21750.0,100,Sell,233467117
2024-08-21 10:26:18,21800.0,5000,Buy,233467377
2024-08-21 10:26:27,21750.0,100,Sell,233467751
2024-08-21 10:26:54,21800.0,900,Buy,233468596
2024-08-21 10:27:03,21800.0,10000,Buy,233468778
2024-08-21 10:27:11,21800.0,300,Buy,233469093
2024-08-21 10:27:14,21800.0,5100,Buy,233469139
2024-08-21 10:27:49,21750.0,5200,Sell,233470217
2024-08-21 10:27:49,21750.0,1800,Sell,233470223
2024-08-21 10:27:49,21750.0,500,Sell,233470222
2024-08-21 10:27:49,21750.0,700,Sell,233470221
2024-08-21 10:27:49,21750.0,200,Sell,233470220
2024-08-21 10:27:49,21750.0,200,Sell,233470219
2024-08-21 10:27:49,21750.0,2000,Sell,233470216
2024-08-21 10:27:49,21750.0,100,Sell,233470218
2024-08-21 10:27:49,21750.0,200,Sell,233470214
2024-08-21 10:27:49,21750.0,1000,Sell,233470206
2024-08-21 10:27:49,21750.0,500,Sell,233470207
2024-08-21 10:27:49,21750.0,1000,Sell,233470208
2024-08-21 10:27:49,21750.0,1000,Sell,233470215
2024-08-21 10:27:49,21750.0,100,Sell,233470212
2024-08-21 10:27:49,21750.0,9800,Sell,233470205
2024-08-21 10:27:49,21750.0,2000,Sell,233470213
2024-08-21 10:27:49,21750.0,100,Sell,233470209
2024-08-21 10:28:20,21750.0,500,Sell,233470885
2024-08-21 10:28:20,21750.0,3000,Sell,233470886
2024-08-21 10:28:20,21750.0,200,Sell,233470883
2024-08-21 10:28:20,21750.0,1300,Sell,233470884
2024-08-21 10:28:21,21750.0,1000,Sell,233470902
2024-08-21 10:28:38,21800.0,1000,Buy,233471448
2024-08-21 10:28:51,21750.0,300,Sell,233471990
2024-08-21 10:29:02,21800.0,1000,Buy,233472456
2024-08-21 10:29:10,21800.0,5100,Buy,233472812
2024-08-21 10:29:40,21800.0,20000,Buy,233473779
2024-08-21 10:29:57,21800.0,100,Buy,233474359
2024-08-21 10:30:08,21800.0,5100,Buy,233474663
2024-08-21 10:30:39,21750.0,200,Sell,233475728
2024-08-21 10:30:39,21750.0,700,Sell,233475726
2024-08-21 10:30:39,21750.0,100,Sell,233475727
2024-08-21 10:30:55,21800.0,200,Buy,233476406
2024-08-21 10:30:58,21750.0,100,Sell,233476515
2024-08-21 10:31:12,21750.0,700,Sell,233477024
2024-08-21 10:31:12,21750.0,1000,Sell,233477025
2024-08-21 10:31:12,21750.0,300,Sell,233477026
2024-08-21 10:31:14,21750.0,200,Sell,233477068
2024-08-21 10:31:14,21750.0,200,Sell,233477069
2024-08-21 10:31:17,21750.0,800,Sell,233477170
2024-08-21 10:31:17,21750.0,1200,Sell,233477171
2024-08-21 10:31:21,21750.0,200,Sell,233477345
2024-08-21 10:31:23,21750.0,200,Sell,233477521
2024-08-21 10:31:23,21750.0,200,Sell,233477509
2024-08-21 10:31:23,21750.0,200,Sell,233477508
2024-08-21 10:31:23,21750.0,300,Sell,233477506
2024-08-21 10:31:23,21750.0,500,Sell,233477505
2024-08-21 10:31:23,21750.0,5100,Sell,233477504
2024-08-21 10:31:23,21750.0,200,Sell,233477507
2024-08-21 10:31:31,21750.0,100,Sell,233477957
2024-08-21 10:31:31,21750.0,100,Sell,233477958
2024-08-21 10:31:32,21750.0,2000,Sell,233478009
2024-08-21 10:31:33,21750.0,500,Sell,233478054
2024-08-21 10:32:00,21750.0,3500,Sell,233479125
2024-08-21 10:32:00,21750.0,100,Sell,233479124
2024-08-21 10:32:00,21750.0,500,Sell,233479111
2024-08-21 10:32:00,21750.0,200,Sell,233479112
2024-08-21 10:32:00,21750.0,2500,Sell,233479110
2024-08-21 10:32:00,21750.0,7900,Sell,233479113
2024-08-21 10:32:01,21750.0,5700,Sell,233479148
2024-08-21 10:32:01,21750.0,300,Sell,233479149
2024-08-21 10:32:01,21750.0,8200,Sell,233479150
2024-08-21 10:32:01,21750.0,24000,Sell,233479151
2024-08-21 10:32:01,21750.0,1600,Sell,233479152
2024-08-21 10:32:01,21750.0,7100,Sell,233479153
2024-08-21 10:32:01,21750.0,2000,Sell,233479154
2024-08-21 10:32:01,21750.0,200,Sell,233479158
2024-08-21 10:32:01,21750.0,4300,Sell,233479159
2024-08-21 10:32:01,21750.0,400,Sell,233479160
2024-08-21 10:32:01,21750.0,3100,Sell,233479161
2024-08-21 10:32:19,21750.0,2000,Sell,233479873
2024-08-21 10:32:24,21750.0,2000,Sell,233480171
2024-08-21 10:32:24,21750.0,300,Sell,233480172
2024-08-21 10:32:24,21750.0,100,Sell,233480173
2024-08-21 10:32:24,21750.0,200,Sell,233480174
2024-08-21 10:32:24,21750.0,10000,Sell,233480176
2024-08-21 10:32:24,21750.0,5100,Sell,233480177
2024-08-21 10:32:24,21750.0,100,Sell,233480182
2024-08-21 10:32:24,21750.0,100,Sell,233480178
2024-08-21 10:32:24,21750.0,5000,Sell,233480179
2024-08-21 10:32:24,21750.0,400,Sell,233480180
2024-08-21 10:32:24,21750.0,10000,Sell,233480181
2024-08-21 10:32:24,21750.0,1700,Sell,233480170
2024-08-21 10:32:24,21750.0,2000,Sell,233480183
2024-08-21 10:32:24,21750.0,1900,Sell,233480191
2024-08-21 10:32:24,21750.0,500,Sell,233480185
2024-08-21 10:32:24,21750.0,5100,Sell,233480186
2024-08-21 10:32:24,21750.0,100,Sell,233480187
2024-08-21 10:32:24,21750.0,2000,Sell,233480188
2024-08-21 10:32:24,21750.0,1000,Sell,233480169
2024-08-21 10:32:24,21750.0,100,Sell,233480190
2024-08-21 10:32:24,21750.0,1000,Sell,233480192
2024-08-21 10:32:24,21750.0,5100,Sell,233480193
2024-08-21 10:32:24,21750.0,2000,Sell,233480194
2024-08-21 10:32:24,21750.0,700,Sell,233480195
2024-08-21 10:32:24,21750.0,1000,Sell,233480196
2024-08-21 10:32:24,21750.0,5100,Sell,233480197
2024-08-21 10:32:24,21750.0,100,Sell,233480198
2024-08-21 10:32:24,21750.0,1900,Sell,233480184
2024-08-21 10:32:24,21750.0,5000,Sell,233480168
2024-08-21 10:32:24,21750.0,16000,Sell,233480189
2024-08-21 10:32:24,21750.0,500,Sell,233480166
2024-08-21 10:32:24,21750.0,10000,Sell,233480167
2024-08-21 10:32:24,21750.0,29600,Sell,233480137
2024-08-21 10:32:24,21750.0,1000,Sell,233480138
2024-08-21 10:32:24,21750.0,5000,Sell,233480139
2024-08-21 10:32:24,21750.0,500,Sell,233480141
2024-08-21 10:32:24,21750.0,5100,Sell,233480142
2024-08-21 10:32:24,21750.0,100,Sell,233480143
2024-08-21 10:32:24,21750.0,5100,Sell,233480144
2024-08-21 10:32:24,21750.0,100,Sell,233480145
2024-08-21 10:32:24,21750.0,100,Sell,233480146
2024-08-21 10:32:24,21750.0,5000,Sell,233480147
2024-08-21 10:32:24,21750.0,1000,Sell,233480148
2024-08-21 10:32:24,21750.0,2700,Sell,233480149
2024-08-21 10:32:24,21750.0,300,Sell,233480150
2024-08-21 10:32:24,21750.0,1000,Sell,233480140
2024-08-21 10:32:24,21750.0,500,Sell,233480152
2024-08-21 10:32:24,21750.0,100,Sell,233480164
2024-08-21 10:32:24,21750.0,100,Sell,233480163
2024-08-21 10:32:24,21750.0,100,Sell,233480162
2024-08-21 10:32:24,21750.0,1000,Sell,233480165
2024-08-21 10:32:24,21750.0,200,Sell,233480161
2024-08-21 10:32:24,21750.0,4000,Sell,233480151
2024-08-21 10:32:24,21750.0,200,Sell,233480160
2024-08-21 10:32:24,21750.0,300,Sell,233480158
2024-08-21 10:32:24,21750.0,100,Sell,233480157
2024-08-21 10:32:24,21750.0,1000,Sell,233480156
2024-08-21 10:32:24,21750.0,500,Sell,233480155
2024-08-21 10:32:24,21750.0,1400,Sell,233480154
2024-08-21 10:32:24,21750.0,53400,Sell,233480153
2024-08-21 10:32:24,21750.0,100,Sell,233480159
2024-08-21 10:32:45,21750.0,1000,Buy,233481144
2024-08-21 10:33:01,21750.0,1000,Buy,233481966
2024-08-21 10:33:01,21750.0,200,Buy,233481967
2024-08-21 10:33:01,21750.0,5100,Buy,233481954
2024-08-21 10:33:01,21750.0,3400,Buy,233481965
2024-08-21 10:33:14,21750.0,500,Buy,233482480
2024-08-21 10:33:20,21750.0,500,Buy,233482719
2024-08-21 10:33:49,21750.0,100,Buy,233483907
2024-08-21 10:33:58,21750.0,5100,Buy,233484355
2024-08-21 10:34:08,21750.0,300,Buy,233484859
2024-08-21 10:34:27,21700.0,2000,Sell,233485799
2024-08-21 10:34:29,21750.0,2000,Buy,233485847
2024-08-21 10:34:47,21700.0,100,Sell,233486707
2024-08-21 10:34:48,21750.0,100,Buy,233486734
2024-08-21 10:34:56,21750.0,5100,Buy,233487192
2024-08-21 10:35:03,21750.0,100,Buy,233487556
2024-08-21 10:35:08,21750.0,300,Buy,233487720
2024-08-21 10:35:21,21700.0,100,Sell,233488323
2024-08-21 10:35:34,21700.0,5800,Sell,233488992
2024-08-21 10:35:34,21700.0,200,Sell,233488993
2024-08-21 10:35:34,21700.0,4000,Sell,233488994
2024-08-21 10:35:40,21700.0,800,Sell,233489231
2024-08-21 10:35:40,21700.0,100,Sell,233489230
2024-08-21 10:35:40,21700.0,100,Sell,233489229
2024-08-21 10:35:40,21700.0,1000,Sell,233489228
2024-08-21 10:35:40,21700.0,1000,Sell,233489227
2024-08-21 10:35:57,21750.0,100,Buy,233490031
2024-08-21 10:36:19,21700.0,300,Sell,233490909
2024-08-21 10:36:19,21700.0,100,Sell,233490910
2024-08-21 10:36:19,21700.0,4600,Sell,233490911
2024-08-21 10:36:20,21700.0,3000,Sell,233490959
2024-08-21 10:36:20,21700.0,100,Sell,233490960
2024-08-21 10:36:20,21700.0,100,Sell,233490961
2024-08-21 10:36:20,21700.0,100,Sell,233490962
2024-08-21 10:36:20,21700.0,300,Sell,233490963
2024-08-21 10:36:20,21700.0,14700,Sell,233490964
2024-08-21 10:36:20,21700.0,1600,Sell,233490968
2024-08-21 10:36:20,21700.0,3700,Sell,233490969
2024-08-21 10:36:20,21700.0,3000,Sell,233490972
2024-08-21 10:36:20,21700.0,200,Sell,233490971
2024-08-21 10:36:20,21700.0,600,Sell,233490958
2024-08-21 10:36:20,21700.0,200,Sell,233490973
2024-08-21 10:36:20,21700.0,4300,Sell,233490974
2024-08-21 10:36:20,21700.0,400,Sell,233490975
2024-08-21 10:36:20,21700.0,2100,Sell,233490976
2024-08-21 10:36:20,21700.0,1000,Sell,233490977
2024-08-21 10:36:20,21700.0,200,Sell,233490970
2024-08-21 10:36:20,21700.0,400,Sell,233490957
2024-08-21 10:36:20,21700.0,200,Sell,233490956
2024-08-21 10:36:20,21700.0,300,Sell,233490941
2024-08-21 10:36:20,21700.0,100,Sell,233490935
2024-08-21 10:36:20,21700.0,300,Sell,233490936
2024-08-21 10:36:20,21700.0,100,Sell,233490937
2024-08-21 10:36:20,21700.0,500,Sell,233490938
2024-08-21 10:36:20,21700.0,2600,Sell,233490939
2024-08-21 10:36:20,21700.0,5700,Sell,233490940
2024-08-21 10:36:20,21700.0,4500,Sell,233490955
2024-08-21 10:36:20,21700.0,1400,Sell,233490942
2024-08-21 10:36:20,21700.0,1200,Sell,233490943
2024-08-21 10:36:20,21700.0,500,Sell,233490944
2024-08-21 10:36:20,21700.0,500,Sell,233490945
2024-08-21 10:36:20,21700.0,100,Sell,233490946
2024-08-21 10:36:20,21700.0,200,Sell,233490947
2024-08-21 10:36:20,21700.0,100,Sell,233490948
2024-08-21 10:36:20,21700.0,2000,Sell,233490949
2024-08-21 10:36:20,21700.0,100,Sell,233490950
2024-08-21 10:36:20,21700.0,600,Sell,233490951
2024-08-21 10:36:20,21700.0,1000,Sell,233490953
2024-08-21 10:36:20,21700.0,500,Sell,233490954
2024-08-21 10:36:30,21700.0,1000,Sell,233491367
2024-08-21 10:36:30,21700.0,100,Sell,233491368
2024-08-21 10:36:30,21700.0,200,Sell,233491365
2024-08-21 10:36:30,21700.0,1000,Sell,233491370
2024-08-21 10:36:30,21700.0,100,Sell,233491371
2024-08-21 10:36:30,21700.0,500,Sell,233491369
2024-08-21 10:36:30,21700.0,10000,Sell,233491364
2024-08-21 10:36:30,21700.0,5000,Sell,233491366
2024-08-21 10:36:30,21700.0,8200,Sell,233491362
2024-08-21 10:36:30,21700.0,300,Sell,233491361
2024-08-21 10:36:30,21700.0,5700,Sell,233491360
2024-08-21 10:36:30,21700.0,3200,Sell,233491359
2024-08-21 10:36:30,21700.0,200,Sell,233491358
2024-08-21 10:36:30,21700.0,100,Sell,233491357
2024-08-21 10:36:30,21700.0,100,Sell,233491356
2024-08-21 10:36:30,21700.0,2600,Sell,233491363
2024-08-21 10:36:31,21700.0,600,Sell,233491397
2024-08-21 10:36:31,21700.0,500,Sell,233491398
2024-08-21 10:36:31,21700.0,5500,Sell,233491400
2024-08-21 10:36:31,21700.0,200,Sell,233491401
2024-08-21 10:36:31,21700.0,2600,Sell,233491405
2024-08-21 10:36:31,21700.0,400,Sell,233491403
2024-08-21 10:36:31,21700.0,500,Sell,233491404
2024-08-21 10:36:31,21700.0,400,Sell,233491396
2024-08-21 10:36:31,21700.0,4300,Sell,233491402
2024-08-21 10:36:31,21700.0,400,Sell,233491395
2024-08-21 10:36:31,21700.0,500,Sell,233491399
2024-08-21 10:36:31,21700.0,100,Sell,233491393
2024-08-21 10:36:31,21700.0,200,Sell,233491392
2024-08-21 10:36:31,21700.0,200,Sell,233491389
2024-08-21 10:36:31,21700.0,500,Sell,233491388
2024-08-21 10:36:31,21700.0,400,Sell,233491381
2024-08-21 10:36:31,21700.0,100,Sell,233491387
2024-08-21 10:36:31,21700.0,200,Sell,233491386
2024-08-21 10:36:31,21700.0,900,Sell,233491385
2024-08-21 10:36:31,21700.0,1000,Sell,233491384
2024-08-21 10:36:31,21700.0,100,Sell,233491383
2024-08-21 10:36:31,21700.0,100,Sell,233491382
2024-08-21 10:36:31,21700.0,500,Sell,233491394
2024-08-21 10:36:41,21700.0,4900,Sell,233491845
2024-08-21 10:36:41,21700.0,3000,Sell,233491844
2024-08-21 10:36:41,21700.0,200,Sell,233491842
2024-08-21 10:36:41,21700.0,1400,Sell,233491841
2024-08-21 10:36:41,21700.0,500,Sell,233491843
2024-08-21 10:36:47,21700.0,300,Sell,233492000
2024-08-21 10:37:04,21700.0,100,Sell,233492554
2024-08-21 10:37:06,21750.0,8400,Buy,233492760
2024-08-21 10:37:06,21750.0,8200,Buy,233492759
2024-08-21 10:37:06,21750.0,300,Buy,233492758
2024-08-21 10:37:06,21750.0,5700,Buy,233492757
2024-08-21 10:37:06,21750.0,7900,Buy,233492749
2024-08-21 10:37:06,21750.0,100,Buy,233492755
2024-08-21 10:37:06,21750.0,200,Buy,233492752
2024-08-21 10:37:06,21750.0,7900,Buy,233492751
2024-08-21 10:37:06,21750.0,7900,Buy,233492750
2024-08-21 10:37:06,21750.0,7900,Buy,233492748
2024-08-21 10:37:06,21750.0,3500,Buy,233492756
2024-08-21 10:37:06,21750.0,7900,Buy,233492746
2024-08-21 10:37:06,21750.0,7900,Buy,233492747
2024-08-21 10:37:06,21750.0,600,Buy,233492736
2024-08-21 10:37:06,21750.0,1000,Buy,233492738
2024-08-21 10:37:06,21750.0,1000,Buy,233492739
2024-08-21 10:37:06,21750.0,1000,Buy,233492740
2024-08-21 10:37:06,21750.0,100,Buy,233492737
2024-08-21 10:37:06,21750.0,1000,Buy,233492742
2024-08-21 10:37:06,21750.0,1000,Buy,233492743
2024-08-21 10:37:06,21750.0,3000,Buy,233492744
2024-08-21 10:37:06,21750.0,7900,Buy,233492745
2024-08-21 10:37:06,21750.0,9600,Buy,233492741
2024-08-21 10:37:08,21700.0,300,Sell,233492839
2024-08-21 10:37:08,21700.0,700,Sell,233492840
2024-08-21 10:37:44,21750.0,1900,Buy,233494238
2024-08-21 10:37:44,21750.0,1900,Buy,233494241
2024-08-21 10:37:44,21750.0,7900,Buy,233494240
2024-08-21 10:37:44,21750.0,6000,Buy,233494239
2024-08-21 10:37:44,21750.0,3100,Buy,233494237
2024-08-21 10:37:44,21750.0,200,Buy,233494234
2024-08-21 10:37:44,21750.0,4300,Buy,233494235
2024-08-21 10:37:44,21750.0,7100,Buy,233494233
2024-08-21 10:37:44,21750.0,1600,Buy,233494232
2024-08-21 10:37:44,21750.0,15600,Buy,233494231
2024-08-21 10:37:44,21750.0,400,Buy,233494236
2024-08-21 10:37:49,21750.0,100,Buy,233494412
2024-08-21 10:37:49,21750.0,300,Buy,233494413
2024-08-21 10:37:49,21750.0,100,Buy,233494414
2024-08-21 10:37:49,21750.0,200,Buy,233494415
2024-08-21 10:37:49,21750.0,4400,Buy,233494416
2024-08-21 10:38:05,21750.0,200,Buy,233495073
2024-08-21 10:38:05,21750.0,1400,Buy,233495075
2024-08-21 10:38:05,21750.0,2000,Buy,233495074
2024-08-21 10:38:05,21750.0,100,Buy,233495072
2024-08-21 10:38:05,21750.0,7000,Buy,233495068
2024-08-21 10:38:05,21750.0,1000,Buy,233495070
2024-08-21 10:38:05,21750.0,2000,Buy,233495069
2024-08-21 10:38:05,21750.0,5000,Buy,233495067
2024-08-21 10:38:05,21750.0,300,Buy,233495066
2024-08-21 10:38:05,21750.0,1000,Buy,233495071
2024-08-21 10:38:16,21750.0,4600,Buy,233495342
2024-08-21 10:38:16,21750.0,200,Buy,233495343
2024-08-21 10:38:16,21750.0,200,Buy,233495344
2024-08-21 10:38:20,21750.0,800,Buy,233495482
2024-08-21 10:38:20,21750.0,200,Buy,233495483
2024-08-21 10:38:22,21750.0,100,Buy,233495552
2024-08-21 10:38:31,21750.0,100,Buy,233495788
2024-08-21 10:38:32,21750.0,300,Buy,233495827
2024-08-21 10:38:32,21750.0,600,Buy,233495825
2024-08-21 10:38:32,21750.0,400,Buy,233495826
2024-08-21 10:38:37,21750.0,100,Sell,233496027
2024-08-21 10:38:37,21750.0,100,Sell,233496028
2024-08-21 10:38:45,21700.0,1500,Sell,233496298
2024-08-21 10:38:48,21700.0,1000,Sell,233496391
2024-08-21 10:38:54,21750.0,100,Buy,233496565
2024-08-21 10:39:07,21750.0,700,Sell,233496938
2024-08-21 10:39:10,21750.0,1000,Sell,233497033
2024-08-21 10:39:12,21750.0,2000,Sell,233497180
2024-08-21 10:39:18,21750.0,400,Sell,233497390
2024-08-21 10:39:22,21750.0,100,Sell,233497471
2024-08-21 10:39:23,21750.0,200,Sell,233497536
2024-08-21 10:39:48,21750.0,1500,Sell,233498262
2024-08-21 10:39:50,21800.0,300,Buy,233498372
2024-08-21 10:39:50,21800.0,2200,Buy,233498374
2024-08-21 10:39:50,21800.0,3500,Buy,233498370
2024-08-21 10:39:50,21800.0,5700,Buy,233498371
2024-08-21 10:39:50,21800.0,8200,Buy,233498373
2024-08-21 10:39:50,21800.0,100,Buy,233498369
2024-08-21 10:39:55,21750.0,1000,Sell,233498541
2024-08-21 10:40:19,21750.0,200,Sell,233499106
2024-08-21 10:40:24,21750.0,2000,Sell,233499274
2024-08-21 10:40:50,21750.0,2000,Sell,233499946
2024-08-21 10:41:01,21750.0,9000,Sell,233500176
2024-08-21 10:41:18,21750.0,3500,Sell,233500617
2024-08-21 10:41:18,21750.0,3100,Sell,233500631
2024-08-21 10:41:18,21750.0,400,Sell,233500630
2024-08-21 10:41:18,21750.0,4300,Sell,233500629
2024-08-21 10:41:18,21750.0,200,Sell,233500628
2024-08-21 10:41:18,21750.0,7100,Sell,233500627
2024-08-21 10:41:18,21750.0,100,Sell,233500616
2024-08-21 10:41:18,21750.0,24000,Sell,233500621
2024-08-21 10:41:18,21750.0,8200,Sell,233500620
2024-08-21 10:41:18,21750.0,300,Sell,233500619
2024-08-21 10:41:18,21750.0,5700,Sell,233500618
2024-08-21 10:41:18,21750.0,1600,Sell,233500626
2024-08-21 10:41:38,21750.0,2100,Sell,233501025
2024-08-21 10:41:38,21750.0,1000,Sell,233501024
2024-08-21 10:41:38,21750.0,400,Sell,233501023
2024-08-21 10:41:38,21750.0,3700,Sell,233501022
2024-08-21 10:41:38,21750.0,100,Sell,233501021
2024-08-21 10:41:38,21750.0,400,Sell,233501020
2024-08-21 10:41:38,21750.0,100,Sell,233501019
2024-08-21 10:41:38,21750.0,200,Sell,233501018
2024-08-21 10:41:38,21750.0,400,Sell,233501017
2024-08-21 10:41:38,21750.0,5100,Sell,233501016
2024-08-21 10:41:38,21750.0,1600,Sell,233501015
2024-08-21 10:41:38,21750.0,4700,Sell,233501013
2024-08-21 10:41:38,21750.0,7900,Sell,233501012
2024-08-21 10:41:38,21750.0,3500,Sell,233501010
2024-08-21 10:41:38,21750.0,8200,Sell,233501009
2024-08-21 10:41:38,21750.0,300,Sell,233501008
2024-08-21 10:41:38,21750.0,5700,Sell,233501007
2024-08-21 10:41:38,21750.0,3500,Sell,233501006
2024-08-21 10:41:38,21750.0,100,Sell,233501005
2024-08-21 10:41:38,21750.0,1600,Sell,233501014
2024-08-21 10:41:38,21750.0,7900,Sell,233501011
2024-08-21 10:41:49,21750.0,1000,Sell,233501252
2024-08-21 10:42:04,21750.0,700,Sell,233501582
2024-08-21 10:42:39,21800.0,1000,Buy,233502420
2024-08-21 10:42:42,21750.0,100,Sell,233502493
2024-08-21 10:42:49,21750.0,100,Sell,233502754
2024-08-21 10:42:49,21750.0,5100,Sell,233502755
2024-08-21 10:42:49,21750.0,100,Sell,233502756
2024-08-21 10:42:49,21750.0,200,Sell,233502757
2024-08-21 10:42:49,21750.0,200,Sell,233502758
2024-08-21 10:42:49,21750.0,500,Sell,233502759
2024-08-21 10:42:49,21750.0,5100,Sell,233502760
2024-08-21 10:42:49,21750.0,6100,Sell,233502753
2024-08-21 10:42:58,21750.0,1000,Buy,233502993
2024-08-21 10:42:58,21750.0,500,Buy,233503018
2024-08-21 10:43:01,21700.0,1000,Sell,233503081
2024-08-21 10:43:06,21800.0,100,Buy,233503223
2024-08-21 10:43:06,21800.0,1100,Buy,233503222
2024-08-21 10:43:06,21800.0,10000,Buy,233503220
2024-08-21 10:43:06,21800.0,500,Buy,233503215
2024-08-21 10:43:06,21800.0,200,Buy,233503218
2024-08-21 10:43:06,21800.0,100,Buy,233503217
2024-08-21 10:43:06,21800.0,500,Buy,233503216
2024-08-21 10:43:06,21800.0,1500,Buy,233503224
2024-08-21 10:43:06,21800.0,200,Buy,233503219
2024-08-21 10:43:06,21800.0,200,Buy,233503225
2024-08-21 10:43:06,21800.0,4000,Buy,233503231
2024-08-21 10:43:06,21800.0,100,Buy,233503227
2024-08-21 10:43:06,21800.0,100,Buy,233503228
2024-08-21 10:43:06,21800.0,1000,Buy,233503229
2024-08-21 10:43:06,21800.0,500,Buy,233503230
2024-08-21 10:43:06,21800.0,100,Buy,233503232
2024-08-21 10:43:06,21800.0,100,Buy,233503233
2024-08-21 10:43:06,21800.0,2000,Buy,233503234
2024-08-21 10:43:06,21800.0,1000,Buy,233503214
2024-08-21 10:43:06,21800.0,200,Buy,233503235
2024-08-21 10:43:06,21800.0,400,Buy,233503236
2024-08-21 10:43:06,21800.0,100,Buy,233503226
2024-08-21 10:43:06,21800.0,2000,Buy,233503213
2024-08-21 10:43:06,21750.0,1000,Buy,233503191
2024-08-21 10:43:06,21800.0,1000,Buy,233503211
2024-08-21 10:43:06,21750.0,1100,Buy,233503189
2024-08-21 10:43:06,21800.0,20800,Buy,233503192
2024-08-21 10:43:06,21800.0,1600,Buy,233503193
2024-08-21 10:43:06,21800.0,7100,Buy,233503194
2024-08-21 10:43:06,21800.0,200,Buy,233503195
2024-08-21 10:43:06,21800.0,4300,Buy,233503196
2024-08-21 10:43:06,21800.0,400,Buy,233503197
2024-08-21 10:43:06,21800.0,100,Buy,233503212
2024-08-21 10:43:06,21800.0,500,Buy,233503199
2024-08-21 10:43:06,21800.0,100,Buy,233503200
2024-08-21 10:43:06,21800.0,3100,Buy,233503198
2024-08-21 10:43:06,21800.0,5000,Buy,233503202
2024-08-21 10:43:06,21800.0,100,Buy,233503203
2024-08-21 10:43:06,21800.0,200,Buy,233503204
2024-08-21 10:43:06,21800.0,200,Buy,233503205
2024-08-21 10:43:06,21800.0,100,Buy,233503206
2024-08-21 10:43:06,21800.0,1500,Buy,233503207
2024-08-21 10:43:06,21800.0,20000,Buy,233503208
2024-08-21 10:43:06,21800.0,200,Buy,233503209
2024-08-21 10:43:06,21800.0,5000,Buy,233503210
2024-08-21 10:43:06,21800.0,100,Buy,233503201
2024-08-21 10:43:06,21750.0,300,Buy,233503190
2024-08-21 10:43:26,21700.0,1900,Sell,233503691
2024-08-21 10:43:26,21700.0,100,Sell,233503694
2024-08-21 10:43:26,21700.0,100,Sell,233503693
2024-08-21 10:43:26,21700.0,1000,Sell,233503692
2024-08-21 10:43:26,21700.0,3000,Sell,233503686
2024-08-21 10:43:26,21700.0,200,Sell,233503685
2024-08-21 10:43:26,21700.0,100,Sell,233503677
2024-08-21 10:43:26,21700.0,100,Sell,233503687
2024-08-21 10:43:26,21700.0,100,Sell,233503684
2024-08-21 10:43:26,21700.0,100,Sell,233503683
2024-08-21 10:44:55,21800.0,2800,Buy,233505379
2024-08-21 10:45:24,21700.0,100,Sell,233505824
2024-08-21 10:45:28,21800.0,1000,Buy,233505864
2024-08-21 10:45:31,21800.0,5100,Buy,233505943
2024-08-21 10:45:38,21700.0,100,Sell,233506039
2024-08-21 10:45:40,21800.0,1000,Buy,233506068
2024-08-21 10:45:43,21800.0,500,Buy,233506117
2024-08-21 10:45:51,21800.0,1000,Buy,233506234
2024-08-21 10:46:29,21800.0,5100,Buy,233506924
2024-08-21 10:47:04,21750.0,800,Sell,233507500
2024-08-21 10:47:04,21750.0,100,Sell,233507499
2024-08-21 10:47:07,21800.0,1000,Buy,233507568
2024-08-21 10:47:26,21800.0,2100,Buy,233507862
2024-08-21 10:47:26,21800.0,500,Buy,233507863
2024-08-21 10:47:26,21800.0,1000,Buy,233507864
2024-08-21 10:47:26,21800.0,400,Buy,233507865
2024-08-21 10:47:26,21800.0,100,Buy,233507866
2024-08-21 10:47:26,21800.0,1000,Buy,233507867
2024-08-21 10:47:28,21800.0,100,Buy,233507910
2024-08-21 10:47:57,21750.0,3000,Sell,233508480
2024-08-21 10:48:13,21750.0,33300,Sell,233508761
2024-08-21 10:48:13,21750.0,6200,Sell,233508759
2024-08-21 10:48:13,21750.0,500,Sell,233508760
2024-08-21 10:48:17,21800.0,1000,Buy,233508789
2024-08-21 10:48:24,21800.0,2100,Buy,233508897
2024-08-21 10:48:24,21800.0,300,Buy,233508898
2024-08-21 10:48:24,21800.0,2000,Buy,233508899
2024-08-21 10:48:24,21800.0,700,Buy,233508900
2024-08-21 10:49:22,21800.0,5000,Buy,233509955
2024-08-21 10:49:22,21800.0,100,Buy,233509956
2024-08-21 10:50:01,21750.0,10000,Sell,233510600
2024-08-21 10:50:16,21750.0,500,Sell,233510825
2024-08-21 10:50:57,21750.0,3800,Sell,233511391
2024-08-21 10:51:01,21750.0,1000,Sell,233511465
2024-08-21 10:52:11,21750.0,500,Sell,233512550
2024-08-21 10:52:17,21750.0,800,Sell,233512662
2024-08-21 10:52:36,21750.0,100,Sell,233512941
2024-08-21 10:52:36,21750.0,3500,Sell,233512942
2024-08-21 10:52:36,21750.0,5700,Sell,233512943
2024-08-21 10:52:36,21750.0,300,Sell,233512944
2024-08-21 10:52:36,21750.0,8200,Sell,233512945
2024-08-21 10:52:36,21750.0,24000,Sell,233512946
2024-08-21 10:52:37,21750.0,1000,Sell,233512961
2024-08-21 10:52:37,21750.0,200,Sell,233512960
2024-08-21 10:52:37,21750.0,1600,Sell,233512963
2024-08-21 10:52:37,21750.0,200,Sell,233512964
2024-08-21 10:52:37,21750.0,100,Sell,233512962
2024-08-21 10:52:37,21750.0,400,Sell,233512959
2024-08-21 10:52:37,21750.0,200,Sell,233512955
2024-08-21 10:52:37,21750.0,2000,Sell,233512957
2024-08-21 10:52:37,21750.0,400,Sell,233512956
2024-08-21 10:52:37,21750.0,400,Sell,233512954
2024-08-21 10:52:37,21750.0,6700,Sell,233512953
2024-08-21 10:52:37,21750.0,1600,Sell,233512952
2024-08-21 10:52:37,21750.0,1900,Sell,233512958
2024-08-21 10:52:45,21750.0,800,Sell,233513106
2024-08-21 10:52:54,21750.0,100,Sell,233513281
2024-08-21 10:53:02,21750.0,100,Sell,233513404
2024-08-21 10:53:07,21750.0,1500,Sell,233513464
2024-08-21 10:53:13,21750.0,2400,Sell,233513550
2024-08-21 10:53:13,21750.0,300,Sell,233513551
2024-08-21 10:53:13,21750.0,100,Sell,233513552
2024-08-21 10:53:13,21750.0,2200,Sell,233513553
2024-08-21 10:53:22,21750.0,10000,Sell,233513729
2024-08-21 10:53:22,21750.0,5100,Sell,233513728
2024-08-21 10:53:22,21750.0,5100,Sell,233513726
2024-08-21 10:53:22,21750.0,200,Sell,233513725
2024-08-21 10:53:22,21750.0,2900,Sell,233513724
2024-08-21 10:53:22,21750.0,100,Sell,233513727
2024-08-21 10:53:43,21700.0,200,Sell,233514096
2024-08-21 10:53:43,21700.0,500,Sell,233514105
2024-08-21 10:53:43,21700.0,100,Sell,233514104
2024-08-21 10:53:43,21700.0,200,Sell,233514103
2024-08-21 10:53:43,21700.0,100,Sell,233514102
2024-08-21 10:53:43,21700.0,100,Sell,233514101
2024-08-21 10:53:43,21700.0,2000,Sell,233514100
2024-08-21 10:53:43,21700.0,100,Sell,233514099
2024-08-21 10:53:43,21700.0,100,Sell,233514098
2024-08-21 10:53:43,21700.0,500,Sell,233514097
2024-08-21 10:53:43,21700.0,100,Sell,233514095
2024-08-21 10:53:43,21700.0,500,Sell,233514086
2024-08-21 10:53:43,21700.0,1000,Sell,233514093
2024-08-21 10:53:43,21700.0,500,Sell,233514092
2024-08-21 10:53:43,21700.0,200,Sell,233514091
2024-08-21 10:53:43,21700.0,400,Sell,233514090
2024-08-21 10:53:43,21700.0,200,Sell,233514089
2024-08-21 10:53:43,21700.0,200,Sell,233514088
2024-08-21 10:53:43,21700.0,100,Sell,233514087
2024-08-21 10:53:43,21700.0,100,Sell,233514085
2024-08-21 10:53:43,21700.0,500,Sell,233514084
2024-08-21 10:53:43,21700.0,100,Sell,233514073
2024-08-21 10:53:43,21700.0,100,Sell,233514094
2024-08-21 10:54:45,21700.0,100,Sell,233515268
2024-08-21 10:54:45,21700.0,3500,Sell,233515269
2024-08-21 10:54:45,21700.0,5700,Sell,233515270
2024-08-21 10:55:00,21700.0,300,Sell,233515478
2024-08-21 10:55:03,21750.0,900,Buy,233515515
2024-08-21 10:55:08,21750.0,3700,Buy,233515578
2024-08-21 10:55:08,21750.0,300,Buy,233515577
2024-08-21 10:55:08,21750.0,700,Buy,233515574
2024-08-21 10:55:08,21750.0,100,Buy,233515575
2024-08-21 10:55:08,21750.0,300,Buy,233515576
2024-08-21 10:55:18,21750.0,100,Buy,233515805
2024-08-21 10:55:52,21750.0,200,Buy,233516425
2024-08-21 10:56:05,21750.0,900,Buy,233516681
2024-08-21 10:56:05,21750.0,4200,Buy,233516680
2024-08-21 10:56:18,21750.0,300,Buy,233516892
2024-08-21 10:56:31,21750.0,2100,Buy,233517038
2024-08-21 10:56:53,21700.0,2500,Sell,233517373
2024-08-21 10:56:59,21750.0,200,Buy,233517467
2024-08-21 10:57:03,21750.0,5100,Buy,233517533
2024-08-21 10:57:23,21750.0,100,Buy,233517866
2024-08-21 10:57:29,21750.0,15300,Buy,233517937
2024-08-21 10:57:29,21750.0,1600,Buy,233517938
2024-08-21 10:57:29,21750.0,3100,Buy,233517939
2024-08-21 10:57:34,21700.0,100,Sell,233518015
2024-08-21 10:58:02,21750.0,500,Buy,233518430
2024-08-21 10:58:02,21750.0,4000,Buy,233518429
2024-08-21 10:58:02,21750.0,20000,Buy,233518428
2024-08-21 10:58:02,21750.0,1000,Buy,233518427
2024-08-21 10:58:02,21750.0,14500,Buy,233518432
2024-08-21 10:58:02,21750.0,400,Buy,233518425
2024-08-21 10:58:02,21750.0,3100,Buy,233518426
2024-08-21 10:58:02,21700.0,2000,Sell,233518421
2024-08-21 10:58:02,21750.0,3500,Buy,233518431
2024-08-21 10:58:02,21750.0,200,Buy,233518423
2024-08-21 10:58:02,21750.0,4300,Buy,233518424
2024-08-21 10:58:02,21750.0,4000,Buy,233518422
2024-08-21 10:58:06,21750.0,3000,Buy,233518480
2024-08-21 10:58:21,21750.0,5000,Buy,233518666
2024-08-21 10:58:24,21750.0,100,Buy,233518706
2024-08-21 10:58:38,21750.0,2000,Buy,233518946
2024-08-21 10:58:59,21750.0,3000,Buy,233519268
2024-08-21 10:58:59,21750.0,400,Buy,233519265
2024-08-21 10:58:59,21750.0,100,Buy,233519266
2024-08-21 10:58:59,21750.0,100,Buy,233519267
2024-08-21 10:58:59,21750.0,1500,Buy,233519269
2024-08-21 10:59:10,21750.0,100,Buy,233519462
2024-08-21 10:59:27,21750.0,1000,Buy,233519698
2024-08-21 10:59:30,21750.0,100,Buy,233519765
2024-08-21 10:59:42,21750.0,1000,Buy,233519954
2024-08-21 10:59:44,21750.0,500,Buy,233520042
2024-08-21 10:59:53,21750.0,800,Buy,233520180
2024-08-21 10:59:53,21750.0,200,Buy,233520181
2024-08-21 10:59:57,21750.0,300,Buy,233520237
2024-08-21 10:59:57,21750.0,400,Buy,233520238
2024-08-21 10:59:57,21750.0,4400,Buy,233520239
2024-08-21 11:00:03,21750.0,100,Buy,233520410
2024-08-21 11:00:20,21750.0,1000,Buy,233520709
2024-08-21 11:00:28,21750.0,1000,Buy,233520860
2024-08-21 11:00:34,21700.0,3000,Sell,233520967
2024-08-21 11:00:34,21750.0,1000,Buy,233520953
2024-08-21 11:00:38,21750.0,100,Buy,233521043
2024-08-21 11:00:48,21750.0,2000,Buy,233521210
2024-08-21 11:00:53,21750.0,5100,Buy,233521305
2024-08-21 11:00:56,21750.0,20000,Buy,233521338
2024-08-21 11:01:06,21750.0,100,Buy,233521541
2024-08-21 11:01:14,21750.0,1000,Buy,233521650
2024-08-21 11:01:21,21750.0,100,Buy,233521747
2024-08-21 11:01:24,21750.0,1000,Buy,233521826
2024-08-21 11:01:26,21700.0,2400,Sell,233521852
2024-08-21 11:01:37,21750.0,2900,Buy,233522187
2024-08-21 11:01:44,21750.0,20000,Buy,233522289
2024-08-21 11:01:51,21750.0,5100,Buy,233522425
2024-08-21 11:01:55,21750.0,100,Buy,233522469
2024-08-21 11:02:01,21750.0,200,Buy,233522586
2024-08-21 11:02:01,21750.0,300,Buy,233522587
2024-08-21 11:02:01,21750.0,1500,Buy,233522588
2024-08-21 11:02:13,21750.0,500,Buy,233522769
2024-08-21 11:02:13,21750.0,100,Buy,233522770
2024-08-21 11:02:13,21750.0,1000,Buy,233522771
2024-08-21 11:02:13,21750.0,100,Buy,233522772
2024-08-21 11:02:28,21800.0,200,Buy,233523017
2024-08-21 11:02:28,21800.0,800,Buy,233523018
2024-08-21 11:02:49,21800.0,5100,Buy,233523449
2024-08-21 11:02:49,21800.0,100,Buy,233523448
2024-08-21 11:03:35,21750.0,300,Sell,233524356
2024-08-21 11:03:35,21750.0,1700,Sell,233524357
2024-08-21 11:04:00,21750.0,1000,Sell,233524863
2024-08-21 11:04:37,21750.0,100,Sell,233525725
2024-08-21 11:04:56,21750.0,200,Sell,233526012
2024-08-21 11:04:56,21750.0,300,Sell,233526011
2024-08-21 11:04:56,21750.0,1000,Sell,233526010
2024-08-21 11:04:56,21750.0,1600,Sell,233526013
2024-08-21 11:04:56,21750.0,200,Sell,233526008
2024-08-21 11:04:56,21750.0,4400,Sell,233526007
2024-08-21 11:04:56,21750.0,2200,Sell,233526006
2024-08-21 11:04:56,21750.0,100,Sell,233526009
2024-08-21 11:05:01,21750.0,300,Sell,233526081
2024-08-21 11:05:30,21750.0,3200,Sell,233526690
2024-08-21 11:05:30,21750.0,9100,Sell,233526691
2024-08-21 11:05:30,21750.0,5100,Sell,233526692
2024-08-21 11:05:30,21750.0,300,Sell,233526693
2024-08-21 11:05:30,21750.0,100,Sell,233526694
2024-08-21 11:05:42,21750.0,5100,Buy,233526944
2024-08-21 11:05:52,21750.0,300,Buy,233527117
2024-08-21 11:06:07,21750.0,1000,Buy,233527359
2024-08-21 11:06:07,21750.0,200,Buy,233527333
2024-08-21 11:06:10,21750.0,100,Buy,233527479
2024-08-21 11:06:10,21750.0,200,Buy,233527491
2024-08-21 11:06:19,21750.0,200,Buy,233527650
2024-08-21 11:06:24,21750.0,100,Buy,233527720
2024-08-21 11:06:38,21750.0,100,Buy,233527935
2024-08-21 11:06:41,21750.0,4900,Buy,233527991
2024-08-21 11:07:10,21750.0,200,Sell,233528502
2024-08-21 11:07:10,21750.0,300,Sell,233528503
2024-08-21 11:07:10,21750.0,600,Sell,233528504
2024-08-21 11:07:29,21750.0,100,Buy,233528826
2024-08-21 11:07:37,21750.0,4500,Buy,233528957
2024-08-21 11:07:37,21750.0,600,Buy,233528958
2024-08-21 11:08:13,21700.0,16600,Sell,233529500
2024-08-21 11:08:14,21750.0,200,Buy,233529512
2024-08-21 11:08:24,21750.0,200,Buy,233529679
2024-08-21 11:08:36,21750.0,5100,Buy,233529911
2024-08-21 11:08:42,21750.0,2100,Buy,233530046
2024-08-21 11:08:42,21750.0,2900,Buy,233530047
2024-08-21 11:09:21,21750.0,400,Buy,233530759
2024-08-21 11:09:28,21750.0,400,Buy,233530961
2024-08-21 11:09:34,21750.0,5100,Buy,233531069
2024-08-21 11:09:46,21700.0,100,Sell,233531359
2024-08-21 11:09:47,21700.0,1000,Sell,233531382
2024-08-21 11:09:49,21750.0,700,Buy,233531420
2024-08-21 11:09:52,21700.0,5000,Sell,233531468
2024-08-21 11:10:15,21750.0,500,Buy,233531910
2024-08-21 11:10:32,21750.0,5100,Buy,233532217
2024-08-21 11:10:39,21750.0,500,Buy,233532331
2024-08-21 11:10:52,21750.0,100,Buy,233532726
2024-08-21 11:11:13,21750.0,900,Buy,233533022
2024-08-21 11:11:29,21750.0,5100,Buy,233533334
2024-08-21 11:12:06,21750.0,2300,Buy,233534019
2024-08-21 11:12:06,21750.0,1600,Buy,233534020
2024-08-21 11:12:06,21750.0,1100,Buy,233534021
2024-08-21 11:12:27,21750.0,5100,Buy,233534477
2024-08-21 11:12:29,21750.0,100,Buy,233534503
2024-08-21 11:12:38,21750.0,800,Buy,233534665
2024-08-21 11:12:38,21750.0,200,Buy,233534666
2024-08-21 11:12:38,21750.0,4000,Buy,233534667
2024-08-21 11:13:20,21750.0,300,Buy,233535558
2024-08-21 11:13:20,21750.0,300,Buy,233535559
2024-08-21 11:13:25,21750.0,2800,Buy,233535633
2024-08-21 11:13:25,21750.0,2300,Buy,233535634
2024-08-21 11:13:46,21700.0,2000,Sell,233535931
2024-08-21 11:13:51,21700.0,100,Sell,233536000
2024-08-21 11:13:52,21750.0,100,Buy,233536036
2024-08-21 11:14:21,21750.0,5100,Buy,233536508
2024-08-21 11:14:55,21700.0,3100,Sell,233537005
2024-08-21 11:15:14,21750.0,500,Buy,233537226
2024-08-21 11:15:20,21750.0,800,Buy,233537376
2024-08-21 11:15:20,21750.0,200,Buy,233537375
2024-08-21 11:15:20,21750.0,1000,Buy,233537374
2024-08-21 11:15:20,21750.0,100,Buy,233537373
2024-08-21 11:15:20,21750.0,100,Buy,233537370
2024-08-21 11:15:20,21750.0,200,Buy,233537371
2024-08-21 11:15:20,21750.0,2000,Buy,233537367
2024-08-21 11:15:20,21750.0,100,Buy,233537372
2024-08-21 11:15:20,21750.0,500,Buy,233537369
2024-08-21 11:15:20,21750.0,100,Buy,233537368
2024-08-21 11:15:28,21700.0,1300,Sell,233537550
2024-08-21 11:15:28,21700.0,1500,Sell,233537552
2024-08-21 11:15:28,21700.0,100,Sell,233537553
2024-08-21 11:15:28,21700.0,500,Sell,233537554
2024-08-21 11:15:28,21700.0,100,Sell,233537555
2024-08-21 11:15:28,21700.0,200,Sell,233537556
2024-08-21 11:15:28,21700.0,1100,Sell,233537557
2024-08-21 11:15:37,21700.0,500,Sell,233537735
2024-08-21 11:16:18,21700.0,300,Sell,233538291
2024-08-21 11:16:18,21700.0,200,Sell,233538292
2024-08-21 11:17:15,21750.0,7900,Buy,233539359
2024-08-21 11:17:16,21750.0,5100,Buy,233539420
2024-08-21 11:17:24,21750.0,1000,Buy,233539525
2024-08-21 11:17:26,21750.0,7900,Buy,233539577
2024-08-21 11:17:28,21750.0,100,Buy,233539622
2024-08-21 11:17:42,21750.0,1000,Buy,233539849
2024-08-21 11:17:47,21700.0,8200,Sell,233539976
2024-08-21 11:17:47,21700.0,100,Sell,233539974
2024-08-21 11:17:47,21700.0,1700,Sell,233539975
2024-08-21 11:18:01,21750.0,1000,Buy,233540266
2024-08-21 11:18:03,21750.0,200,Buy,233540314
2024-08-21 11:18:04,21750.0,500,Buy,233540338
2024-08-21 11:18:10,21750.0,300,Buy,233540436
2024-08-21 11:18:12,21750.0,5100,Buy,233540474
2024-08-21 11:18:28,21750.0,7900,Buy,233540769
2024-08-21 11:18:29,21700.0,2000,Sell,233540821
2024-08-21 11:18:29,21750.0,400,Buy,233540837
2024-08-21 11:18:38,21750.0,300,Buy,233541042
2024-08-21 11:18:44,21750.0,300,Buy,233541143
2024-08-21 11:18:57,21750.0,10000,Buy,233541462
2024-08-21 11:19:11,21750.0,1900,Buy,233541759
2024-08-21 11:19:11,21750.0,1000,Buy,233541758
2024-08-21 11:19:11,21750.0,200,Buy,233541756
2024-08-21 11:19:11,21750.0,2000,Buy,233541757
2024-08-21 11:19:18,21750.0,100,Buy,233541920
2024-08-21 11:19:18,21750.0,200,Buy,233541921
2024-08-21 11:19:23,21750.0,300,Buy,233542022
2024-08-21 11:19:23,21750.0,100,Buy,233542023
2024-08-21 11:19:23,21750.0,600,Buy,233542024
2024-08-21 11:19:24,21750.0,200,Buy,233542027
2024-08-21 11:19:26,21750.0,200,Buy,233542068
2024-08-21 11:19:31,21750.0,1000,Buy,233542145
2024-08-21 11:19:45,21750.0,1000,Buy,233542328
2024-08-21 11:19:45,21750.0,300,Buy,233542327
2024-08-21 11:19:45,21750.0,3700,Buy,233542326
2024-08-21 11:20:04,21750.0,2000,Buy,233542708
2024-08-21 11:20:08,21750.0,5100,Buy,233542779
2024-08-21 11:20:12,21750.0,100,Buy,233542869
2024-08-21 11:20:12,21750.0,900,Buy,233542870
2024-08-21 11:20:14,21750.0,200,Buy,233542896
2024-08-21 11:20:33,21750.0,2000,Buy,233543219
2024-08-21 11:20:38,21750.0,300,Buy,233543263
2024-08-21 11:20:38,21750.0,2000,Buy,233543264
2024-08-21 11:21:06,21750.0,5100,Buy,233543728
2024-08-21 11:21:15,21700.0,100,Sell,233543837
2024-08-21 11:21:15,21700.0,100,Sell,233543839
2024-08-21 11:21:16,21700.0,100,Sell,233543849
2024-08-21 11:21:16,21700.0,100,Sell,233543851
2024-08-21 11:21:17,21700.0,100,Sell,233543870
2024-08-21 11:21:17,21700.0,100,Sell,233543869
2024-08-21 11:21:18,21700.0,200,Sell,233543886
2024-08-21 11:21:18,21700.0,100,Sell,233543885
2024-08-21 11:21:19,21750.0,1000,Buy,233543892
2024-08-21 11:21:19,21700.0,100,Sell,233543893
2024-08-21 11:21:19,21700.0,100,Sell,233543912
2024-08-21 11:21:20,21700.0,200,Sell,233543928
2024-08-21 11:21:21,21700.0,100,Sell,233543942
2024-08-21 11:21:22,21700.0,100,Sell,233543961
2024-08-21 11:21:23,21700.0,1200,Sell,233543974
2024-08-21 11:21:23,21700.0,100,Sell,233543977
2024-08-21 11:21:24,21700.0,100,Sell,233544008
2024-08-21 11:21:25,21700.0,100,Sell,233544017
2024-08-21 11:21:26,21700.0,100,Sell,233544035
2024-08-21 11:21:27,21700.0,100,Sell,233544055
2024-08-21 11:21:28,21700.0,100,Sell,233544062
2024-08-21 11:21:29,21700.0,100,Sell,233544081
2024-08-21 11:21:30,21700.0,100,Sell,233544107
2024-08-21 11:21:31,21700.0,100,Sell,233544127
2024-08-21 11:21:32,21700.0,100,Sell,233544136
2024-08-21 11:21:33,21700.0,100,Sell,233544151
2024-08-21 11:21:34,21700.0,100,Sell,233544167
2024-08-21 11:21:34,21700.0,200,Sell,233544174
2024-08-21 11:21:35,21700.0,100,Sell,233544183
2024-08-21 11:21:36,21700.0,100,Sell,233544205
2024-08-21 11:21:37,21700.0,200,Sell,233544225
2024-08-21 11:21:38,21700.0,100,Sell,233544238
2024-08-21 11:21:40,21700.0,100,Sell,233544251
2024-08-21 11:21:41,21700.0,100,Sell,233544263
2024-08-21 11:21:42,21700.0,100,Sell,233544270
2024-08-21 11:21:42,21700.0,100,Sell,233544287
2024-08-21 11:21:43,21700.0,100,Sell,233544292
2024-08-21 11:21:45,21700.0,200,Sell,233544310
2024-08-21 11:21:46,21700.0,100,Sell,233544318
2024-08-21 11:21:47,21700.0,100,Sell,233544345
2024-08-21 11:21:48,21700.0,100,Sell,233544365
2024-08-21 11:21:49,21700.0,100,Sell,233544383
2024-08-21 11:21:50,21700.0,100,Sell,233544399
2024-08-21 11:22:13,21700.0,2000,Sell,233544698
2024-08-21 11:22:20,21750.0,500,Buy,233544813
2024-08-21 11:22:39,21750.0,400,Buy,233545078
2024-08-21 11:22:44,21750.0,500,Buy,233545123
2024-08-21 11:22:57,21750.0,3700,Buy,233545283
2024-08-21 11:23:01,21750.0,5100,Buy,233545340
2024-08-21 11:23:02,21750.0,200,Buy,233545352
2024-08-21 11:23:22,21750.0,400,Buy,233545556
2024-08-21 11:23:31,21750.0,1700,Buy,233545649
2024-08-21 11:23:31,21750.0,200,Buy,233545650
2024-08-21 11:23:36,21750.0,1400,Buy,233545696
2024-08-21 11:23:36,21750.0,2100,Buy,233545697
