time,price,volume,match_type,id
2024-08-23 09:14:37,22350.0,43900,ATO/ATC,234118928
2024-08-23 09:14:38,22350.0,100,Sell,234119085
2024-08-23 09:14:38,22400.0,500,Buy,234119086
2024-08-23 09:14:48,22400.0,1000,Buy,234119289
2024-08-23 09:15:16,22400.0,100,Buy,234119739
2024-08-23 09:15:32,22400.0,13000,Buy,234120017
2024-08-23 09:15:38,22350.0,200,Sell,234120222
2024-08-23 09:15:38,22350.0,41900,Sell,234120221
2024-08-23 09:15:38,22350.0,2700,Sell,234120220
2024-08-23 09:15:38,22350.0,9200,Sell,234120219
2024-08-23 09:15:38,22350.0,19200,Sell,234120218
2024-08-23 09:15:38,22350.0,16900,Sell,234120217
2024-08-23 09:15:38,22350.0,700,Sell,234120216
2024-08-23 09:15:38,22350.0,200,Sell,234120215
2024-08-23 09:15:38,22350.0,500,Sell,234120213
2024-08-23 09:15:38,22350.0,300,Sell,234120212
2024-08-23 09:15:38,22350.0,100,Sell,234120211
2024-08-23 09:15:38,22350.0,100,Sell,234120210
2024-08-23 09:15:38,22350.0,6400,Sell,234120208
2024-08-23 09:15:38,22400.0,200,Buy,234120194
2024-08-23 09:15:38,22350.0,92600,Sell,234120223
2024-08-23 09:15:38,22350.0,9000,Sell,234120214
2024-08-23 09:15:40,22400.0,100,Buy,234120281
2024-08-23 09:15:43,22400.0,300,Buy,234120332
2024-08-23 09:15:53,22400.0,1500,Buy,234120580
2024-08-23 09:15:54,22400.0,500,Buy,234120603
2024-08-23 09:16:01,22350.0,7900,Sell,234120800
2024-08-23 09:16:01,22400.0,100,Buy,234120835
2024-08-23 09:16:03,22400.0,3500,Buy,234120849
2024-08-23 09:16:07,22350.0,7900,Sell,234120952
2024-08-23 09:16:12,22350.0,27600,Sell,234121075
2024-08-23 09:16:12,22350.0,2400,Sell,234121076
2024-08-23 09:16:25,22350.0,200,Sell,234121416
2024-08-23 09:16:29,22400.0,200,Buy,234121539
2024-08-23 09:16:29,22450.0,300,Buy,234121540
2024-08-23 09:16:29,22450.0,2000,Buy,234121541
2024-08-23 09:16:29,22400.0,1000,Buy,234121538
2024-08-23 09:16:29,22450.0,300,Buy,234121543
2024-08-23 09:16:29,22450.0,1000,Buy,234121544
2024-08-23 09:16:29,22500.0,32100,Buy,234121545
2024-08-23 09:16:29,22450.0,200,Buy,234121542
2024-08-23 09:16:29,22400.0,5000,Buy,234121537
2024-08-23 09:16:29,22400.0,500,Buy,234121530
2024-08-23 09:16:29,22400.0,100,Buy,234121535
2024-08-23 09:16:29,22400.0,100,Buy,234121534
2024-08-23 09:16:29,22400.0,1000,Buy,234121533
2024-08-23 09:16:29,22400.0,100,Buy,234121532
2024-08-23 09:16:29,22400.0,200,Buy,234121531
2024-08-23 09:16:29,22400.0,4800,Buy,234121527
2024-08-23 09:16:29,22400.0,100,Buy,234121529
2024-08-23 09:16:29,22400.0,100,Buy,234121528
2024-08-23 09:16:29,22400.0,900,Buy,234121536
2024-08-23 09:16:42,22400.0,100,Buy,234121857
2024-08-23 09:16:56,22350.0,3300,Sell,234122153
2024-08-23 09:17:05,22400.0,900,Buy,234122358
2024-08-23 09:17:05,22400.0,9000,Buy,234122359
2024-08-23 09:17:06,22400.0,100,Sell,234122410
2024-08-23 09:17:25,22400.0,200,Sell,234122951
2024-08-23 09:17:26,22400.0,400,Sell,234123005
2024-08-23 09:17:26,22400.0,4800,Sell,234123004
2024-08-23 09:17:42,22400.0,100,Buy,234123396
2024-08-23 09:17:48,22400.0,500,Buy,234123557
2024-08-23 09:17:48,22400.0,1000,Buy,234123558
2024-08-23 09:17:50,22400.0,100,Buy,234123611
2024-08-23 09:17:52,22350.0,600,Sell,234123685
2024-08-23 09:17:52,22350.0,2700,Sell,234123690
2024-08-23 09:17:52,22350.0,500,Sell,234123689
2024-08-23 09:17:52,22350.0,500,Sell,234123688
2024-08-23 09:17:52,22350.0,2000,Sell,234123687
2024-08-23 09:17:52,22350.0,4500,Sell,234123684
2024-08-23 09:17:52,22350.0,12700,Sell,234123686
2024-08-23 09:17:52,22350.0,100,Sell,234123682
2024-08-23 09:17:52,22350.0,100,Sell,234123677
2024-08-23 09:17:52,22350.0,500,Sell,234123678
2024-08-23 09:17:52,22350.0,100,Sell,234123679
2024-08-23 09:17:52,22350.0,1000,Sell,234123683
2024-08-23 09:17:52,22350.0,4500,Sell,234123676
2024-08-23 09:17:52,22350.0,100,Sell,234123681
2024-08-23 09:17:52,22350.0,100,Sell,234123680
2024-08-23 09:17:59,22350.0,300,Sell,234123876
2024-08-23 09:17:59,22350.0,100,Sell,234123877
2024-08-23 09:17:59,22350.0,400,Sell,234123879
2024-08-23 09:17:59,22350.0,500,Sell,234123880
2024-08-23 09:17:59,22350.0,100,Sell,234123881
2024-08-23 09:17:59,22350.0,100,Sell,234123878
2024-08-23 09:18:06,22350.0,900,Sell,234124125
2024-08-23 09:18:06,22350.0,100,Sell,234124126
2024-08-23 09:18:19,22350.0,200,Sell,234124541
2024-08-23 09:18:19,22350.0,2800,Sell,234124542
2024-08-23 09:18:35,22350.0,300,Sell,234124909
2024-08-23 09:18:38,22350.0,100,Sell,234125013
2024-08-23 09:18:42,22350.0,500,Sell,234125119
2024-08-23 09:18:56,22350.0,300,Sell,234125442
2024-08-23 09:18:56,22350.0,100,Sell,234125443
2024-08-23 09:18:56,22350.0,300,Sell,234125444
2024-08-23 09:18:56,22350.0,1000,Sell,234125445
2024-08-23 09:18:56,22350.0,400,Sell,234125446
2024-08-23 09:18:56,22350.0,1000,Sell,234125447
2024-08-23 09:18:56,22350.0,600,Sell,234125448
2024-08-23 09:18:56,22350.0,6300,Sell,234125441
2024-08-23 09:18:58,22350.0,1000,Sell,234125530
2024-08-23 09:19:01,22350.0,100,Sell,234125635
2024-08-23 09:19:01,22350.0,100,Sell,234125627
2024-08-23 09:19:06,22350.0,3000,Sell,234125763
2024-08-23 09:19:09,22350.0,200,Sell,234125842
2024-08-23 09:19:09,22350.0,800,Sell,234125843
2024-08-23 09:19:11,22350.0,100,Sell,234125895
2024-08-23 09:19:11,22350.0,200,Sell,234125894
2024-08-23 09:19:11,22350.0,100,Sell,234125893
2024-08-23 09:19:11,22350.0,500,Sell,234125892
2024-08-23 09:19:11,22350.0,800,Sell,234125891
2024-08-23 09:19:11,22350.0,400,Sell,234125888
2024-08-23 09:19:11,22350.0,1000,Sell,234125889
2024-08-23 09:19:11,22350.0,200,Sell,234125885
2024-08-23 09:19:11,22350.0,100,Sell,234125890
2024-08-23 09:19:11,22350.0,200,Sell,234125887
2024-08-23 09:19:11,22350.0,1000,Sell,234125886
2024-08-23 09:19:16,22300.0,200,Sell,234126012
2024-08-23 09:19:16,22300.0,200,Sell,234126013
2024-08-23 09:19:16,22300.0,1000,Sell,234126014
2024-08-23 09:19:16,22300.0,1300,Sell,234126015
2024-08-23 09:19:16,22300.0,300,Sell,234126016
2024-08-23 09:19:18,22350.0,500,Buy,234126103
2024-08-23 09:19:39,22350.0,200,Buy,234126579
2024-08-23 09:19:39,22350.0,2000,Buy,234126623
2024-08-23 09:19:39,22350.0,2500,Buy,234126624
2024-08-23 09:19:58,22350.0,800,Buy,234127098
2024-08-23 09:20:02,22350.0,200,Buy,234127183
2024-08-23 09:20:02,22350.0,100,Buy,234127182
2024-08-23 09:20:21,22350.0,300,Buy,234127639
2024-08-23 09:20:34,22350.0,300,Buy,234127928
2024-08-23 09:20:40,22350.0,200,Buy,234128075
2024-08-23 09:20:40,22350.0,400,Buy,234128076
2024-08-23 09:20:46,22350.0,1200,Buy,234128229
2024-08-23 09:20:58,22350.0,300,Buy,234128526
2024-08-23 09:20:58,22350.0,100,Buy,234128542
2024-08-23 09:20:58,22350.0,400,Buy,234128543
2024-08-23 09:21:04,22300.0,500,Sell,234128714
2024-08-23 09:21:29,22350.0,300,Buy,234129390
2024-08-23 09:21:29,22350.0,200,Buy,234129391
2024-08-23 09:21:46,22350.0,2000,Buy,234129867
2024-08-23 09:21:46,22350.0,1100,Buy,234129871
2024-08-23 09:21:46,22350.0,5000,Buy,234129870
2024-08-23 09:21:46,22350.0,200,Buy,234129869
2024-08-23 09:21:46,22350.0,100,Buy,234129868
2024-08-23 09:21:46,22350.0,400,Buy,234129865
2024-08-23 09:21:46,22350.0,1000,Buy,234129866
2024-08-23 09:21:46,22350.0,1100,Buy,234129863
2024-08-23 09:21:46,22350.0,100,Buy,234129840
2024-08-23 09:21:46,22350.0,200,Buy,234129859
2024-08-23 09:21:46,22350.0,500,Buy,234129860
2024-08-23 09:21:46,22350.0,100,Buy,234129864
2024-08-23 09:21:46,22350.0,100,Buy,234129862
2024-08-23 09:21:46,22350.0,1000,Buy,234129861
2024-08-23 09:21:46,22350.0,100,Buy,234129839
2024-08-23 09:21:51,22300.0,100,Sell,234129975
2024-08-23 09:21:51,22350.0,100,Buy,234129983
2024-08-23 09:22:06,22350.0,300,Buy,234130334
2024-08-23 09:22:09,22350.0,500,Buy,234130421
2024-08-23 09:22:11,22350.0,200,Buy,234130458
2024-08-23 09:22:21,22300.0,200,Sell,234130662
2024-08-23 09:22:22,22350.0,100,Buy,234130692
2024-08-23 09:22:22,22350.0,200,Buy,234130693
2024-08-23 09:22:33,22350.0,500,Buy,234130964
2024-08-23 09:22:33,22350.0,200,Buy,234130963
2024-08-23 09:22:33,22350.0,100,Buy,234130966
2024-08-23 09:22:33,22350.0,200,Buy,234130961
2024-08-23 09:22:33,22350.0,100,Buy,234130962
2024-08-23 09:22:33,22350.0,800,Buy,234130965
2024-08-23 09:22:33,22350.0,500,Buy,234130960
2024-08-23 09:22:36,22350.0,100,Sell,234131052
2024-08-23 09:22:36,22350.0,200,Sell,234131053
2024-08-23 09:22:38,22350.0,100,Sell,234131087
2024-08-23 09:22:40,22350.0,200,Sell,234131179
2024-08-23 09:22:40,22350.0,300,Sell,234131180
2024-08-23 09:22:45,22350.0,2000,Buy,234131305
2024-08-23 09:22:52,22350.0,300,Buy,234131482
2024-08-23 09:22:54,22350.0,200,Buy,234131535
2024-08-23 09:23:02,22350.0,2000,Sell,234131680
2024-08-23 09:23:06,22350.0,300,Sell,234131779
2024-08-23 09:23:06,22350.0,4200,Sell,234131780
2024-08-23 09:23:08,22350.0,1900,Sell,234131882
2024-08-23 09:23:08,22350.0,800,Sell,234131880
2024-08-23 09:23:08,22350.0,300,Sell,234131881
2024-08-23 09:23:22,22350.0,100,Sell,234132195
2024-08-23 09:23:22,22350.0,100,Sell,234132194
2024-08-23 09:23:39,22350.0,500,Sell,234132605
2024-08-23 09:23:49,22350.0,1000,Sell,234132873
2024-08-23 09:23:51,22350.0,500,Sell,234132964
2024-08-23 09:23:58,22350.0,500,Sell,234133130
2024-08-23 09:23:58,22350.0,500,Sell,234133131
2024-08-23 09:24:41,22350.0,500,Sell,234134131
2024-08-23 09:25:07,22350.0,200,Sell,234134774
2024-08-23 09:25:12,22350.0,100,Sell,234134884
2024-08-23 09:25:20,22400.0,1600,Buy,234135081
2024-08-23 09:25:21,22350.0,200,Sell,234135105
2024-08-23 09:25:21,22350.0,300,Sell,234135106
2024-08-23 09:25:21,22350.0,200,Sell,234135108
2024-08-23 09:25:21,22350.0,200,Sell,234135109
2024-08-23 09:25:21,22350.0,6700,Sell,234135110
2024-08-23 09:25:21,22350.0,12400,Sell,234135107
2024-08-23 09:25:25,22350.0,2700,Sell,234135195
2024-08-23 09:25:25,22350.0,100,Sell,234135198
2024-08-23 09:25:25,22350.0,200,Sell,234135197
2024-08-23 09:25:25,22350.0,200,Sell,234135196
2024-08-23 09:25:25,22350.0,300,Sell,234135193
2024-08-23 09:25:25,22350.0,500,Sell,234135191
2024-08-23 09:25:25,22350.0,100,Sell,234135190
2024-08-23 09:25:25,22350.0,3300,Sell,234135189
2024-08-23 09:25:25,22350.0,200,Sell,234135194
2024-08-23 09:25:25,22350.0,300,Sell,234135192
2024-08-23 09:25:39,22350.0,500,Buy,234135570
2024-08-23 09:25:42,22350.0,1000,Buy,234135621
2024-08-23 09:25:42,22350.0,7000,Buy,234135629
2024-08-23 09:25:46,22350.0,1000,Buy,234135698
2024-08-23 09:25:48,22350.0,500,Buy,234135736
2024-08-23 09:25:48,22350.0,600,Buy,234135737
2024-08-23 09:25:48,22350.0,3900,Buy,234135738
2024-08-23 09:25:59,22350.0,4000,Buy,234136170
2024-08-23 09:25:59,22350.0,1000,Buy,234136171
2024-08-23 09:26:07,22350.0,100,Buy,234136389
2024-08-23 09:26:11,22350.0,400,Buy,234136520
2024-08-23 09:26:30,22350.0,100,Buy,234137004
2024-08-23 09:26:32,22350.0,100,Buy,234137071
2024-08-23 09:26:34,22350.0,100,Buy,234137126
2024-08-23 09:26:36,22350.0,2300,Buy,234137176
2024-08-23 09:26:36,22350.0,700,Buy,234137175
2024-08-23 09:26:41,22350.0,500,Buy,234137297
2024-08-23 09:26:42,22350.0,1500,Buy,234137324
2024-08-23 09:26:44,22350.0,300,Buy,234137379
2024-08-23 09:27:03,22350.0,300,Buy,234137917
2024-08-23 09:27:18,22350.0,1000,Buy,234138358
2024-08-23 09:27:22,22350.0,500,Buy,234138500
2024-08-23 09:27:28,22350.0,1000,Buy,234138686
2024-08-23 09:27:28,22350.0,7900,Buy,234138685
2024-08-23 09:27:28,22350.0,200,Buy,234138684
2024-08-23 09:27:28,22350.0,200,Buy,234138683
2024-08-23 09:27:28,22350.0,1500,Buy,234138682
2024-08-23 09:27:30,22350.0,9200,Sell,234138745
2024-08-23 09:27:30,22350.0,800,Buy,234138746
2024-08-23 09:27:46,22350.0,100,Sell,234139266
2024-08-23 09:28:17,22350.0,13700,Sell,234140186
2024-08-23 09:28:17,22350.0,100,Sell,234140185
2024-08-23 09:28:17,22350.0,100,Sell,234140184
2024-08-23 09:28:17,22350.0,300,Sell,234140183
2024-08-23 09:28:17,22350.0,300,Sell,234140180
2024-08-23 09:28:17,22350.0,100,Sell,234140181
2024-08-23 09:28:17,22350.0,1900,Sell,234140178
2024-08-23 09:28:17,22350.0,2000,Sell,234140182
2024-08-23 09:28:17,22350.0,500,Sell,234140179
2024-08-23 09:28:20,22350.0,100,Sell,234140250
2024-08-23 09:29:01,22400.0,2000,Buy,234141512
2024-08-23 09:29:22,22400.0,300,Buy,234142091
2024-08-23 09:29:22,22400.0,300,Buy,234142092
2024-08-23 09:29:22,22400.0,100,Buy,234142093
2024-08-23 09:29:25,22400.0,1000,Buy,234142194
2024-08-23 09:29:28,22400.0,5000,Buy,234142276
2024-08-23 09:29:28,22400.0,400,Buy,234142279
2024-08-23 09:29:28,22400.0,2000,Buy,234142278
2024-08-23 09:29:28,22400.0,300,Buy,234142277
2024-08-23 09:29:28,22400.0,500,Buy,234142274
2024-08-23 09:29:28,22400.0,500,Buy,234142273
2024-08-23 09:29:28,22400.0,1000,Buy,234142270
2024-08-23 09:29:28,22400.0,100,Buy,234142275
2024-08-23 09:29:28,22400.0,100,Buy,234142272
2024-08-23 09:29:28,22400.0,100,Buy,234142271
2024-08-23 09:29:36,22400.0,100,Buy,234142552
2024-08-23 09:29:49,22400.0,4100,Buy,234143036
2024-08-23 09:29:49,22400.0,100,Buy,234143037
2024-08-23 09:29:49,22400.0,100,Buy,234143038
2024-08-23 09:29:49,22400.0,500,Buy,234143040
2024-08-23 09:29:49,22400.0,200,Buy,234143039
2024-08-23 09:29:59,22400.0,500,Buy,234143355
2024-08-23 09:29:59,22400.0,200,Buy,234143356
2024-08-23 09:29:59,22400.0,900,Buy,234143357
2024-08-23 09:29:59,22400.0,400,Buy,234143358
2024-08-23 09:30:05,22400.0,5000,Buy,234143537
2024-08-23 09:30:07,22400.0,2000,Buy,234143595
2024-08-23 09:30:22,22400.0,1500,Buy,234144025
2024-08-23 09:30:22,22400.0,100,Buy,234144023
2024-08-23 09:30:22,22400.0,500,Buy,234144022
2024-08-23 09:30:22,22400.0,7900,Buy,234144024
2024-08-23 09:30:25,22400.0,1200,Buy,234144139
2024-08-23 09:30:41,22400.0,100,Buy,234144592
2024-08-23 09:31:18,22400.0,100,Buy,234145674
2024-08-23 09:31:21,22400.0,400,Buy,234145753
2024-08-23 09:31:21,22400.0,4000,Buy,234145773
2024-08-23 09:31:23,22400.0,100,Buy,234145807
2024-08-23 09:31:26,22400.0,500,Buy,234145876
2024-08-23 09:31:26,22400.0,500,Buy,234145877
2024-08-23 09:31:39,22400.0,3000,Buy,234146241
2024-08-23 09:31:44,22400.0,300,Buy,234146436
2024-08-23 09:31:50,22400.0,100,Buy,234146617
2024-08-23 09:31:50,22400.0,1500,Buy,234146619
2024-08-23 09:31:50,22400.0,900,Buy,234146618
2024-08-23 09:31:50,22400.0,300,Buy,234146616
2024-08-23 09:31:50,22400.0,7900,Buy,234146612
2024-08-23 09:31:50,22400.0,500,Buy,234146614
2024-08-23 09:31:50,22400.0,500,Buy,234146611
2024-08-23 09:31:50,22400.0,100,Buy,234146615
2024-08-23 09:31:50,22400.0,100,Buy,234146613
2024-08-23 09:31:50,22400.0,4100,Buy,234146610
2024-08-23 09:31:56,22500.0,14900,Buy,234146774
2024-08-23 09:31:56,22450.0,200,Buy,234146773
2024-08-23 09:31:56,22450.0,1600,Buy,234146772
2024-08-23 09:31:56,22450.0,500,Buy,234146770
2024-08-23 09:31:56,22450.0,200,Buy,234146769
2024-08-23 09:31:56,22450.0,2000,Buy,234146768
2024-08-23 09:31:56,22450.0,2000,Buy,234146767
2024-08-23 09:31:56,22450.0,1000,Buy,234146766
2024-08-23 09:31:56,22450.0,3900,Buy,234146771
2024-08-23 09:31:56,22450.0,100,Buy,234146764
2024-08-23 09:31:56,22450.0,100,Buy,234146763
2024-08-23 09:31:56,22450.0,100,Buy,234146762
2024-08-23 09:31:56,22450.0,100,Buy,234146761
2024-08-23 09:31:56,22450.0,2000,Buy,234146760
2024-08-23 09:31:56,22450.0,100,Buy,234146759
2024-08-23 09:31:56,22450.0,100,Buy,234146757
2024-08-23 09:31:56,22450.0,500,Buy,234146756
2024-08-23 09:31:56,22450.0,600,Buy,234146765
2024-08-23 09:32:04,22400.0,6600,Sell,234146994
2024-08-23 09:32:04,22400.0,1400,Sell,234146992
2024-08-23 09:32:04,22400.0,2000,Sell,234146993
2024-08-23 09:32:33,22450.0,100,Buy,234147750
2024-08-23 09:32:33,22450.0,100,Buy,234147751
2024-08-23 09:32:43,22450.0,7100,Buy,234147943
2024-08-23 09:32:43,22450.0,1000,Buy,234147944
2024-08-23 09:32:43,22450.0,1900,Sell,234147958
2024-08-23 09:32:48,22450.0,100,Sell,234148090
2024-08-23 09:32:49,22450.0,1900,Sell,234148107
2024-08-23 09:32:56,22450.0,100,Buy,234148257
2024-08-23 09:33:26,22450.0,1000,Buy,234148951
2024-08-23 09:33:26,22450.0,1700,Buy,234148952
2024-08-23 09:33:26,22450.0,100,Buy,234148949
2024-08-23 09:33:26,22450.0,1000,Buy,234148950
2024-08-23 09:33:53,22450.0,500,Buy,234149633
2024-08-23 09:33:53,22450.0,200,Buy,234149634
2024-08-23 09:33:55,22450.0,100,Buy,234149684
2024-08-23 09:34:02,22450.0,1000,Buy,234149805
2024-08-23 09:34:08,22450.0,3700,Buy,234149931
2024-08-23 09:34:08,22450.0,500,Buy,234149932
2024-08-23 09:34:08,22450.0,5800,Buy,234149933
2024-08-23 09:34:35,22400.0,700,Sell,234150557
2024-08-23 09:34:35,22400.0,500,Sell,234150556
2024-08-23 09:34:35,22400.0,300,Sell,234150554
2024-08-23 09:34:35,22400.0,900,Sell,234150553
2024-08-23 09:34:35,22400.0,600,Sell,234150555
2024-08-23 09:34:36,22400.0,4000,Sell,234150573
2024-08-23 09:34:37,22400.0,100,Sell,234150603
2024-08-23 09:34:37,22400.0,800,Sell,234150611
2024-08-23 09:34:37,22400.0,100,Sell,234150610
2024-08-23 09:34:37,22400.0,2000,Sell,234150609
2024-08-23 09:34:37,22400.0,500,Sell,234150608
2024-08-23 09:34:37,22400.0,1000,Sell,234150605
2024-08-23 09:34:37,22400.0,200,Sell,234150604
2024-08-23 09:34:37,22400.0,100,Sell,234150602
2024-08-23 09:34:37,22400.0,100,Sell,234150597
2024-08-23 09:34:37,22400.0,5000,Sell,234150600
2024-08-23 09:34:37,22400.0,1000,Sell,234150599
2024-08-23 09:34:37,22400.0,100,Sell,234150598
2024-08-23 09:34:37,22400.0,100,Sell,234150596
2024-08-23 09:34:37,22400.0,600,Sell,234150595
2024-08-23 09:34:37,22400.0,5000,Sell,234150594
2024-08-23 09:34:37,22400.0,7300,Sell,234150593
2024-08-23 09:34:37,22400.0,1000,Sell,234150601
2024-08-23 09:34:41,22450.0,4200,Buy,234150813
2024-08-23 09:34:41,22450.0,1800,Buy,234150817
2024-08-23 09:34:41,22450.0,2000,Buy,234150818
2024-08-23 09:34:41,22450.0,5000,Buy,234150819
2024-08-23 09:34:41,22450.0,1000,Buy,234150820
2024-08-23 09:34:57,22450.0,5000,Buy,234151321
2024-08-23 09:35:01,22450.0,300,Buy,234151467
2024-08-23 09:35:29,22400.0,100,Sell,234152121
2024-08-23 09:35:29,22400.0,10000,Sell,234152122
2024-08-23 09:36:09,22350.0,1200,Sell,234153136
2024-08-23 09:36:09,22350.0,1000,Sell,234153137
2024-08-23 09:36:09,22350.0,5000,Sell,234153138
2024-08-23 09:36:09,22350.0,500,Sell,234153139
2024-08-23 09:36:09,22350.0,200,Sell,234153140
2024-08-23 09:36:14,22350.0,100,Sell,234153282
2024-08-23 09:36:23,22350.0,11800,Sell,234153471
2024-08-23 09:36:24,22350.0,200,Sell,234153509
2024-08-23 09:36:27,22350.0,9500,Sell,234153579
2024-08-23 09:36:45,22350.0,15000,Sell,234154082
2024-08-23 09:36:50,22350.0,300,Sell,234154200
2024-08-23 09:37:13,22350.0,4000,Sell,234154793
2024-08-23 09:37:16,22350.0,7900,Sell,234154854
2024-08-23 09:37:32,22350.0,1000,Sell,234155299
2024-08-23 09:37:47,22350.0,300,Sell,234155662
2024-08-23 09:37:47,22350.0,1800,Sell,234155663
2024-08-23 09:37:47,22350.0,900,Sell,234155664
2024-08-23 09:37:50,22350.0,1100,Sell,234155744
2024-08-23 09:37:50,22350.0,3100,Sell,234155745
2024-08-23 09:38:52,22350.0,1900,Sell,234157061
2024-08-23 09:38:52,22350.0,100,Sell,234157062
2024-08-23 09:38:52,22350.0,300,Sell,234157063
2024-08-23 09:38:52,22350.0,100,Sell,234157064
2024-08-23 09:38:52,22350.0,100,Sell,234157065
2024-08-23 09:38:52,22350.0,500,Sell,234157066
2024-08-23 09:39:30,22350.0,600,Sell,234157811
2024-08-23 09:39:30,22350.0,700,Sell,234157812
2024-08-23 09:39:30,22350.0,200,Sell,234157810
2024-08-23 09:39:30,22350.0,500,Sell,234157813
2024-08-23 09:39:30,22350.0,2000,Sell,234157814
2024-08-23 09:39:30,22350.0,500,Sell,234157817
2024-08-23 09:39:30,22350.0,1000,Sell,234157816
2024-08-23 09:39:30,22350.0,100,Sell,234157818
2024-08-23 09:39:30,22350.0,2000,Sell,234157819
2024-08-23 09:39:30,22350.0,3200,Sell,234157820
2024-08-23 09:39:30,22350.0,100,Sell,234157815
2024-08-23 09:39:30,22350.0,10000,Sell,234157809
2024-08-23 09:39:30,22350.0,100,Sell,234157803
2024-08-23 09:39:30,22350.0,45000,Sell,234157807
2024-08-23 09:39:30,22350.0,500,Sell,234157795
2024-08-23 09:39:30,22350.0,10000,Sell,234157796
2024-08-23 09:39:30,22350.0,1000,Sell,234157808
2024-08-23 09:39:30,22350.0,500,Sell,234157798
2024-08-23 09:39:30,22350.0,5000,Sell,234157799
2024-08-23 09:39:30,22350.0,10000,Sell,234157797
2024-08-23 09:39:30,22350.0,200,Sell,234157801
2024-08-23 09:39:30,22350.0,1000,Sell,234157802
2024-08-23 09:39:30,22350.0,500,Sell,234157805
2024-08-23 09:39:30,22350.0,5000,Sell,234157806
2024-08-23 09:39:30,22350.0,300,Sell,234157800
2024-08-23 09:39:47,22400.0,100,Buy,234158124
2024-08-23 09:39:47,22400.0,100,Buy,234158125
2024-08-23 09:40:15,22350.0,1300,Sell,234158559
2024-08-23 09:40:18,22350.0,300,Sell,234158617
2024-08-23 09:40:36,22400.0,100,Buy,234159045
2024-08-23 09:40:36,22400.0,400,Buy,234159043
2024-08-23 09:40:36,22400.0,1500,Buy,234159044
2024-08-23 09:40:38,22350.0,200,Sell,234159070
2024-08-23 09:40:40,22350.0,500,Sell,234159099
2024-08-23 09:40:44,22350.0,100,Sell,234159149
2024-08-23 09:41:04,22400.0,400,Buy,234159744
2024-08-23 09:41:04,22400.0,1100,Buy,234159745
2024-08-23 09:41:14,22350.0,300,Sell,234159956
2024-08-23 09:41:45,22350.0,500,Sell,234160448
2024-08-23 09:41:50,22350.0,2200,Sell,234160545
2024-08-23 09:42:36,22350.0,1100,Sell,234161411
2024-08-23 09:42:36,22350.0,200,Sell,234161410
2024-08-23 09:42:36,22350.0,1000,Sell,234161409
2024-08-23 09:42:36,22350.0,500,Sell,234161408
2024-08-23 09:42:36,22350.0,4000,Sell,234161405
2024-08-23 09:42:36,22350.0,500,Sell,234161406
2024-08-23 09:42:36,22350.0,11400,Sell,234161403
2024-08-23 09:42:36,22350.0,300,Sell,234161407
2024-08-23 09:42:36,22350.0,1000,Sell,234161404
2024-08-23 09:42:53,22350.0,7900,Sell,234161664
2024-08-23 09:43:08,22350.0,2000,Sell,234161920
2024-08-23 09:43:11,22350.0,9000,Sell,234161981
2024-08-23 09:43:11,22350.0,3700,Sell,234161990
2024-08-23 09:43:11,22350.0,500,Sell,234161988
2024-08-23 09:43:11,22350.0,500,Sell,234161987
2024-08-23 09:43:11,22350.0,3000,Sell,234161989
2024-08-23 09:43:11,22350.0,1100,Sell,234161985
2024-08-23 09:43:11,22350.0,1000,Sell,234161984
2024-08-23 09:43:11,22350.0,100,Sell,234161983
2024-08-23 09:43:11,22350.0,100,Sell,234161982
2024-08-23 09:43:11,22350.0,1000,Sell,234161986
2024-08-23 09:43:14,22350.0,1300,Sell,234162026
2024-08-23 09:43:14,22350.0,600,Sell,234162027
2024-08-23 09:43:15,22350.0,700,Sell,234162052
2024-08-23 09:43:38,22350.0,1000,Sell,234162411
2024-08-23 09:43:45,22350.0,100,Sell,234162566
2024-08-23 09:43:45,22350.0,1100,Sell,234162567
2024-08-23 09:43:45,22350.0,4400,Sell,234162565
2024-08-23 09:43:45,22350.0,200,Sell,234162561
2024-08-23 09:43:45,22350.0,200,Sell,234162563
2024-08-23 09:43:45,22350.0,1900,Sell,234162562
2024-08-23 09:43:45,22350.0,200,Sell,234162564
2024-08-23 09:43:45,22350.0,700,Sell,234162560
2024-08-23 09:43:56,22350.0,900,Sell,234162807
2024-08-23 09:43:56,22350.0,2000,Sell,234162808
2024-08-23 09:43:56,22350.0,10000,Sell,234162809
2024-08-23 09:43:56,22350.0,500,Sell,234162810
2024-08-23 09:43:56,22350.0,1100,Sell,234162811
2024-08-23 09:44:25,22350.0,100,Buy,234163297
2024-08-23 09:44:27,22350.0,300,Buy,234163362
2024-08-23 09:44:31,22350.0,2000,Buy,234163427
2024-08-23 09:45:36,22350.0,900,Buy,234164665
2024-08-23 09:46:03,22350.0,500,Buy,234165100
2024-08-23 09:46:07,22350.0,100,Buy,234165160
2024-08-23 09:46:14,22350.0,100,Buy,234165245
2024-08-23 09:46:14,22350.0,100,Buy,234165246
2024-08-23 09:46:14,22350.0,2000,Buy,234165247
2024-08-23 09:46:14,22350.0,1000,Buy,234165248
2024-08-23 09:46:14,22350.0,200,Buy,234165249
2024-08-23 09:46:14,22350.0,200,Buy,234165250
2024-08-23 09:46:14,22350.0,100,Buy,234165251
2024-08-23 09:46:14,22350.0,2000,Buy,234165252
2024-08-23 09:46:14,22350.0,200,Buy,234165253
2024-08-23 09:46:14,22350.0,4000,Buy,234165254
2024-08-23 09:46:14,22350.0,6000,Buy,234165255
2024-08-23 09:46:14,22350.0,6800,Buy,234165244
2024-08-23 09:46:21,22350.0,200,Sell,234165358
2024-08-23 09:46:33,22350.0,2100,Sell,234165551
2024-08-23 09:46:40,22350.0,100,Buy,234165699
2024-08-23 09:46:50,22350.0,500,Buy,234165860
2024-08-23 09:46:57,22350.0,5000,Buy,234165993
2024-08-23 09:46:58,22350.0,1000,Buy,234166008
2024-08-23 09:47:10,22350.0,1300,Buy,234166186
2024-08-23 09:47:10,22350.0,700,Buy,234166187
2024-08-23 09:47:15,22350.0,300,Buy,234166295
2024-08-23 09:47:15,22350.0,100,Buy,234166296
2024-08-23 09:47:19,22300.0,100,Sell,234166355
2024-08-23 09:47:34,22350.0,900,Buy,234166627
2024-08-23 09:47:34,22350.0,100,Buy,234166628
2024-08-23 09:47:34,22350.0,100,Buy,234166629
2024-08-23 09:47:34,22350.0,200,Buy,234166630
2024-08-23 09:47:34,22350.0,100,Buy,234166631
2024-08-23 09:47:34,22350.0,200,Buy,234166632
2024-08-23 09:47:52,22350.0,400,Sell,234166980
2024-08-23 09:47:59,22350.0,2300,Buy,234167110
2024-08-23 09:48:20,22350.0,500,Sell,234167545
2024-08-23 09:49:45,22350.0,5000,Sell,234168913
2024-08-23 09:49:50,22350.0,1000,Sell,234169096
2024-08-23 09:49:57,22350.0,300,Sell,234169217
2024-08-23 09:50:02,22350.0,300,Sell,234169297
2024-08-23 09:50:04,22350.0,100,Sell,234169353
2024-08-23 09:50:09,22350.0,300,Sell,234169410
2024-08-23 09:50:28,22400.0,600,Buy,234169789
2024-08-23 09:50:43,22350.0,300,Sell,234170043
2024-08-23 09:50:48,22400.0,300,Buy,234170108
2024-08-23 09:50:48,22400.0,100,Buy,234170109
2024-08-23 09:50:48,22400.0,5000,Buy,234170110
2024-08-23 09:50:48,22400.0,300,Buy,234170111
2024-08-23 09:50:48,22400.0,100,Buy,234170112
2024-08-23 09:50:48,22400.0,200,Buy,234170113
2024-08-23 09:51:02,22400.0,100,Buy,234170361
2024-08-23 09:51:14,22400.0,5900,Buy,234170558
2024-08-23 09:51:20,22350.0,2000,Sell,234170679
2024-08-23 09:51:22,22400.0,800,Buy,234170703
2024-08-23 09:51:26,22400.0,2300,Buy,234170757
2024-08-23 09:51:53,22400.0,100,Buy,234171157
2024-08-23 09:52:12,22350.0,500,Sell,234171499
2024-08-23 09:52:27,22400.0,200,Buy,234171804
2024-08-23 09:52:30,22400.0,200,Buy,234171862
2024-08-23 09:53:42,22400.0,200,Buy,234173079
2024-08-23 09:53:42,22400.0,2000,Buy,234173080
2024-08-23 09:53:42,22400.0,100,Buy,234173081
2024-08-23 09:53:51,22400.0,200,Buy,234173296
2024-08-23 09:54:18,22400.0,200,Buy,234173767
2024-08-23 09:55:30,22400.0,500,Buy,234175224
2024-08-23 09:55:30,22400.0,400,Buy,234175225
2024-08-23 09:55:57,22350.0,1200,Sell,234175698
2024-08-23 09:56:10,22350.0,200,Sell,234175867
2024-08-23 09:56:12,22350.0,200,Sell,234175909
2024-08-23 09:56:26,22400.0,100,Buy,234176173
2024-08-23 09:56:40,22350.0,100,Sell,234176437
2024-08-23 09:56:43,22350.0,1000,Sell,234176503
2024-08-23 09:57:16,22350.0,300,Sell,234177246
2024-08-23 09:57:25,22400.0,200,Buy,234177387
2024-08-23 09:57:32,22350.0,2000,Sell,234177475
2024-08-23 09:57:43,22350.0,1000,Sell,234177727
2024-08-23 09:58:00,22350.0,300,Sell,234178083
2024-08-23 09:58:35,22350.0,700,Sell,234178704
2024-08-23 09:58:53,22350.0,400,Sell,234179146
2024-08-23 09:58:53,22350.0,100,Sell,234179147
2024-08-23 09:58:53,22350.0,100,Sell,234179148
2024-08-23 09:58:53,22350.0,9400,Sell,234179149
2024-08-23 09:59:03,22400.0,100,Buy,234179340
2024-08-23 09:59:09,22350.0,600,Sell,234179419
2024-08-23 09:59:09,22350.0,100,Sell,234179420
2024-08-23 09:59:09,22350.0,200,Sell,234179421
2024-08-23 09:59:09,22350.0,100,Sell,234179422
2024-08-23 09:59:09,22350.0,100,Sell,234179423
2024-08-23 09:59:11,22350.0,300,Sell,234179482
2024-08-23 09:59:11,22350.0,200,Sell,234179483
2024-08-23 09:59:11,22350.0,1000,Sell,234179480
2024-08-23 09:59:11,22350.0,300,Sell,234179479
2024-08-23 09:59:11,22350.0,100,Sell,234179478
2024-08-23 09:59:11,22350.0,100,Sell,234179481
2024-08-23 09:59:37,22350.0,100,Sell,234180221
2024-08-23 09:59:37,22350.0,400,Sell,234180222
2024-08-23 09:59:37,22350.0,200,Sell,234180223
2024-08-23 09:59:37,22350.0,500,Sell,234180224
2024-08-23 09:59:37,22350.0,300,Sell,234180225
2024-08-23 09:59:37,22350.0,1300,Sell,234180226
2024-08-23 09:59:37,22350.0,300,Sell,234180227
2024-08-23 09:59:37,22350.0,1900,Sell,234180228
2024-08-23 09:59:38,22350.0,100,Sell,234180305
2024-08-23 09:59:38,22300.0,10300,Sell,234180307
2024-08-23 09:59:38,22350.0,500,Sell,234180306
2024-08-23 09:59:38,22350.0,200,Sell,234180304
2024-08-23 09:59:38,22350.0,100,Sell,234180298
2024-08-23 09:59:38,22350.0,400,Sell,234180302
2024-08-23 09:59:38,22350.0,5000,Sell,234180299
2024-08-23 09:59:38,22350.0,300,Sell,234180303
2024-08-23 09:59:38,22350.0,3000,Sell,234180301
2024-08-23 09:59:38,22350.0,100,Sell,234180300
2024-08-23 09:59:39,22300.0,2000,Sell,234180314
2024-08-23 09:59:52,22300.0,200,Sell,234180602
2024-08-23 09:59:57,22300.0,4000,Sell,234180736
2024-08-23 09:59:57,22300.0,3900,Sell,234180737
2024-08-23 09:59:57,22300.0,7900,Sell,234180749
2024-08-23 10:00:06,22300.0,500,Sell,234181006
2024-08-23 10:00:31,22300.0,100,Sell,234181521
2024-08-23 10:00:32,22300.0,4000,Sell,234181547
2024-08-23 10:00:54,22300.0,300,Sell,234182056
2024-08-23 10:01:21,22350.0,100,Buy,234182603
2024-08-23 10:01:36,22350.0,100,Buy,234182991
2024-08-23 10:01:36,22350.0,100,Buy,234182992
2024-08-23 10:01:36,22350.0,100,Buy,234182990
2024-08-23 10:02:33,22300.0,3000,Sell,234184540
2024-08-23 10:02:33,22300.0,600,Sell,234184539
2024-08-23 10:02:33,22300.0,200,Sell,234184538
2024-08-23 10:02:33,22300.0,1000,Sell,234184537
2024-08-23 10:02:33,22300.0,100,Sell,234184536
2024-08-23 10:02:33,22300.0,100,Sell,234184530
2024-08-23 10:02:33,22300.0,100,Sell,234184534
2024-08-23 10:02:33,22300.0,100,Sell,234184533
2024-08-23 10:02:33,22300.0,2000,Sell,234184532
2024-08-23 10:02:33,22300.0,500,Sell,234184531
2024-08-23 10:02:33,22300.0,1000,Sell,234184541
2024-08-23 10:02:33,22300.0,500,Sell,234184535
2024-08-23 10:02:33,22300.0,10000,Sell,234184542
2024-08-23 10:02:33,22300.0,3000,Sell,234184549
2024-08-23 10:02:33,22300.0,400,Sell,234184544
2024-08-23 10:02:33,22300.0,100,Sell,234184545
2024-08-23 10:02:33,22300.0,3000,Sell,234184546
2024-08-23 10:02:33,22300.0,200,Sell,234184547
2024-08-23 10:02:33,22300.0,1000,Sell,234184548
2024-08-23 10:02:33,22300.0,300,Sell,234184529
2024-08-23 10:02:33,22300.0,1000,Sell,234184550
2024-08-23 10:02:33,22300.0,200,Sell,234184551
2024-08-23 10:02:33,22300.0,500,Sell,234184552
2024-08-23 10:02:33,22300.0,200,Sell,234184555
2024-08-23 10:02:33,22300.0,100,Sell,234184556
2024-08-23 10:02:33,22300.0,15000,Sell,234184557
2024-08-23 10:02:33,22300.0,4500,Sell,234184558
2024-08-23 10:02:33,22300.0,1000,Sell,234184543
2024-08-23 10:02:33,22300.0,200,Sell,234184528
2024-08-23 10:02:33,22300.0,1000,Sell,234184554
2024-08-23 10:02:33,22300.0,600,Sell,234184526
2024-08-23 10:02:33,22300.0,10000,Sell,234184527
2024-08-23 10:02:33,22300.0,2500,Sell,234184496
2024-08-23 10:02:33,22300.0,9200,Sell,234184497
2024-08-23 10:02:33,22300.0,3000,Sell,234184498
2024-08-23 10:02:33,22300.0,100,Sell,234184499
2024-08-23 10:02:33,22300.0,41900,Sell,234184500
2024-08-23 10:02:33,22300.0,136000,Sell,234184501
2024-08-23 10:02:33,22300.0,10400,Sell,234184502
2024-08-23 10:02:33,22300.0,2000,Sell,234184503
2024-08-23 10:02:33,22300.0,400,Sell,234184504
2024-08-23 10:02:33,22300.0,100,Sell,234184505
2024-08-23 10:02:33,22300.0,12700,Sell,234184506
2024-08-23 10:02:33,22300.0,1000,Sell,234184508
2024-08-23 10:02:33,22300.0,300,Sell,234184509
2024-08-23 10:02:33,22300.0,100,Sell,234184510
2024-08-23 10:02:33,22300.0,1000,Sell,234184553
2024-08-23 10:02:33,22300.0,200,Sell,234184512
2024-08-23 10:02:33,22300.0,1000,Sell,234184524
2024-08-23 10:02:33,22300.0,1000,Sell,234184523
2024-08-23 10:02:33,22300.0,1000,Sell,234184522
2024-08-23 10:02:33,22300.0,6500,Sell,234184521
2024-08-23 10:02:33,22300.0,200,Sell,234184520
2024-08-23 10:02:33,22300.0,300,Sell,234184511
2024-08-23 10:02:33,22300.0,100,Sell,234184525
2024-08-23 10:02:33,22300.0,100,Sell,234184518
2024-08-23 10:02:33,22300.0,100,Sell,234184517
2024-08-23 10:02:33,22300.0,200,Sell,234184516
2024-08-23 10:02:33,22300.0,2500,Sell,234184515
2024-08-23 10:02:33,22300.0,100,Sell,234184514
2024-08-23 10:02:33,22300.0,500,Sell,234184513
2024-08-23 10:02:33,22300.0,4000,Sell,234184519
2024-08-23 10:02:47,22300.0,15500,Sell,234184884
2024-08-23 10:02:47,22300.0,4500,Sell,234184885
2024-08-23 10:03:22,22350.0,1000,Buy,234185923
2024-08-23 10:03:34,22300.0,600,Sell,234186335
2024-08-23 10:03:34,22300.0,100,Sell,234186337
2024-08-23 10:03:34,22300.0,1000,Sell,234186338
2024-08-23 10:03:34,22300.0,200,Sell,234186339
2024-08-23 10:03:34,22300.0,100,Sell,234186340
2024-08-23 10:03:34,22300.0,2700,Sell,234186341
2024-08-23 10:03:34,22300.0,300,Sell,234186336
2024-08-23 10:04:18,22350.0,900,Buy,234187443
2024-08-23 10:04:25,22300.0,800,Sell,234187619
2024-08-23 10:04:25,22300.0,4200,Sell,234187621
2024-08-23 10:04:25,22300.0,500,Sell,234187620
2024-08-23 10:04:25,22300.0,1000,Sell,234187618
2024-08-23 10:04:25,22300.0,200,Sell,234187616
2024-08-23 10:04:25,22300.0,300,Sell,234187615
2024-08-23 10:04:25,22300.0,500,Sell,234187614
2024-08-23 10:04:25,22300.0,2300,Sell,234187613
2024-08-23 10:04:25,22300.0,200,Sell,234187617
2024-08-23 10:04:37,22350.0,100,Buy,234187864
2024-08-23 10:05:55,22350.0,3000,Buy,234189688
2024-08-23 10:06:03,22300.0,100,Sell,234189829
2024-08-23 10:06:06,22350.0,100,Buy,234189850
2024-08-23 10:06:06,22350.0,400,Buy,234189857
2024-08-23 10:07:14,22350.0,100,Buy,234191342
2024-08-23 10:07:17,22350.0,100,Buy,234191381
2024-08-23 10:07:17,22350.0,100,Buy,234191401
2024-08-23 10:07:17,22350.0,500,Buy,234191400
2024-08-23 10:07:17,22350.0,11500,Buy,234191380
2024-08-23 10:07:17,22350.0,2300,Buy,234191398
2024-08-23 10:07:17,22350.0,3500,Buy,234191397
2024-08-23 10:07:17,22350.0,500,Buy,234191396
2024-08-23 10:07:17,22350.0,300,Buy,234191395
2024-08-23 10:07:17,22350.0,300,Buy,234191393
2024-08-23 10:07:17,22350.0,2000,Buy,234191392
2024-08-23 10:07:17,22350.0,300,Buy,234191399
2024-08-23 10:07:17,22350.0,500,Buy,234191390
2024-08-23 10:07:17,22350.0,4000,Buy,234191391
2024-08-23 10:07:17,22350.0,300,Buy,234191382
2024-08-23 10:07:17,22350.0,1100,Buy,234191383
2024-08-23 10:07:17,22350.0,10300,Buy,234191384
2024-08-23 10:07:17,22350.0,7900,Buy,234191385
2024-08-23 10:07:17,22350.0,100,Buy,234191394
2024-08-23 10:07:17,22350.0,2000,Buy,234191387
2024-08-23 10:07:17,22350.0,200,Buy,234191388
2024-08-23 10:07:17,22350.0,4500,Buy,234191386
2024-08-23 10:07:17,22350.0,200,Buy,234191389
2024-08-23 10:07:37,22350.0,3000,Sell,234191774
2024-08-23 10:07:53,22350.0,200,Sell,234192118
2024-08-23 10:08:03,22350.0,1200,Sell,234192442
2024-08-23 10:08:18,22350.0,300,Sell,234192783
2024-08-23 10:08:21,22350.0,100,Sell,234192828
2024-08-23 10:08:22,22350.0,102700,Sell,234192840
2024-08-23 10:08:22,22350.0,300,Sell,234192842
2024-08-23 10:08:22,22350.0,800,Sell,234192841
2024-08-23 10:08:32,22350.0,100,Buy,234193079
2024-08-23 10:08:32,22350.0,400,Buy,234193080
2024-08-23 10:08:33,22350.0,9500,Sell,234193095
2024-08-23 10:08:34,22350.0,100,Buy,234193124
2024-08-23 10:08:45,22300.0,800,Sell,234193441
2024-08-23 10:08:54,22350.0,100,Buy,234193605
2024-08-23 10:09:31,22350.0,100,Buy,234194335
2024-08-23 10:10:14,22300.0,1000,Sell,234195259
2024-08-23 10:10:24,22350.0,100,Buy,234195556
2024-08-23 10:10:39,22300.0,500,Sell,234196015
2024-08-23 10:11:04,22300.0,1500,Sell,234196630
2024-08-23 10:11:15,22300.0,300,Sell,234196925
2024-08-23 10:11:27,22300.0,1000,Sell,234197236
2024-08-23 10:11:37,22300.0,100,Sell,234197408
2024-08-23 10:11:50,22300.0,500,Sell,234197632
2024-08-23 10:11:50,22300.0,100,Sell,234197633
2024-08-23 10:11:50,22300.0,200,Sell,234197634
2024-08-23 10:11:50,22300.0,200,Sell,234197635
2024-08-23 10:11:51,22300.0,300,Sell,234197700
2024-08-23 10:11:55,22300.0,500,Sell,234197814
2024-08-23 10:12:19,22300.0,1100,Sell,234198497
2024-08-23 10:12:48,22250.0,100,Sell,234199407
2024-08-23 10:12:48,22250.0,100,Sell,234199408
2024-08-23 10:12:48,22250.0,100,Sell,234199409
2024-08-23 10:12:48,22250.0,2000,Sell,234199410
2024-08-23 10:12:48,22250.0,50000,Sell,234199411
2024-08-23 10:12:48,22250.0,100,Sell,234199412
2024-08-23 10:12:48,22250.0,20000,Sell,234199416
2024-08-23 10:12:48,22250.0,100,Sell,234199414
2024-08-23 10:12:48,22250.0,100,Sell,234199415
2024-08-23 10:12:48,22250.0,5000,Sell,234199406
2024-08-23 10:12:48,22250.0,1000,Sell,234199417
2024-08-23 10:12:48,22250.0,1000,Sell,234199418
2024-08-23 10:12:48,22250.0,100,Sell,234199413
2024-08-23 10:12:48,22250.0,200,Sell,234199405
2024-08-23 10:12:48,22250.0,20000,Sell,234199400
2024-08-23 10:12:48,22250.0,100,Sell,234199403
2024-08-23 10:12:48,22250.0,20000,Sell,234199402
2024-08-23 10:12:48,22250.0,900,Sell,234199401
2024-08-23 10:12:48,22250.0,300,Sell,234199419
2024-08-23 10:12:48,22250.0,300,Sell,234199399
2024-08-23 10:12:48,22250.0,100,Sell,234199398
2024-08-23 10:12:48,22250.0,500,Sell,234199397
2024-08-23 10:12:48,22250.0,12700,Sell,234199396
2024-08-23 10:12:48,22250.0,100,Sell,234199395
2024-08-23 10:12:48,22250.0,1000,Sell,234199394
2024-08-23 10:12:48,22250.0,9200,Sell,234199393
2024-08-23 10:12:48,22250.0,10400,Sell,234199392
2024-08-23 10:12:48,22250.0,136000,Sell,234199391
2024-08-23 10:12:48,22250.0,300,Sell,234199404
2024-08-23 10:12:48,22250.0,1000,Sell,234199420
2024-08-23 10:12:48,22250.0,100,Sell,234199425
2024-08-23 10:12:48,22250.0,200,Sell,234199422
2024-08-23 10:12:48,22250.0,1700,Sell,234199452
2024-08-23 10:12:48,22250.0,7900,Sell,234199451
2024-08-23 10:12:48,22250.0,200,Sell,234199450
2024-08-23 10:12:48,22250.0,5000,Sell,234199449
2024-08-23 10:12:48,22250.0,1000,Sell,234199448
2024-08-23 10:12:48,22250.0,100,Sell,234199447
2024-08-23 10:12:48,22250.0,100,Sell,234199446
2024-08-23 10:12:48,22250.0,100,Sell,234199445
2024-08-23 10:12:48,22250.0,1000,Sell,234199444
2024-08-23 10:12:48,22250.0,100,Sell,234199443
2024-08-23 10:12:48,22250.0,100,Sell,234199442
2024-08-23 10:12:48,22250.0,100,Sell,234199441
2024-08-23 10:12:48,22250.0,5900,Sell,234199440
2024-08-23 10:12:48,22250.0,100,Sell,234199439
2024-08-23 10:12:48,22250.0,500,Sell,234199421
2024-08-23 10:12:48,22250.0,100,Sell,234199438
2024-08-23 10:12:48,22250.0,500,Sell,234199436
2024-08-23 10:12:48,22250.0,5000,Sell,234199435
2024-08-23 10:12:48,22250.0,5000,Sell,234199434
2024-08-23 10:12:48,22250.0,1000,Sell,234199433
2024-08-23 10:12:48,22250.0,1000,Sell,234199432
2024-08-23 10:12:48,22250.0,100,Sell,234199431
2024-08-23 10:12:48,22250.0,300,Sell,234199430
2024-08-23 10:12:48,22250.0,300,Sell,234199429
2024-08-23 10:12:48,22250.0,1000,Sell,234199428
2024-08-23 10:12:48,22250.0,500,Sell,234199427
2024-08-23 10:12:48,22250.0,100,Sell,234199426
2024-08-23 10:12:48,22250.0,41900,Sell,234199390
2024-08-23 10:12:48,22250.0,500,Sell,234199424
2024-08-23 10:12:48,22250.0,200,Sell,234199423
2024-08-23 10:12:48,22250.0,400,Sell,234199437
2024-08-23 10:12:48,22250.0,100,Sell,234199389
2024-08-23 10:12:48,22250.0,100,Sell,234199384
2024-08-23 10:12:48,22250.0,5000,Sell,234199387
2024-08-23 10:12:48,22300.0,200,Sell,234199352
2024-08-23 10:12:48,22300.0,500,Sell,234199351
2024-08-23 10:12:48,22300.0,200,Sell,234199350
2024-08-23 10:12:48,22300.0,200,Sell,234199349
2024-08-23 10:12:48,22300.0,200,Sell,234199348
2024-08-23 10:12:48,22300.0,100,Sell,234199347
2024-08-23 10:12:48,22300.0,200,Sell,234199346
2024-08-23 10:12:48,22300.0,100,Sell,234199345
2024-08-23 10:12:48,22300.0,100,Sell,234199344
2024-08-23 10:12:48,22300.0,500,Sell,234199343
2024-08-23 10:12:48,22300.0,2000,Sell,234199342
2024-08-23 10:12:48,22300.0,1000,Sell,234199341
2024-08-23 10:12:48,22300.0,2000,Sell,234199340
2024-08-23 10:12:48,22300.0,100,Sell,234199339
2024-08-23 10:12:48,22300.0,1000,Sell,234199338
2024-08-23 10:12:48,22300.0,100,Sell,234199337
2024-08-23 10:12:48,22300.0,2000,Sell,234199336
2024-08-23 10:12:48,22300.0,5000,Sell,234199335
2024-08-23 10:12:48,22300.0,7000,Sell,234199334
2024-08-23 10:12:48,22300.0,100,Sell,234199333
2024-08-23 10:12:48,22300.0,1000,Sell,234199332
2024-08-23 10:12:48,22300.0,5000,Sell,234199331
2024-08-23 10:12:48,22300.0,200,Sell,234199330
2024-08-23 10:12:48,22300.0,100,Sell,234199329
2024-08-23 10:12:48,22300.0,100,Sell,234199328
2024-08-23 10:12:48,22300.0,1600,Sell,234199327
2024-08-23 10:12:48,22300.0,1000,Sell,234199326
2024-08-23 10:12:48,22300.0,2000,Sell,234199325
2024-08-23 10:12:48,22300.0,2900,Sell,234199324
2024-08-23 10:12:48,22300.0,1400,Sell,234199353
2024-08-23 10:12:48,22250.0,1000,Sell,234199388
2024-08-23 10:12:48,22300.0,100,Sell,234199354
2024-08-23 10:12:48,22300.0,2000,Sell,234199356
2024-08-23 10:12:48,22250.0,19200,Sell,234199386
2024-08-23 10:12:48,22250.0,16900,Sell,234199385
2024-08-23 10:12:48,22300.0,1000,Sell,234199382
2024-08-23 10:12:48,22300.0,500,Sell,234199381
2024-08-23 10:12:48,22300.0,3000,Sell,234199380
2024-08-23 10:12:48,22300.0,7900,Sell,234199379
2024-08-23 10:12:48,22300.0,6200,Sell,234199378
2024-08-23 10:12:48,22300.0,300,Sell,234199377
2024-08-23 10:12:48,22300.0,2600,Sell,234199376
2024-08-23 10:12:48,22300.0,7900,Sell,234199375
2024-08-23 10:12:48,22300.0,1000,Sell,234199374
2024-08-23 10:12:48,22300.0,100,Sell,234199373
2024-08-23 10:12:48,22300.0,3000,Sell,234199372
2024-08-23 10:12:48,22300.0,500,Sell,234199355
2024-08-23 10:12:48,22300.0,2000,Sell,234199371
2024-08-23 10:12:48,22300.0,1000,Sell,234199369
2024-08-23 10:12:48,22300.0,500,Sell,234199368
2024-08-23 10:12:48,22300.0,100,Sell,234199367
2024-08-23 10:12:48,22300.0,100,Sell,234199366
2024-08-23 10:12:48,22300.0,100,Sell,234199365
2024-08-23 10:12:48,22300.0,100,Sell,234199364
2024-08-23 10:12:48,22300.0,500,Sell,234199363
2024-08-23 10:12:48,22300.0,2000,Sell,234199362
2024-08-23 10:12:48,22300.0,500,Sell,234199361
2024-08-23 10:12:48,22300.0,200,Sell,234199360
2024-08-23 10:12:48,22300.0,100,Sell,234199359
2024-08-23 10:12:48,22300.0,1000,Sell,234199358
2024-08-23 10:12:48,22300.0,100,Sell,234199357
2024-08-23 10:12:48,22300.0,400,Sell,234199370
2024-08-23 10:12:48,22300.0,100,Sell,234199383
2024-08-23 10:12:55,22300.0,300,Sell,234199598
2024-08-23 10:12:55,22350.0,100,Buy,234199596
2024-08-23 10:12:55,22300.0,200,Sell,234199595
2024-08-23 10:13:02,22300.0,2000,Sell,234199759
2024-08-23 10:13:10,22300.0,4000,Sell,234199990
2024-08-23 10:13:10,22300.0,1000,Sell,234199989
2024-08-23 10:13:12,22300.0,1000,Sell,234200048
2024-08-23 10:13:16,22300.0,1000,Buy,234200102
2024-08-23 10:13:16,22300.0,1000,Buy,234200103
2024-08-23 10:13:59,22250.0,100,Sell,234201116
2024-08-23 10:14:02,22300.0,500,Buy,234201158
2024-08-23 10:14:11,22250.0,200,Sell,234201399
2024-08-23 10:14:11,22250.0,300,Sell,234201400
2024-08-23 10:14:22,22250.0,5000,Sell,234201604
2024-08-23 10:14:22,22250.0,500,Sell,234201605
2024-08-23 10:14:22,22250.0,4000,Sell,234201606
2024-08-23 10:14:22,22250.0,500,Sell,234201603
2024-08-23 10:14:25,22300.0,10000,Buy,234201639
2024-08-23 10:14:40,22300.0,4500,Buy,234202015
2024-08-23 10:14:40,22300.0,3500,Buy,234202013
2024-08-23 10:14:40,22300.0,2000,Buy,234202014
2024-08-23 10:14:51,22300.0,500,Buy,234202216
2024-08-23 10:15:12,22250.0,1000,Sell,234202658
2024-08-23 10:15:16,22300.0,7000,Buy,234202724
2024-08-23 10:15:16,22300.0,1000,Buy,234202723
2024-08-23 10:15:16,22300.0,700,Buy,234202720
2024-08-23 10:15:16,22300.0,100,Buy,234202721
2024-08-23 10:15:16,22300.0,1200,Buy,234202722
2024-08-23 10:15:25,22300.0,100,Buy,234202913
2024-08-23 10:15:25,22300.0,400,Buy,234202915
2024-08-23 10:15:32,22300.0,5400,Buy,234203099
2024-08-23 10:15:32,22300.0,4600,Buy,234203100
2024-08-23 10:15:48,22300.0,10000,Buy,234203570
2024-08-23 10:16:47,22250.0,3000,Sell,234204962
2024-08-23 10:16:52,22300.0,5000,Buy,234205054
2024-08-23 10:16:52,22300.0,100,Buy,234205059
2024-08-23 10:16:56,22300.0,100,Buy,234205203
2024-08-23 10:17:04,22300.0,100,Buy,234205374
2024-08-23 10:17:13,22300.0,1000,Buy,234205551
2024-08-23 10:17:25,22300.0,400,Buy,234205771
2024-08-23 10:17:32,22300.0,3000,Buy,234205871
2024-08-23 10:17:46,22300.0,200,Buy,234206076
2024-08-23 10:17:47,22300.0,200,Buy,234206088
2024-08-23 10:19:31,22300.0,600,Buy,234207998
2024-08-23 10:19:31,22300.0,12500,Buy,234208008
2024-08-23 10:19:31,22300.0,5000,Buy,234208007
2024-08-23 10:19:31,22300.0,1700,Buy,234207997
2024-08-23 10:19:31,22300.0,500,Buy,234208004
2024-08-23 10:19:31,22300.0,500,Buy,234208006
2024-08-23 10:19:31,22300.0,500,Buy,234208002
2024-08-23 10:19:31,22300.0,100,Buy,234208001
2024-08-23 10:19:31,22300.0,3000,Buy,234208000
2024-08-23 10:19:31,22300.0,100,Buy,234207999
2024-08-23 10:19:31,22300.0,100,Buy,234208003
2024-08-23 10:19:31,22300.0,400,Buy,234208005
2024-08-23 10:19:42,22300.0,100,Buy,234208194
2024-08-23 10:20:21,22300.0,5000,Buy,234208760
2024-08-23 10:20:46,22300.0,5500,Buy,234209276
2024-08-23 10:21:23,22300.0,14000,Buy,234210110
2024-08-23 10:21:28,22300.0,12000,Buy,234210226
2024-08-23 10:21:30,22300.0,50000,Buy,234210260
2024-08-23 10:21:32,22300.0,900,Buy,234210322
2024-08-23 10:21:32,22300.0,900,Buy,234210321
2024-08-23 10:21:32,22300.0,1000,Buy,234210329
2024-08-23 10:21:32,22300.0,100,Buy,234210328
2024-08-23 10:21:32,22300.0,100,Buy,234210327
2024-08-23 10:21:32,22300.0,300,Buy,234210330
2024-08-23 10:21:32,22300.0,700,Buy,234210325
2024-08-23 10:21:32,22300.0,700,Buy,234210324
2024-08-23 10:21:32,22300.0,1300,Buy,234210323
2024-08-23 10:21:32,22300.0,4000,Buy,234210326
2024-08-23 10:21:36,22300.0,1000,Buy,234210389
2024-08-23 10:21:38,22300.0,500,Buy,234210416
2024-08-23 10:21:40,22300.0,200,Buy,234210458
2024-08-23 10:21:43,22300.0,100,Buy,234210547
2024-08-23 10:21:43,22300.0,100,Buy,234210549
2024-08-23 10:21:43,22300.0,400,Buy,234210548
2024-08-23 10:21:43,22300.0,200,Buy,234210546
2024-08-23 10:21:43,22300.0,100,Buy,234210534
2024-08-23 10:21:43,22300.0,1000,Buy,234210537
2024-08-23 10:21:43,22300.0,100,Buy,234210533
2024-08-23 10:21:43,22300.0,6400,Buy,234210538
2024-08-23 10:21:43,22300.0,200,Buy,234210536
2024-08-23 10:21:43,22300.0,100,Buy,234210535
2024-08-23 10:22:06,22350.0,500,Buy,234211063
2024-08-23 10:22:06,22350.0,1100,Buy,234211064
2024-08-23 10:22:06,22350.0,4000,Buy,234211065
2024-08-23 10:22:06,22350.0,2300,Buy,234211066
2024-08-23 10:22:06,22350.0,5700,Buy,234211069
2024-08-23 10:22:06,22350.0,1000,Buy,234211070
2024-08-23 10:22:06,22350.0,1200,Buy,234211071
2024-08-23 10:22:11,22300.0,400,Sell,234211217
2024-08-23 10:22:46,22300.0,700,Sell,234211819
2024-08-23 10:23:42,22300.0,500,Sell,234212703
2024-08-23 10:24:02,22300.0,1500,Sell,234213072
2024-08-23 10:24:09,22300.0,3700,Sell,234213186
2024-08-23 10:24:09,22300.0,1100,Sell,234213184
2024-08-23 10:24:09,22300.0,200,Sell,234213185
2024-08-23 10:24:32,22300.0,800,Sell,234213563
2024-08-23 10:24:44,22300.0,300,Sell,234213709
2024-08-23 10:24:48,22300.0,1000,Sell,234213772
2024-08-23 10:24:48,22300.0,5000,Sell,234213773
2024-08-23 10:24:48,22300.0,500,Sell,234213774
2024-08-23 10:24:48,22300.0,18500,Sell,234213775
2024-08-23 10:24:58,22300.0,1000,Sell,234213937
2024-08-23 10:25:20,22300.0,200,Sell,234214272
2024-08-23 10:25:35,22300.0,1700,Sell,234214558
2024-08-23 10:25:35,22300.0,300,Sell,234214557
2024-08-23 10:26:09,22300.0,100,Sell,234215330
2024-08-23 10:26:13,22300.0,200,Sell,234215425
2024-08-23 10:26:13,22300.0,100,Sell,234215426
2024-08-23 10:26:17,22300.0,900,Sell,234215553
2024-08-23 10:26:17,22300.0,1200,Sell,234215554
2024-08-23 10:26:18,22300.0,100,Sell,234215576
2024-08-23 10:26:18,22300.0,300,Sell,234215574
2024-08-23 10:26:18,22300.0,6700,Sell,234215573
2024-08-23 10:26:18,22300.0,7900,Sell,234215575
2024-08-23 10:26:21,22350.0,4000,Buy,234215674
2024-08-23 10:26:21,22350.0,100,Buy,234215675
2024-08-23 10:26:21,22350.0,6000,Buy,234215676
2024-08-23 10:26:21,22350.0,100,Buy,234215677
2024-08-23 10:26:21,22350.0,500,Buy,234215678
2024-08-23 10:26:21,22350.0,300,Buy,234215679
2024-08-23 10:26:21,22350.0,3800,Buy,234215673
2024-08-23 10:26:21,22350.0,200,Buy,234215680
2024-08-23 10:26:44,22300.0,1500,Sell,234216440
2024-08-23 10:26:44,22350.0,300,Buy,234216470
2024-08-23 10:26:44,22350.0,100,Buy,234216471
2024-08-23 10:26:44,22350.0,500,Buy,234216472
2024-08-23 10:26:44,22350.0,7000,Buy,234216473
2024-08-23 10:26:53,22300.0,500,Sell,234216736
2024-08-23 10:26:53,22300.0,200,Sell,234216735
2024-08-23 10:27:02,22300.0,500,Sell,234217020
2024-08-23 10:29:17,22300.0,2000,Sell,234220190
2024-08-23 10:30:01,22350.0,100,Buy,234221083
2024-08-23 10:30:12,22300.0,1000,Sell,234221277
2024-08-23 10:30:16,22350.0,200,Buy,234221363
2024-08-23 10:30:22,22350.0,5200,Buy,234221500
2024-08-23 10:30:44,22350.0,500,Buy,234221899
2024-08-23 10:31:04,22350.0,100,Buy,234222337
2024-08-23 10:31:04,22350.0,1000,Buy,234222336
2024-08-23 10:31:04,22350.0,4200,Buy,234222335
2024-08-23 10:31:04,22350.0,1000,Buy,234222334
2024-08-23 10:31:04,22350.0,1000,Buy,234222333
2024-08-23 10:31:04,22350.0,100,Buy,234222332
2024-08-23 10:31:04,22350.0,100,Buy,234222330
2024-08-23 10:31:04,22350.0,100,Buy,234222331
2024-08-23 10:31:04,22350.0,300,Buy,234222329
2024-08-23 10:31:04,22350.0,100,Buy,234222318
2024-08-23 10:31:04,22350.0,400,Buy,234222327
2024-08-23 10:31:04,22350.0,92400,Buy,234222312
2024-08-23 10:31:04,22350.0,100,Buy,234222313
2024-08-23 10:31:04,22350.0,50000,Buy,234222314
2024-08-23 10:31:04,22350.0,25700,Buy,234222315
2024-08-23 10:31:04,22350.0,100,Buy,234222328
2024-08-23 10:31:04,22350.0,1000,Buy,234222317
2024-08-23 10:31:04,22350.0,100,Buy,234222326
2024-08-23 10:31:04,22350.0,100,Buy,234222316
2024-08-23 10:31:04,22350.0,4000,Buy,234222325
2024-08-23 10:31:08,22350.0,100,Sell,234222426
2024-08-23 10:31:23,22350.0,100,Sell,234222715
2024-08-23 10:31:53,22350.0,100,Sell,234223269
2024-08-23 10:32:27,22400.0,5000,Buy,234223829
2024-08-23 10:32:55,22350.0,1000,Sell,234224329
2024-08-23 10:33:11,22350.0,1000,Sell,234224543
2024-08-23 10:33:11,22350.0,11200,Sell,234224554
2024-08-23 10:33:16,22350.0,1500,Sell,234224627
2024-08-23 10:33:28,22350.0,1000,Sell,234224777
2024-08-23 10:33:44,22350.0,1000,Sell,234225031
2024-08-23 10:33:54,22350.0,100,Sell,234225167
2024-08-23 10:35:59,22350.0,200,Sell,234226978
2024-08-23 10:35:59,22350.0,300,Sell,234226979
2024-08-23 10:35:59,22350.0,1000,Sell,234226976
2024-08-23 10:35:59,22350.0,500,Sell,234226977
2024-08-23 10:36:02,22400.0,1000,Buy,234227036
2024-08-23 10:37:05,22400.0,100,Buy,234228123
2024-08-23 10:37:56,22400.0,100,Buy,234228882
2024-08-23 10:38:01,22400.0,500,Buy,234228978
2024-08-23 10:38:38,22400.0,100,Buy,234229532
2024-08-23 10:38:38,22400.0,100,Buy,234229540
2024-08-23 10:39:02,22400.0,500,Buy,234229859
2024-08-23 10:39:40,22350.0,300,Sell,234230318
2024-08-23 10:39:51,22350.0,4000,Sell,234230482
2024-08-23 10:40:06,22400.0,5200,Buy,234230662
2024-08-23 10:40:06,22400.0,2000,Buy,234230661
2024-08-23 10:40:06,22400.0,300,Buy,234230660
2024-08-23 10:40:06,22400.0,1000,Buy,234230659
2024-08-23 10:40:06,22400.0,100,Buy,234230657
2024-08-23 10:40:06,22400.0,500,Buy,234230656
2024-08-23 10:40:06,22400.0,100,Buy,234230658
2024-08-23 10:40:06,22400.0,1800,Buy,234230653
2024-08-23 10:40:06,22400.0,2000,Buy,234230654
2024-08-23 10:40:06,22400.0,400,Buy,234230655
2024-08-23 10:40:09,22400.0,500,Buy,234230698
2024-08-23 10:40:22,22400.0,400,Buy,234230917
2024-08-23 10:40:28,22400.0,200,Buy,234231020
2024-08-23 10:40:34,22350.0,100,Sell,234231128
2024-08-23 10:40:40,22350.0,100,Sell,234231239
2024-08-23 10:41:06,22350.0,3100,Sell,234231682
2024-08-23 10:41:06,22350.0,5400,Sell,234231683
2024-08-23 10:41:14,22350.0,600,Sell,234231777
2024-08-23 10:41:14,22350.0,100,Sell,234231776
2024-08-23 10:41:14,22350.0,200,Sell,234231775
2024-08-23 10:41:14,22350.0,400,Sell,234231774
2024-08-23 10:41:14,22350.0,600,Sell,234231773
2024-08-23 10:41:14,22350.0,1800,Sell,234231772
2024-08-23 10:41:14,22350.0,200,Sell,234231771
2024-08-23 10:41:14,22350.0,200,Sell,234231770
2024-08-23 10:41:14,22350.0,1800,Sell,234231766
2024-08-23 10:41:14,22350.0,5000,Sell,234231768
2024-08-23 10:41:14,22350.0,100,Sell,234231767
2024-08-23 10:41:14,22350.0,3100,Sell,234231778
2024-08-23 10:41:14,22350.0,1500,Sell,234231765
2024-08-23 10:41:14,22350.0,10000,Sell,234231763
2024-08-23 10:41:14,22350.0,5000,Sell,234231762
2024-08-23 10:41:14,22350.0,7900,Sell,234231761
2024-08-23 10:41:14,22350.0,2500,Sell,234231760
2024-08-23 10:41:14,22350.0,200,Sell,234231769
2024-08-23 10:41:14,22350.0,2000,Sell,234231764
2024-08-23 10:41:23,22350.0,2000,Sell,234231886
2024-08-23 10:41:34,22350.0,1300,Sell,234232011
2024-08-23 10:41:37,22350.0,2800,Sell,234232046
2024-08-23 10:41:37,22350.0,500,Sell,234232059
2024-08-23 10:41:58,22350.0,500,Sell,234232291
2024-08-23 10:42:03,22350.0,1000,Sell,234232356
2024-08-23 10:42:03,22350.0,5000,Sell,234232364
2024-08-23 10:42:19,22350.0,1000,Sell,234232549
2024-08-23 10:42:32,22350.0,1000,Sell,234232735
2024-08-23 10:42:36,22350.0,5000,Sell,234232804
2024-08-23 10:42:43,22350.0,100,Sell,234232910
2024-08-23 10:42:45,22350.0,1000,Sell,234232926
2024-08-23 10:42:57,22350.0,1000,Sell,234233069
2024-08-23 10:43:10,22350.0,1000,Sell,234233277
2024-08-23 10:43:24,22350.0,1000,Sell,234233430
2024-08-23 10:43:37,22350.0,1000,Sell,234233630
2024-08-23 10:43:50,22350.0,500,Sell,234233813
2024-08-23 10:43:55,22350.0,100,Sell,234233871
2024-08-23 10:43:56,22350.0,1000,Sell,234233875
2024-08-23 10:44:04,22350.0,2000,Sell,234233970
2024-08-23 10:44:07,22350.0,1000,Sell,234234004
2024-08-23 10:44:11,22400.0,1000,Buy,234234055
2024-08-23 10:44:42,22350.0,16000,Sell,234234447
2024-08-23 10:44:48,22350.0,1000,Sell,234234495
2024-08-23 10:45:10,22350.0,100,Sell,234234760
2024-08-23 10:45:10,22350.0,300,Sell,234234761
2024-08-23 10:45:10,22350.0,100,Sell,234234762
2024-08-23 10:45:10,22350.0,400,Sell,234234763
2024-08-23 10:45:10,22350.0,100,Sell,234234764
2024-08-23 10:45:13,22400.0,100,Buy,234234791
2024-08-23 10:45:18,22350.0,100,Sell,234234904
2024-08-23 10:45:18,22350.0,9900,Sell,234234905
2024-08-23 10:45:22,22350.0,100,Sell,234234962
2024-08-23 10:45:22,22350.0,900,Sell,234234963
2024-08-23 10:45:23,22350.0,500,Sell,234234977
2024-08-23 10:45:32,22350.0,400,Sell,234235097
2024-08-23 10:45:35,22350.0,1000,Sell,234235126
2024-08-23 10:45:41,22350.0,300,Sell,234235250
2024-08-23 10:45:48,22350.0,1000,Sell,234235353
2024-08-23 10:45:55,22350.0,100,Sell,234235430
2024-08-23 10:45:55,22350.0,200,Sell,234235429
2024-08-23 10:45:55,22350.0,200,Sell,234235428
2024-08-23 10:45:55,22350.0,100,Sell,234235427
2024-08-23 10:45:55,22350.0,300,Sell,234235426
2024-08-23 10:45:55,22350.0,100,Sell,234235425
2024-08-23 10:45:55,22350.0,500,Sell,234235423
2024-08-23 10:45:55,22350.0,4000,Sell,234235422
2024-08-23 10:45:55,22350.0,300,Sell,234235421
2024-08-23 10:45:55,22350.0,100,Sell,234235420
2024-08-23 10:45:55,22350.0,10000,Sell,234235419
2024-08-23 10:45:55,22350.0,5900,Sell,234235418
2024-08-23 10:45:55,22350.0,200,Sell,234235424
2024-08-23 10:46:11,22400.0,7800,Buy,234235636
2024-08-23 10:46:12,22350.0,3000,Sell,234235653
2024-08-23 10:46:12,22350.0,5800,Sell,234235654
2024-08-23 10:46:12,22350.0,4500,Sell,234235652
2024-08-23 10:46:12,22350.0,300,Sell,234235648
2024-08-23 10:46:12,22350.0,100,Sell,234235650
2024-08-23 10:46:12,22350.0,1100,Sell,234235649
2024-08-23 10:46:12,22350.0,200,Sell,234235651
2024-08-23 10:46:20,22350.0,500,Sell,234235749
2024-08-23 10:46:35,22350.0,300,Sell,234235949
2024-08-23 10:46:39,22350.0,5000,Sell,234235984
2024-08-23 10:46:44,22350.0,1300,Sell,234236037
2024-08-23 10:46:44,22350.0,200,Sell,234236033
2024-08-23 10:46:44,22350.0,100,Sell,234236036
2024-08-23 10:46:44,22350.0,200,Sell,234236035
2024-08-23 10:46:44,22350.0,400,Sell,234236034
2024-08-23 10:46:44,22350.0,500,Sell,234236032
2024-08-23 10:46:44,22350.0,5000,Sell,234236025
2024-08-23 10:46:44,22350.0,200,Sell,234236030
2024-08-23 10:46:44,22350.0,200,Sell,234236031
2024-08-23 10:46:44,22350.0,200,Sell,234236026
2024-08-23 10:46:44,22350.0,1800,Sell,234236024
2024-08-23 10:46:44,22350.0,1600,Sell,234236028
2024-08-23 10:46:44,22350.0,200,Sell,234236029
2024-08-23 10:46:44,22350.0,400,Sell,234236027
2024-08-23 10:47:19,22300.0,100,Sell,234236989
2024-08-23 10:47:53,22300.0,400,Sell,234237496
2024-08-23 10:48:21,22300.0,400,Sell,234237919
2024-08-23 10:48:22,22300.0,100,Sell,234237927
2024-08-23 10:48:22,22300.0,100,Sell,234237928
2024-08-23 10:49:07,22300.0,200,Sell,234238466
2024-08-23 10:49:07,22300.0,1300,Sell,234238467
2024-08-23 10:49:07,22300.0,500,Sell,234238464
2024-08-23 10:49:07,22300.0,1900,Sell,234238463
2024-08-23 10:49:07,22300.0,100,Sell,234238465
2024-08-23 10:49:19,22300.0,800,Sell,234238654
2024-08-23 10:49:22,22300.0,2800,Sell,234238687
2024-08-23 10:49:56,22300.0,5000,Sell,234239135
2024-08-23 10:50:03,22300.0,700,Sell,234239208
2024-08-23 10:50:06,22300.0,4300,Sell,234239245
2024-08-23 10:50:30,22300.0,1000,Sell,234239493
2024-08-23 10:50:51,22350.0,200,Buy,234239794
2024-08-23 10:51:32,22350.0,1000,Buy,234240240
2024-08-23 10:51:41,22350.0,7900,Buy,234240429
2024-08-23 10:51:59,22300.0,2000,Sell,234240724
2024-08-23 10:52:20,22300.0,800,Sell,234240990
2024-08-23 10:52:20,22300.0,200,Sell,234240991
2024-08-23 10:52:20,22300.0,200,Sell,234240992
2024-08-23 10:52:20,22300.0,2200,Sell,234240993
2024-08-23 10:52:20,22300.0,400,Sell,234240994
2024-08-23 10:52:20,22300.0,400,Sell,234240995
2024-08-23 10:52:20,22300.0,500,Sell,234240996
2024-08-23 10:52:20,22300.0,300,Sell,234240997
2024-08-23 10:52:20,22300.0,500,Sell,234240998
2024-08-23 10:52:20,22300.0,8000,Sell,234241000
2024-08-23 10:52:20,22300.0,5000,Sell,234241001
2024-08-23 10:52:20,22300.0,2000,Sell,234241002
2024-08-23 10:52:20,22300.0,100,Sell,234241003
2024-08-23 10:52:20,22300.0,100,Sell,234241004
2024-08-23 10:52:20,22300.0,1900,Sell,234241005
2024-08-23 10:52:20,22300.0,500,Sell,234240999
2024-08-23 10:52:20,22300.0,5000,Sell,234240989
2024-08-23 10:52:20,22300.0,500,Sell,234240988
2024-08-23 10:52:20,22300.0,300,Sell,234240972
2024-08-23 10:52:20,22300.0,600,Sell,234240970
2024-08-23 10:52:20,22300.0,200,Sell,234240971
2024-08-23 10:52:20,22300.0,32100,Sell,234240969
2024-08-23 10:52:20,22300.0,400,Sell,234240973
2024-08-23 10:52:20,22300.0,2000,Sell,234240974
2024-08-23 10:52:20,22300.0,200,Sell,234240975
2024-08-23 10:52:20,22300.0,600,Sell,234240976
2024-08-23 10:52:20,22300.0,500,Sell,234240978
2024-08-23 10:52:20,22300.0,200,Sell,234240977
2024-08-23 10:52:20,22300.0,100,Sell,234240980
2024-08-23 10:52:20,22300.0,1500,Sell,234240981
2024-08-23 10:52:20,22300.0,300,Sell,234240982
2024-08-23 10:52:20,22300.0,2700,Sell,234240983
2024-08-23 10:52:20,22300.0,300,Sell,234240984
2024-08-23 10:52:20,22300.0,600,Sell,234240985
2024-08-23 10:52:20,22300.0,1000,Sell,234240986
2024-08-23 10:52:20,22300.0,3000,Sell,234240979
2024-08-23 10:52:20,22300.0,800,Sell,234240987
2024-08-23 10:52:32,22300.0,500,Sell,234241106
2024-08-23 10:52:33,22300.0,700,Sell,234241167
2024-08-23 10:52:36,22300.0,2500,Sell,234241201
2024-08-23 10:52:37,22300.0,800,Sell,234241229
2024-08-23 10:52:46,22350.0,5000,Buy,234241350
2024-08-23 10:53:21,22300.0,1000,Sell,234241706
2024-08-23 10:53:45,22300.0,100,Sell,234242001
2024-08-23 10:53:45,22300.0,1900,Sell,234241994
2024-08-23 10:53:45,22300.0,500,Sell,234241995
2024-08-23 10:53:45,22300.0,300,Sell,234241996
2024-08-23 10:53:45,22300.0,10000,Sell,234241997
2024-08-23 10:53:45,22300.0,400,Sell,234241998
2024-08-23 10:53:45,22300.0,100,Sell,234242002
2024-08-23 10:53:45,22300.0,200,Sell,234241993
2024-08-23 10:53:45,22300.0,200,Sell,234242004
2024-08-23 10:53:45,22300.0,9700,Sell,234242005
2024-08-23 10:53:45,22300.0,7900,Sell,234242006
2024-08-23 10:53:45,22300.0,500,Sell,234242007
2024-08-23 10:53:45,22300.0,500,Sell,234242008
2024-08-23 10:53:45,22300.0,14900,Sell,234242009
2024-08-23 10:53:45,22300.0,1000,Sell,234242003
2024-08-23 10:53:45,22300.0,500,Sell,234241992
2024-08-23 10:53:45,22300.0,200,Sell,234241985
2024-08-23 10:53:45,22300.0,100,Sell,234241990
2024-08-23 10:53:45,22300.0,200,Sell,234241976
2024-08-23 10:53:45,22300.0,200,Sell,234241977
2024-08-23 10:53:45,22300.0,100,Sell,234241978
2024-08-23 10:53:45,22300.0,100,Sell,234241979
2024-08-23 10:53:45,22300.0,1000,Sell,234241980
2024-08-23 10:53:45,22300.0,200,Sell,234241981
2024-08-23 10:53:45,22300.0,5000,Sell,234241982
2024-08-23 10:53:45,22300.0,500,Sell,234241991
2024-08-23 10:53:45,22300.0,3000,Sell,234241984
2024-08-23 10:53:45,22300.0,42600,Sell,234241975
2024-08-23 10:53:45,22300.0,500,Sell,234241986
2024-08-23 10:53:45,22300.0,200,Sell,234241987
2024-08-23 10:53:45,22300.0,100,Sell,234241988
2024-08-23 10:53:45,22300.0,600,Sell,234241989
2024-08-23 10:53:45,22300.0,2000,Sell,234241983
2024-08-23 10:54:07,22250.0,100,Sell,234242225
2024-08-23 10:54:58,22250.0,500,Sell,234242835
2024-08-23 10:55:24,22300.0,100,Buy,234243214
2024-08-23 10:55:24,22300.0,200,Buy,234243215
2024-08-23 10:55:24,22300.0,200,Buy,234243217
2024-08-23 10:55:24,22300.0,23500,Buy,234243213
2024-08-23 10:55:24,22300.0,2000,Buy,234243216
2024-08-23 10:55:26,22300.0,1000,Sell,234243238
2024-08-23 10:55:31,22300.0,200,Buy,234243296
2024-08-23 10:55:31,22300.0,3800,Buy,234243297
2024-08-23 10:56:03,22300.0,6200,Buy,234243700
2024-08-23 10:56:03,22300.0,1000,Buy,234243701
2024-08-23 10:56:03,22300.0,100,Buy,234243702
2024-08-23 10:56:12,22300.0,400,Sell,234243788
2024-08-23 10:56:38,22300.0,2000,Sell,234244140
2024-08-23 10:57:01,22300.0,200,Sell,234244386
2024-08-23 10:57:34,22300.0,100,Sell,234244858
2024-08-23 10:58:06,22300.0,100,Sell,234245297
2024-08-23 10:58:44,22300.0,100,Sell,234245912
2024-08-23 10:58:48,22300.0,1000,Sell,234245988
2024-08-23 10:59:02,22300.0,4000,Sell,234246171
2024-08-23 10:59:10,22350.0,100,Buy,234246312
2024-08-23 10:59:13,22300.0,1000,Sell,234246319
2024-08-23 10:59:31,22300.0,200,Sell,234246535
2024-08-23 11:00:19,22300.0,300,Sell,234247058
2024-08-23 11:00:58,22300.0,2000,Sell,234247845
2024-08-23 11:01:16,22300.0,500,Sell,234248008
2024-08-23 11:01:16,22300.0,100,Sell,234248007
2024-08-23 11:01:16,22300.0,1400,Sell,234248006
2024-08-23 11:02:00,22300.0,100,Sell,234248525
2024-08-23 11:02:03,22300.0,400,Sell,234248571
2024-08-23 11:02:09,22300.0,1500,Sell,234248639
2024-08-23 11:02:14,22300.0,500,Sell,234248703
2024-08-23 11:02:16,22300.0,3000,Sell,234248731
2024-08-23 11:03:04,22300.0,500,Sell,234249297
2024-08-23 11:03:04,22300.0,200,Sell,234249296
2024-08-23 11:03:04,22300.0,9000,Sell,234249293
2024-08-23 11:03:04,22300.0,100,Sell,234249294
2024-08-23 11:03:04,22300.0,500,Sell,234249295
2024-08-23 11:03:07,22300.0,100,Sell,234249390
2024-08-23 11:03:07,22300.0,100,Sell,234249399
2024-08-23 11:03:07,22300.0,2000,Sell,234249398
2024-08-23 11:03:07,22300.0,300,Sell,234249397
2024-08-23 11:03:07,22300.0,6000,Sell,234249396
2024-08-23 11:03:07,22300.0,100,Sell,234249395
2024-08-23 11:03:07,22300.0,4000,Sell,234249394
2024-08-23 11:03:07,22300.0,100,Sell,234249393
2024-08-23 11:03:07,22300.0,300,Sell,234249392
2024-08-23 11:03:07,22300.0,1000,Sell,234249391
2024-08-23 11:03:07,22300.0,100,Sell,234249389
2024-08-23 11:03:07,22300.0,500,Sell,234249376
2024-08-23 11:03:07,22300.0,200,Sell,234249387
2024-08-23 11:03:07,22300.0,4200,Sell,234249377
2024-08-23 11:03:07,22300.0,1000,Sell,234249378
2024-08-23 11:03:07,22300.0,10000,Sell,234249379
2024-08-23 11:03:07,22300.0,1000,Sell,234249380
2024-08-23 11:03:07,22300.0,2000,Sell,234249381
2024-08-23 11:03:07,22300.0,2000,Sell,234249388
2024-08-23 11:03:07,22300.0,500,Sell,234249383
2024-08-23 11:03:07,22300.0,200,Sell,234249386
2024-08-23 11:03:07,22300.0,100,Sell,234249382
2024-08-23 11:03:07,22300.0,300,Sell,234249384
2024-08-23 11:03:07,22300.0,100,Sell,234249385
2024-08-23 11:03:31,22300.0,600,Buy,234249713
2024-08-23 11:03:59,22300.0,600,Buy,234250105
2024-08-23 11:04:17,22250.0,2000,Sell,234250398
2024-08-23 11:04:27,22300.0,200,Buy,234250531
2024-08-23 11:05:00,22300.0,2000,Buy,234251024
2024-08-23 11:05:07,22300.0,2000,Buy,234251104
2024-08-23 11:05:08,22300.0,200,Buy,234251121
2024-08-23 11:05:31,22300.0,5000,Buy,234251410
2024-08-23 11:05:31,22250.0,100,Sell,234251411
2024-08-23 11:06:03,22250.0,10000,Sell,234251887
2024-08-23 11:06:29,22250.0,500,Sell,234252401
2024-08-23 11:07:23,22250.0,1200,Sell,234253566
2024-08-23 11:07:43,22250.0,100,Sell,234253942
2024-08-23 11:07:45,22250.0,1000,Sell,234253961
2024-08-23 11:07:56,22250.0,300,Sell,234254146
2024-08-23 11:08:02,22250.0,1300,Sell,234254210
2024-08-23 11:08:08,22300.0,100,Buy,234254266
2024-08-23 11:08:09,22250.0,1000,Sell,234254292
2024-08-23 11:08:29,22250.0,200,Sell,234254742
2024-08-23 11:08:30,22250.0,900,Sell,234254770
2024-08-23 11:08:36,22250.0,200,Sell,234254897
2024-08-23 11:08:42,22250.0,2600,Sell,234255027
2024-08-23 11:08:42,22250.0,400,Sell,234255028
2024-08-23 11:08:49,22250.0,5000,Sell,234255147
2024-08-23 11:08:52,22250.0,900,Sell,234255184
2024-08-23 11:08:56,22250.0,2000,Sell,234255257
2024-08-23 11:08:59,22250.0,30000,Sell,234255300
2024-08-23 11:09:06,22250.0,2500,Sell,234255442
2024-08-23 11:09:09,22250.0,1000,Sell,234255524
2024-08-23 11:09:14,22250.0,800,Sell,234255608
2024-08-23 11:09:36,22250.0,100,Sell,234255940
2024-08-23 11:09:37,22250.0,800,Sell,234255952
2024-08-23 11:09:55,22300.0,200,Buy,234256327
2024-08-23 11:10:14,22300.0,100,Buy,234256660
2024-08-23 11:10:26,22300.0,2000,Buy,234256937
2024-08-23 11:10:33,22300.0,300,Buy,234257019
2024-08-23 11:12:17,22300.0,20000,Buy,234258735
2024-08-23 11:12:25,22250.0,2000,Sell,234258862
2024-08-23 11:12:35,22250.0,800,Sell,234259048
2024-08-23 11:12:57,22250.0,700,Sell,234259570
2024-08-23 11:13:18,22250.0,100,Sell,234259931
2024-08-23 11:13:19,22250.0,700,Sell,234260006
2024-08-23 11:13:22,22250.0,4000,Sell,234260058
2024-08-23 11:13:32,22250.0,3100,Sell,234260246
2024-08-23 11:13:42,22250.0,700,Sell,234260447
2024-08-23 11:13:53,22250.0,4000,Sell,234260718
2024-08-23 11:14:04,22250.0,700,Sell,234260985
2024-08-23 11:14:18,22250.0,30000,Sell,234261261
2024-08-23 11:14:25,22250.0,400,Sell,234261400
2024-08-23 11:14:26,22250.0,700,Sell,234261455
2024-08-23 11:14:33,22250.0,300,Sell,234261598
2024-08-23 11:14:34,22250.0,100,Sell,234261613
2024-08-23 11:14:48,22250.0,700,Sell,234261939
2024-08-23 11:15:11,22250.0,1700,Sell,234262462
2024-08-23 11:15:11,22250.0,100,Sell,234262463
2024-08-23 11:15:11,22250.0,20700,Sell,234262464
2024-08-23 11:15:11,22250.0,700,Sell,234262465
2024-08-23 11:15:11,22250.0,7500,Sell,234262461
2024-08-23 11:15:17,22250.0,5000,Sell,234262622
2024-08-23 11:15:18,22250.0,3600,Sell,234262638
2024-08-23 11:15:18,22250.0,25100,Sell,234262639
2024-08-23 11:15:23,22250.0,3600,Sell,234262721
2024-08-23 11:15:23,22250.0,2100,Sell,234262722
2024-08-23 11:15:23,22250.0,200,Sell,234262723
2024-08-23 11:15:23,22250.0,2900,Sell,234262724
2024-08-23 11:15:26,22250.0,400,Sell,234262808
2024-08-23 11:15:26,22250.0,2100,Sell,234262805
2024-08-23 11:15:26,22250.0,300,Sell,234262806
2024-08-23 11:15:26,22250.0,200,Sell,234262807
2024-08-23 11:15:33,22250.0,700,Sell,234263007
2024-08-23 11:15:42,22250.0,100,Sell,234263174
2024-08-23 11:15:46,22250.0,300,Sell,234263267
2024-08-23 11:15:46,22250.0,2900,Sell,234263268
2024-08-23 11:15:46,22250.0,10000,Sell,234263269
2024-08-23 11:15:46,22250.0,6800,Sell,234263270
2024-08-23 11:15:55,22250.0,700,Sell,234263503
2024-08-23 11:16:00,22250.0,500,Sell,234263666
2024-08-23 11:16:01,22250.0,4300,Sell,234263702
2024-08-23 11:16:01,22250.0,2000,Sell,234263698
2024-08-23 11:16:01,22250.0,1000,Sell,234263699
2024-08-23 11:16:01,22250.0,100,Sell,234263700
2024-08-23 11:16:01,22250.0,1400,Sell,234263701
2024-08-23 11:16:02,22250.0,5500,Sell,234263720
2024-08-23 11:16:02,22250.0,100,Sell,234263721
2024-08-23 11:16:04,22250.0,500,Sell,234263759
2024-08-23 11:16:06,22250.0,1200,Sell,234263840
2024-08-23 11:16:06,22250.0,1500,Sell,234263832
2024-08-23 11:16:06,22250.0,600,Sell,234263831
2024-08-23 11:16:06,22250.0,600,Sell,234263830
2024-08-23 11:16:06,22250.0,300,Sell,234263829
2024-08-23 11:16:06,22250.0,500,Sell,234263828
2024-08-23 11:16:06,22250.0,600,Sell,234263839
2024-08-23 11:16:06,22250.0,300,Sell,234263826
2024-08-23 11:16:06,22250.0,200,Sell,234263825
2024-08-23 11:16:06,22250.0,300,Sell,234263824
2024-08-23 11:16:06,22250.0,200,Sell,234263823
2024-08-23 11:16:06,22250.0,100,Sell,234263822
2024-08-23 11:16:06,22250.0,5000,Sell,234263821
2024-08-23 11:16:06,22250.0,400,Sell,234263820
2024-08-23 11:16:06,22250.0,5000,Sell,234263827
2024-08-23 11:16:10,22250.0,300,Sell,234264261
2024-08-23 11:16:10,22250.0,200,Sell,234264262
2024-08-23 11:16:10,22250.0,20000,Sell,234264263
2024-08-23 11:16:10,22250.0,500,Sell,234264264
2024-08-23 11:16:10,22250.0,100,Sell,234264265
2024-08-23 11:16:10,22250.0,2000,Sell,234264260
2024-08-23 11:16:10,22250.0,500,Sell,234264267
2024-08-23 11:16:10,22250.0,500,Sell,234264268
2024-08-23 11:16:10,22250.0,100,Sell,234264271
2024-08-23 11:16:10,22250.0,400,Sell,234264272
2024-08-23 11:16:10,22250.0,100,Sell,234264266
2024-08-23 11:16:10,22250.0,100,Sell,234264259
2024-08-23 11:16:10,22250.0,2000,Sell,234264270
2024-08-23 11:16:10,22250.0,500,Sell,234264257
2024-08-23 11:16:10,22250.0,100,Sell,234264258
2024-08-23 11:16:10,22250.0,1800,Sell,234264246
2024-08-23 11:16:10,22250.0,100,Sell,234264247
2024-08-23 11:16:10,22250.0,400,Sell,234264248
2024-08-23 11:16:10,22250.0,500,Sell,234264249
2024-08-23 11:16:10,22250.0,500,Sell,234264250
2024-08-23 11:16:10,22250.0,500,Sell,234264269
2024-08-23 11:16:10,22250.0,5000,Sell,234264252
2024-08-23 11:16:10,22250.0,10800,Sell,234264255
2024-08-23 11:16:10,22250.0,400,Sell,234264254
2024-08-23 11:16:10,22250.0,200,Sell,234264256
2024-08-23 11:16:10,22250.0,400,Sell,234264251
2024-08-23 11:16:10,22250.0,2000,Sell,234264253
2024-08-23 11:16:16,22250.0,1000,Sell,234264375
2024-08-23 11:16:17,22250.0,700,Sell,234264385
2024-08-23 11:16:19,22250.0,1400,Sell,234264415
2024-08-23 11:16:19,22250.0,100,Sell,234264416
2024-08-23 11:16:21,22250.0,38800,Sell,234264557
2024-08-23 11:16:21,22250.0,2000,Sell,234264556
2024-08-23 11:16:21,22250.0,100,Sell,234264555
2024-08-23 11:16:21,22250.0,100,Sell,234264554
2024-08-23 11:16:21,22250.0,100,Sell,234264552
2024-08-23 11:16:21,22250.0,2000,Sell,234264551
2024-08-23 11:16:21,22250.0,500,Sell,234264550
2024-08-23 11:16:21,22250.0,500,Sell,234264549
2024-08-23 11:16:21,22250.0,1000,Sell,234264553
2024-08-23 11:16:21,22250.0,1300,Sell,234264547
2024-08-23 11:16:21,22250.0,400,Sell,234264546
2024-08-23 11:16:21,22250.0,2000,Sell,234264545
2024-08-23 11:16:21,22250.0,300,Sell,234264540
2024-08-23 11:16:21,22250.0,100,Sell,234264544
2024-08-23 11:16:21,22250.0,200,Sell,234264543
2024-08-23 11:16:21,22250.0,200,Sell,234264542
2024-08-23 11:16:21,22250.0,100,Sell,234264541
2024-08-23 11:16:21,22250.0,200,Sell,234264548
2024-08-23 11:16:28,22250.0,4000,Sell,234264723
2024-08-23 11:16:28,22250.0,20000,Sell,234264699
2024-08-23 11:16:28,22250.0,6000,Sell,234264711
2024-08-23 11:16:33,22300.0,100,Buy,234264799
2024-08-23 11:16:39,22250.0,5400,Sell,234264921
2024-08-23 11:16:39,22250.0,100,Sell,234264920
2024-08-23 11:16:39,22250.0,100,Sell,234264919
2024-08-23 11:16:39,22250.0,7900,Sell,234264918
2024-08-23 11:16:39,22250.0,200,Sell,234264914
2024-08-23 11:16:39,22250.0,2000,Sell,234264917
2024-08-23 11:16:39,22250.0,500,Sell,234264916
2024-08-23 11:16:39,22250.0,100,Sell,234264915
2024-08-23 11:16:39,22250.0,800,Sell,234264913
2024-08-23 11:16:39,22250.0,100,Sell,234264906
2024-08-23 11:16:39,22250.0,100,Sell,234264911
2024-08-23 11:16:39,22250.0,200,Sell,234264912
2024-08-23 11:16:39,22250.0,100,Sell,234264899
2024-08-23 11:16:39,22250.0,200,Sell,234264900
2024-08-23 11:16:39,22250.0,500,Sell,234264901
2024-08-23 11:16:39,22250.0,31200,Sell,234264898
2024-08-23 11:16:39,22250.0,100,Sell,234264908
2024-08-23 11:16:39,22250.0,100,Sell,234264909
2024-08-23 11:16:39,22250.0,200,Sell,234264910
2024-08-23 11:16:39,22250.0,100,Sell,234264907
2024-08-23 11:16:40,22250.0,600,Sell,234264935
2024-08-23 11:16:45,22250.0,100,Sell,234265029
2024-08-23 11:16:45,22250.0,100,Sell,234265033
2024-08-23 11:16:45,22250.0,200,Sell,234265032
2024-08-23 11:16:45,22250.0,200,Sell,234265031
2024-08-23 11:16:45,22250.0,7900,Sell,234265030
2024-08-23 11:16:45,22250.0,300,Sell,234265028
2024-08-23 11:16:45,22250.0,100,Sell,234265023
2024-08-23 11:16:45,22250.0,1000,Sell,234265026
2024-08-23 11:16:45,22250.0,100,Sell,234265025
2024-08-23 11:16:45,22250.0,100,Sell,234265024
2024-08-23 11:16:45,22250.0,100,Sell,234265022
2024-08-23 11:16:45,22250.0,1900,Sell,234265021
2024-08-23 11:16:45,22250.0,7900,Sell,234265027
2024-08-23 11:16:48,22250.0,2200,Sell,234265134
2024-08-23 11:16:48,22250.0,4000,Sell,234265132
2024-08-23 11:16:48,22250.0,200,Sell,234265133
2024-08-23 11:16:48,22250.0,500,Sell,234265131
2024-08-23 11:16:48,22250.0,400,Sell,234265127
2024-08-23 11:16:48,22250.0,100,Sell,234265130
2024-08-23 11:16:48,22250.0,100,Sell,234265129
2024-08-23 11:16:48,22250.0,1500,Sell,234265128
2024-08-23 11:16:49,22250.0,100,Sell,234265159
2024-08-23 11:16:52,22250.0,5600,Sell,234265221
2024-08-23 11:16:52,22250.0,500,Sell,234265222
2024-08-23 11:16:52,22250.0,3900,Sell,234265223
2024-08-23 11:16:52,22250.0,100,Sell,234265227
2024-08-23 11:16:52,22250.0,7900,Sell,234265228
2024-08-23 11:16:52,22250.0,100,Sell,234265229
2024-08-23 11:16:52,22250.0,1000,Sell,234265230
2024-08-23 11:16:52,22250.0,7900,Sell,234265231
2024-08-23 11:16:52,22250.0,600,Sell,234265232
2024-08-23 11:16:52,22250.0,7900,Sell,234265233
2024-08-23 11:16:52,22250.0,100,Sell,234265234
2024-08-23 11:16:52,22250.0,3000,Sell,234265235
2024-08-23 11:16:53,22250.0,200,Buy,234265254
2024-08-23 11:17:08,22250.0,1000,Buy,234265607
2024-08-23 11:17:28,22250.0,500,Buy,234266070
2024-08-23 11:17:36,22250.0,100,Buy,234266257
2024-08-23 11:17:36,22250.0,700,Buy,234266258
2024-08-23 11:17:36,22250.0,500,Buy,234266259
2024-08-23 11:17:36,22250.0,3000,Buy,234266260
2024-08-23 11:17:36,22250.0,3000,Buy,234266261
2024-08-23 11:17:36,22250.0,900,Buy,234266262
2024-08-23 11:17:42,22200.0,3400,Sell,234266344
2024-08-23 11:17:42,22200.0,300,Sell,234266343
2024-08-23 11:17:42,22200.0,2000,Sell,234266340
2024-08-23 11:17:42,22200.0,100,Sell,234266341
2024-08-23 11:17:42,22200.0,1500,Sell,234266339
2024-08-23 11:17:42,22200.0,200,Sell,234266342
2024-08-23 11:17:46,22200.0,600,Sell,234266424
2024-08-23 11:17:54,22250.0,100,Buy,234266581
2024-08-23 11:18:03,22250.0,200,Buy,234266788
2024-08-23 11:18:16,22250.0,5000,Buy,234267088
2024-08-23 11:18:22,22250.0,2000,Buy,234267166
2024-08-23 11:18:26,22200.0,1200,Sell,234267231
2024-08-23 11:18:29,22250.0,400,Buy,234267302
2024-08-23 11:18:41,22250.0,100,Buy,234267643
2024-08-23 11:18:45,22250.0,700,Buy,234267697
2024-08-23 11:18:50,22250.0,100,Buy,234267758
2024-08-23 11:18:55,22250.0,200,Buy,234267859
2024-08-23 11:19:34,22250.0,100,Buy,234268721
2024-08-23 11:20:11,22200.0,4800,Sell,234269390
2024-08-23 11:20:11,22200.0,16500,Sell,234269398
2024-08-23 11:20:11,22200.0,400,Sell,234269392
2024-08-23 11:20:11,22200.0,100,Sell,234269393
2024-08-23 11:20:11,22200.0,16900,Sell,234269394
2024-08-23 11:20:11,22200.0,19200,Sell,234269395
2024-08-23 11:20:11,22200.0,41900,Sell,234269396
2024-08-23 11:20:11,22200.0,100,Sell,234269397
2024-08-23 11:20:11,22200.0,100,Sell,234269391
2024-08-23 11:20:22,22200.0,500,Sell,234269647
2024-08-23 11:20:27,22200.0,200,Sell,234269741
2024-08-23 11:20:44,22200.0,2000,Sell,234270139
2024-08-23 11:20:45,22200.0,600,Sell,234270145
2024-08-23 11:20:46,22200.0,4000,Sell,234270186
2024-08-23 11:21:07,22200.0,600,Sell,234270595
2024-08-23 11:21:15,22200.0,100,Sell,234270849
2024-08-23 11:21:23,22200.0,10000,Sell,234271020
2024-08-23 11:21:26,22200.0,2000,Sell,234271105
2024-08-23 11:21:27,22200.0,100,Sell,234271136
2024-08-23 11:21:29,22200.0,600,Sell,234271196
2024-08-23 11:21:34,22200.0,100,Sell,234271385
2024-08-23 11:21:44,22200.0,2000,Sell,234271589
2024-08-23 11:21:51,22200.0,600,Sell,234271769
2024-08-23 11:21:53,22200.0,500,Sell,234271816
2024-08-23 11:21:53,22200.0,200,Sell,234271842
2024-08-23 11:21:56,22200.0,4000,Sell,234271950
2024-08-23 11:22:03,22200.0,5000,Sell,234272202
2024-08-23 11:22:14,22200.0,600,Sell,234272406
2024-08-23 11:22:28,22200.0,2000,Sell,234272705
2024-08-23 11:22:34,22200.0,100,Sell,234272837
2024-08-23 11:22:36,22200.0,500,Sell,234272889
2024-08-23 11:22:58,22200.0,800,Sell,234273538
2024-08-23 11:23:04,22200.0,1000,Sell,234273748
2024-08-23 11:23:15,22200.0,200,Sell,234273902
2024-08-23 11:23:20,22200.0,800,Sell,234274037
2024-08-23 11:23:23,22200.0,20000,Sell,234274215
2024-08-23 11:23:27,22250.0,500,Buy,234274300
2024-08-23 11:23:40,22250.0,5800,Buy,234274750
2024-08-23 11:23:50,22250.0,100,Buy,234275037
2024-08-23 11:24:27,22200.0,20000,Sell,234275671
2024-08-23 11:24:28,22200.0,5000,Sell,234275683
2024-08-23 11:24:50,22200.0,800,Sell,234276360
2024-08-23 11:24:54,22200.0,2000,Sell,234276455
2024-08-23 11:25:09,22200.0,10000,Sell,234276715
2024-08-23 11:25:12,22200.0,800,Sell,234276748
2024-08-23 11:25:13,22200.0,5000,Sell,234276759
2024-08-23 11:25:16,22200.0,13500,Sell,234276838
2024-08-23 11:25:32,22200.0,1000,Sell,234277200
2024-08-23 11:25:34,22200.0,800,Sell,234277216
2024-08-23 11:25:40,22200.0,1500,Sell,234277325
2024-08-23 11:25:40,22200.0,500,Sell,234277326
2024-08-23 11:25:56,22200.0,700,Sell,234277670
2024-08-23 11:26:11,22200.0,300,Sell,234277994
2024-08-23 11:26:14,22250.0,5000,Buy,234278064
2024-08-23 11:26:31,22250.0,100,Buy,234278444
2024-08-23 11:26:36,22200.0,2000,Sell,234278697
2024-08-23 11:26:37,22250.0,4000,Buy,234278718
2024-08-23 11:26:38,22200.0,9200,Sell,234278744
2024-08-23 11:26:38,22200.0,500,Sell,234278745
2024-08-23 11:26:38,22200.0,300,Sell,234278742
2024-08-23 11:26:38,22200.0,6900,Sell,234278741
2024-08-23 11:26:38,22200.0,100,Sell,234278743
2024-08-23 11:26:41,22200.0,500,Sell,234278806
2024-08-23 11:26:41,22200.0,100,Sell,234278807
2024-08-23 11:26:41,22200.0,100,Sell,234278808
2024-08-23 11:26:41,22200.0,100,Sell,234278809
2024-08-23 11:26:42,22200.0,20000,Sell,234278858
2024-08-23 11:26:42,22200.0,45500,Sell,234278860
2024-08-23 11:26:42,22200.0,100,Sell,234278859
2024-08-23 11:26:42,22200.0,1000,Sell,234278857
2024-08-23 11:26:42,22200.0,12600,Sell,234278852
2024-08-23 11:26:42,22200.0,20000,Sell,234278855
2024-08-23 11:26:42,22200.0,200,Sell,234278854
2024-08-23 11:26:42,22200.0,300,Sell,234278853
2024-08-23 11:26:42,22200.0,300,Sell,234278856
2024-08-23 11:26:49,22250.0,400,Buy,234279166
2024-08-23 11:26:54,22200.0,11200,Sell,234279342
2024-08-23 11:26:54,22200.0,200,Sell,234279341
2024-08-23 11:26:54,22200.0,500,Sell,234279340
2024-08-23 11:26:54,22200.0,300,Sell,234279338
2024-08-23 11:26:54,22200.0,1000,Sell,234279337
2024-08-23 11:26:54,22200.0,1000,Sell,234279336
2024-08-23 11:26:54,22200.0,300,Sell,234279335
2024-08-23 11:26:54,22200.0,200,Sell,234279334
2024-08-23 11:26:54,22200.0,15000,Sell,234279333
2024-08-23 11:26:54,22200.0,600,Sell,234279332
2024-08-23 11:26:54,22200.0,100,Sell,234279331
2024-08-23 11:26:54,22200.0,100,Sell,234279329
2024-08-23 11:26:54,22200.0,400,Sell,234279328
2024-08-23 11:26:54,22200.0,50000,Sell,234279327
2024-08-23 11:26:54,22200.0,500,Sell,234279326
2024-08-23 11:26:54,22200.0,1300,Sell,234279325
2024-08-23 11:26:54,22200.0,2000,Sell,234279324
2024-08-23 11:26:54,22200.0,10000,Sell,234279323
2024-08-23 11:26:54,22200.0,100,Sell,234279322
2024-08-23 11:26:54,22200.0,100,Sell,234279321
2024-08-23 11:26:54,22200.0,500,Sell,234279320
2024-08-23 11:26:54,22200.0,4500,Sell,234279319
2024-08-23 11:26:54,22200.0,100,Sell,234279330
2024-08-23 11:27:00,22200.0,500,Sell,234279548
2024-08-23 11:27:00,22200.0,5000,Sell,234279549
2024-08-23 11:27:00,22200.0,8800,Sell,234279546
2024-08-23 11:27:00,22200.0,700,Sell,234279547
2024-08-23 11:27:03,22200.0,600,Sell,234279584
2024-08-23 11:27:03,22200.0,200,Sell,234279583
2024-08-23 11:27:06,22200.0,300,Sell,234279616
2024-08-23 11:27:06,22200.0,200,Sell,234279617
2024-08-23 11:27:06,22200.0,100,Sell,234279618
2024-08-23 11:27:06,22200.0,2000,Sell,234279619
2024-08-23 11:27:06,22200.0,2400,Sell,234279615
2024-08-23 11:27:09,22200.0,2000,Sell,234279671
2024-08-23 11:27:12,22200.0,1200,Sell,234279723
2024-08-23 11:27:13,22200.0,4800,Sell,234279743
2024-08-23 11:27:13,22200.0,100,Sell,234279744
2024-08-23 11:27:13,22200.0,100,Sell,234279745
2024-08-23 11:27:14,22200.0,1000,Sell,234279767
2024-08-23 11:27:14,22200.0,100,Sell,234279766
2024-08-23 11:27:14,22200.0,1000,Sell,234279763
2024-08-23 11:27:14,22200.0,100,Sell,234279765
2024-08-23 11:27:14,22200.0,400,Sell,234279764
2024-08-23 11:27:14,22200.0,100,Sell,234279761
2024-08-23 11:27:14,22200.0,1000,Sell,234279760
2024-08-23 11:27:14,22200.0,300,Sell,234279759
2024-08-23 11:27:14,22200.0,1000,Sell,234279762
2024-08-23 11:27:19,22200.0,100,Sell,234279880
2024-08-23 11:27:20,22200.0,400,Sell,234279881
2024-08-23 11:27:26,22200.0,500,Sell,234279993
2024-08-23 11:27:26,22200.0,100,Sell,234279991
2024-08-23 11:27:26,22200.0,100,Sell,234279992
2024-08-23 11:27:30,22200.0,4000,Sell,234280060
2024-08-23 11:27:47,22200.0,8000,Sell,234280440
2024-08-23 11:27:48,22200.0,800,Sell,234280454
2024-08-23 11:27:51,22200.0,2000,Sell,234280489
2024-08-23 11:27:52,22200.0,600,Sell,234280504
2024-08-23 11:27:53,22200.0,100,Sell,234280511
2024-08-23 11:28:09,22200.0,200,Sell,234280847
2024-08-23 11:28:10,22200.0,800,Sell,234280885
2024-08-23 11:28:12,22200.0,200,Sell,234280933
2024-08-23 11:28:17,22200.0,200,Sell,234281071
2024-08-23 11:28:17,22200.0,600,Sell,234281091
2024-08-23 11:28:17,22200.0,100,Sell,234281090
2024-08-23 11:28:17,22200.0,100,Sell,234281089
2024-08-23 11:28:17,22200.0,100,Sell,234281087
2024-08-23 11:28:17,22200.0,1000,Sell,234281086
2024-08-23 11:28:17,22200.0,1000,Sell,234281085
2024-08-23 11:28:17,22200.0,300,Sell,234281084
2024-08-23 11:28:17,22200.0,200,Sell,234281083
2024-08-23 11:28:17,22200.0,1000,Sell,234281082
2024-08-23 11:28:17,22200.0,500,Sell,234281088
2024-08-23 11:28:17,22200.0,100,Sell,234281080
2024-08-23 11:28:17,22200.0,2200,Sell,234281081
2024-08-23 11:28:17,22200.0,100,Sell,234281072
2024-08-23 11:28:17,22200.0,300,Sell,234281073
2024-08-23 11:28:17,22200.0,500,Sell,234281074
2024-08-23 11:28:17,22200.0,2800,Sell,234281070
2024-08-23 11:28:17,22200.0,100,Sell,234281076
2024-08-23 11:28:17,22200.0,500,Sell,234281077
2024-08-23 11:28:17,22200.0,300,Sell,234281078
2024-08-23 11:28:17,22200.0,100,Sell,234281079
2024-08-23 11:28:17,22200.0,2900,Sell,234281075
2024-08-23 11:28:28,22200.0,300,Sell,234281293
2024-08-23 11:28:32,22200.0,800,Sell,234281403
2024-08-23 11:28:36,22200.0,300,Sell,234281458
2024-08-23 11:28:36,22200.0,200,Sell,234281459
2024-08-23 11:28:39,22200.0,300,Sell,234281480
2024-08-23 11:28:39,22200.0,300,Sell,234281479
2024-08-23 11:28:39,22200.0,100,Sell,234281475
2024-08-23 11:28:39,22200.0,500,Sell,234281477
2024-08-23 11:28:39,22200.0,100,Sell,234281476
2024-08-23 11:28:39,22200.0,200,Sell,234281478
2024-08-23 11:28:41,22200.0,200,Sell,234281527
2024-08-23 11:28:41,22200.0,1300,Sell,234281528
2024-08-23 11:28:44,22200.0,2000,Sell,234281562
2024-08-23 11:28:51,22200.0,1000,Sell,234281705
2024-08-23 11:28:54,22200.0,100,Sell,234281779
2024-08-23 11:28:54,22200.0,4000,Sell,234281785
2024-08-23 11:28:54,22200.0,500,Sell,234281784
2024-08-23 11:28:54,22200.0,200,Sell,234281783
2024-08-23 11:28:54,22200.0,700,Sell,234281778
2024-08-23 11:28:54,22200.0,100,Sell,234281781
2024-08-23 11:28:54,22200.0,500,Sell,234281782
2024-08-23 11:28:54,22200.0,1900,Sell,234281780
2024-08-23 11:28:55,22200.0,6000,Sell,234281806
2024-08-23 11:28:55,22250.0,100,Buy,234281839
2024-08-23 11:28:55,22200.0,5300,Sell,234281827
2024-08-23 11:28:55,22200.0,500,Sell,234281826
2024-08-23 11:28:55,22200.0,1000,Sell,234281825
2024-08-23 11:28:55,22200.0,300,Sell,234281824
2024-08-23 11:28:55,22200.0,1000,Sell,234281823
2024-08-23 11:28:55,22200.0,5000,Sell,234281822
2024-08-23 11:28:55,22200.0,200,Sell,234281821
2024-08-23 11:28:55,22200.0,400,Sell,234281820
2024-08-23 11:28:55,22200.0,500,Sell,234281819
2024-08-23 11:28:55,22200.0,100,Sell,234281816
2024-08-23 11:28:55,22200.0,100,Sell,234281815
2024-08-23 11:28:55,22200.0,100,Sell,234281814
2024-08-23 11:28:55,22200.0,2000,Sell,234281813
2024-08-23 11:28:55,22200.0,100,Sell,234281812
2024-08-23 11:28:55,22200.0,100,Sell,234281811
2024-08-23 11:28:55,22200.0,200,Sell,234281810
2024-08-23 11:28:55,22200.0,10000,Sell,234281809
2024-08-23 11:28:55,22200.0,10000,Sell,234281808
2024-08-23 11:28:55,22200.0,100,Sell,234281807
2024-08-23 11:28:55,22200.0,5000,Sell,234281817
2024-08-23 11:28:55,22200.0,2000,Sell,234281818
2024-08-23 11:29:13,22250.0,600,Buy,234282402
2024-08-23 11:29:16,22200.0,500,Sell,234282450
2024-08-23 11:29:17,22200.0,700,Sell,234282496
2024-08-23 11:29:25,22200.0,500,Sell,234282685
2024-08-23 11:29:32,22250.0,100,Buy,234282783
2024-08-23 12:59:37,22250.0,100,Buy,234283644
2024-08-23 12:59:37,22250.0,100,Buy,234283645
2024-08-23 12:59:37,22250.0,100,Buy,234283710
2024-08-23 12:59:37,22200.0,500,Sell,234283711
2024-08-23 12:59:37,22250.0,200,Buy,234283271
2024-08-23 12:59:38,22250.0,2400,Buy,234284191
2024-08-23 12:59:38,22200.0,400,Sell,234284252
2024-08-23 12:59:38,22200.0,5600,Sell,234284253
2024-08-23 12:59:39,22200.0,200,Sell,234284499
2024-08-23 12:59:39,22250.0,700,Buy,234284498
2024-08-23 12:59:39,22250.0,200,Buy,234284496
2024-08-23 12:59:39,22250.0,100,Buy,234284405
2024-08-23 12:59:39,22200.0,500,Sell,234284497
2024-08-23 12:59:41,22200.0,200,Sell,234285057
2024-08-23 12:59:41,22200.0,700,Sell,234285095
2024-08-23 12:59:41,22200.0,100,Sell,234285058
2024-08-23 12:59:41,22200.0,500,Sell,234285056
2024-08-23 12:59:41,22200.0,1600,Sell,234285053
2024-08-23 12:59:41,22200.0,100,Sell,234285054
2024-08-23 12:59:41,22200.0,6300,Sell,234284921
2024-08-23 12:59:41,22200.0,3700,Sell,234284920
2024-08-23 12:59:41,22200.0,500,Sell,234285055
2024-08-23 12:59:42,22250.0,500,Buy,234285534
2024-08-23 12:59:43,22200.0,900,Sell,234285607
2024-08-23 12:59:44,22200.0,200,Sell,234285781
2024-08-23 12:59:44,22200.0,300,Sell,234285784
2024-08-23 12:59:44,22200.0,500,Sell,234285783
2024-08-23 12:59:44,22200.0,500,Sell,234285782
2024-08-23 12:59:44,22200.0,7900,Sell,234285780
2024-08-23 12:59:44,22200.0,3800,Sell,234285785
2024-08-23 12:59:44,22200.0,100,Sell,234285778
2024-08-23 12:59:44,22200.0,7400,Sell,234285777
2024-08-23 12:59:44,22200.0,200,Sell,234285776
2024-08-23 12:59:44,22200.0,1900,Sell,234285775
2024-08-23 12:59:44,22250.0,300,Buy,234285774
2024-08-23 12:59:44,22200.0,200,Sell,234285779
2024-08-23 12:59:44,22200.0,1000,Sell,234285710
2024-08-23 12:59:45,22200.0,4000,Sell,234285936
2024-08-23 12:59:45,22200.0,100,Sell,234285872
2024-08-23 12:59:45,22200.0,4100,Sell,234285864
2024-08-23 12:59:45,22200.0,3100,Sell,234285873
2024-08-23 12:59:47,22200.0,200,Sell,234286188
2024-08-23 12:59:47,22250.0,200,Buy,234286190
2024-08-23 12:59:47,22200.0,600,Sell,234286191
2024-08-23 12:59:48,22200.0,1300,Sell,234286353
2024-08-23 12:59:48,22250.0,1000,Buy,234286365
2024-08-23 12:59:48,22250.0,200,Buy,234286380
2024-08-23 12:59:55,22200.0,400,Sell,234287232
2024-08-23 13:00:00,22250.0,100,Buy,234287495
2024-08-23 13:00:00,22250.0,3300,Buy,234287496
2024-08-23 13:00:03,22250.0,100,Buy,234287688
2024-08-23 13:00:04,22200.0,1200,Sell,234287765
2024-08-23 13:00:04,22200.0,100,Sell,234287764
2024-08-23 13:00:04,22200.0,1100,Sell,234287763
2024-08-23 13:00:04,22200.0,5000,Sell,234287762
2024-08-23 13:00:04,22200.0,500,Sell,234287761
2024-08-23 13:00:04,22200.0,300,Sell,234287759
2024-08-23 13:00:04,22200.0,100,Sell,234287758
2024-08-23 13:00:04,22200.0,10400,Sell,234287757
2024-08-23 13:00:04,22200.0,300,Sell,234287760
2024-08-23 13:00:07,22250.0,100,Buy,234288274
2024-08-23 13:00:09,22200.0,2700,Sell,234288411
2024-08-23 13:00:13,22250.0,800,Buy,234288607
2024-08-23 13:00:16,22250.0,1000,Buy,234288766
2024-08-23 13:00:20,22200.0,4000,Sell,234288953
2024-08-23 13:00:20,22200.0,1000,Sell,234288954
2024-08-23 13:00:23,22200.0,700,Sell,234289097
2024-08-23 13:00:27,22200.0,300,Sell,234289216
2024-08-23 13:00:28,22200.0,500,Sell,234289231
2024-08-23 13:00:32,22200.0,4500,Sell,234289368
2024-08-23 13:00:32,22200.0,500,Sell,234289366
2024-08-23 13:00:32,22200.0,1000,Sell,234289367
2024-08-23 13:00:39,22200.0,200,Sell,234289703
2024-08-23 13:00:41,22200.0,9400,Sell,234289798
2024-08-23 13:00:41,22200.0,3200,Sell,234289796
2024-08-23 13:00:41,22200.0,7900,Sell,234289797
2024-08-23 13:00:45,22200.0,100,Sell,234289883
2024-08-23 13:00:46,22200.0,500,Sell,234289905
2024-08-23 13:00:46,22200.0,100,Sell,234289906
2024-08-23 13:00:46,22200.0,100,Sell,234289907
2024-08-23 13:00:49,22200.0,400,Sell,234290006
2024-08-23 13:00:55,22200.0,2500,Sell,234290191
2024-08-23 13:00:56,22200.0,300,Sell,234290214
2024-08-23 13:01:04,22200.0,5000,Sell,234290474
2024-08-23 13:01:06,22200.0,4800,Sell,234290546
2024-08-23 13:01:06,22200.0,100,Sell,234290544
2024-08-23 13:01:06,22200.0,100,Sell,234290545
2024-08-23 13:01:08,22200.0,700,Sell,234290656
2024-08-23 13:01:14,22200.0,4700,Sell,234290891
2024-08-23 13:01:14,22200.0,300,Sell,234290890
2024-08-23 13:01:14,22200.0,200,Sell,234290871
2024-08-23 13:01:14,22200.0,200,Sell,234290870
2024-08-23 13:01:14,22200.0,100,Sell,234290867
2024-08-23 13:01:14,22200.0,1000,Sell,234290868
2024-08-23 13:01:14,22200.0,500,Sell,234290866
2024-08-23 13:01:14,22200.0,2400,Sell,234290864
2024-08-23 13:01:14,22200.0,500,Sell,234290869
2024-08-23 13:01:14,22200.0,100,Sell,234290865
2024-08-23 13:01:20,22200.0,100,Sell,234291124
2024-08-23 13:01:21,22200.0,3100,Sell,234291156
2024-08-23 13:01:21,22200.0,1100,Sell,234291157
2024-08-23 13:01:21,22200.0,2000,Sell,234291158
2024-08-23 13:01:21,22200.0,500,Sell,234291159
2024-08-23 13:01:21,22200.0,5900,Sell,234291160
2024-08-23 13:01:30,22200.0,800,Sell,234291457
2024-08-23 13:01:44,22200.0,4000,Sell,234291894
2024-08-23 13:01:45,22200.0,500,Sell,234291914
2024-08-23 13:01:53,22200.0,1000,Sell,234292082
2024-08-23 13:01:53,22200.0,700,Sell,234292073
2024-08-23 13:01:53,22200.0,100,Sell,234292074
2024-08-23 13:01:57,22200.0,500,Sell,234292178
2024-08-23 13:02:00,22200.0,700,Sell,234292309
2024-08-23 13:02:01,22200.0,100,Sell,234292342
2024-08-23 13:02:07,22200.0,4900,Sell,234292483
2024-08-23 13:02:15,22200.0,700,Sell,234292724
2024-08-23 13:02:16,22250.0,100,Buy,234292763
2024-08-23 13:02:17,22200.0,700,Sell,234292777
2024-08-23 13:02:32,22200.0,100,Sell,234293150
2024-08-23 13:02:36,22200.0,1700,Sell,234293281
2024-08-23 13:02:36,22250.0,100,Buy,234293261
2024-08-23 13:02:59,22200.0,700,Sell,234293862
2024-08-23 13:03:06,22250.0,300,Buy,234293978
2024-08-23 13:03:13,22250.0,300,Buy,234294290
2024-08-23 13:03:30,22250.0,1700,Buy,234294797
2024-08-23 13:03:40,22250.0,700,Buy,234295098
2024-08-23 13:03:42,22250.0,500,Buy,234295127
2024-08-23 13:03:42,22250.0,200,Buy,234295134
2024-08-23 13:03:46,22250.0,5000,Buy,234295253
2024-08-23 13:03:56,22250.0,1000,Buy,234295484
2024-08-23 13:04:04,22250.0,600,Buy,234295732
2024-08-23 13:04:04,22250.0,800,Buy,234295736
2024-08-23 13:04:04,22250.0,600,Buy,234295733
2024-08-23 13:04:04,22250.0,3000,Buy,234295734
2024-08-23 13:04:04,22250.0,700,Buy,234295741
2024-08-23 13:04:04,22250.0,100,Buy,234295735
2024-08-23 13:04:04,22250.0,800,Buy,234295743
2024-08-23 13:04:04,22250.0,800,Buy,234295744
2024-08-23 13:04:04,22250.0,9100,Buy,234295745
2024-08-23 13:04:04,22250.0,10000,Buy,234295731
2024-08-23 13:04:04,22250.0,500,Buy,234295742
2024-08-23 13:04:04,22250.0,100,Buy,234295730
2024-08-23 13:04:04,22250.0,600,Buy,234295729
2024-08-23 13:04:04,22250.0,600,Buy,234295728
2024-08-23 13:04:04,22250.0,1000,Buy,234295727
2024-08-23 13:04:04,22250.0,10000,Buy,234295726
2024-08-23 13:04:04,22250.0,600,Buy,234295725
2024-08-23 13:04:04,22250.0,2100,Buy,234295717
2024-08-23 13:04:04,22250.0,10000,Buy,234295724
2024-08-23 13:04:04,22250.0,4000,Buy,234295723
2024-08-23 13:04:04,22250.0,500,Buy,234295722
2024-08-23 13:04:04,22250.0,5000,Buy,234295721
2024-08-23 13:04:04,22250.0,30000,Buy,234295720
2024-08-23 13:04:04,22250.0,600,Buy,234295719
2024-08-23 13:04:04,22250.0,7900,Buy,234295718
2024-08-23 13:04:05,22250.0,900,Buy,234295779
2024-08-23 13:04:05,22250.0,2000,Buy,234295777
2024-08-23 13:04:05,22250.0,2000,Buy,234295778
2024-08-23 13:04:05,22250.0,3700,Buy,234295775
2024-08-23 13:04:05,22250.0,10900,Buy,234295774
2024-08-23 13:04:05,22250.0,500,Buy,234295776
2024-08-23 13:04:06,22200.0,100,Sell,234295808
2024-08-23 13:04:17,22250.0,100,Buy,234296221
2024-08-23 13:04:17,22250.0,900,Buy,234296222
2024-08-23 13:04:25,22200.0,400,Sell,234296497
2024-08-23 13:04:25,22250.0,2600,Buy,234296516
2024-08-23 13:04:25,22250.0,400,Buy,234296517
2024-08-23 13:04:29,22250.0,600,Buy,234296730
2024-08-23 13:04:29,22250.0,900,Buy,234296726
2024-08-23 13:04:29,22250.0,200,Buy,234296725
2024-08-23 13:04:29,22250.0,100,Buy,234296727
2024-08-23 13:04:29,22250.0,1000,Buy,234296728
2024-08-23 13:04:29,22250.0,200,Buy,234296729
2024-08-23 13:04:29,22250.0,1600,Buy,234296731
2024-08-23 13:04:29,22250.0,100,Buy,234296717
2024-08-23 13:04:29,22250.0,700,Buy,234296733
2024-08-23 13:04:29,22250.0,700,Buy,234296734
2024-08-23 13:04:29,22250.0,100,Buy,234296735
2024-08-23 13:04:29,22250.0,400,Buy,234296736
2024-08-23 13:04:29,22250.0,800,Buy,234296737
2024-08-23 13:04:29,22250.0,100,Buy,234296738
2024-08-23 13:04:29,22250.0,500,Buy,234296739
2024-08-23 13:04:29,22250.0,400,Buy,234296740
2024-08-23 13:04:29,22250.0,1000,Buy,234296724
2024-08-23 13:04:29,22250.0,200,Buy,234296732
2024-08-23 13:04:29,22250.0,100,Buy,234296723
2024-08-23 13:04:29,22250.0,6000,Buy,234296716
2024-08-23 13:04:29,22250.0,200,Buy,234296721
2024-08-23 13:04:29,22250.0,1600,Buy,234296702
2024-08-23 13:04:29,22250.0,1000,Buy,234296704
2024-08-23 13:04:29,22250.0,1200,Buy,234296705
2024-08-23 13:04:29,22250.0,50000,Buy,234296706
2024-08-23 13:04:29,22250.0,100,Buy,234296707
2024-08-23 13:04:29,22250.0,2000,Buy,234296708
2024-08-23 13:04:29,22250.0,100,Buy,234296709
2024-08-23 13:04:29,22250.0,1000,Buy,234296703
2024-08-23 13:04:29,22250.0,300,Buy,234296711
2024-08-23 13:04:29,22250.0,100,Buy,234296710
2024-08-23 13:04:29,22250.0,700,Buy,234296720
2024-08-23 13:04:29,22250.0,3000,Buy,234296719
2024-08-23 13:04:29,22250.0,100,Buy,234296722
2024-08-23 13:04:29,22250.0,100,Buy,234296714
2024-08-23 13:04:29,22250.0,800,Buy,234296715
2024-08-23 13:04:29,22250.0,1000,Buy,234296713
2024-08-23 13:04:29,22250.0,1000,Buy,234296712
2024-08-23 13:04:30,22250.0,100,Buy,234296770
2024-08-23 13:04:31,22250.0,700,Buy,234296824
2024-08-23 13:04:31,22250.0,100,Buy,234296822
2024-08-23 13:04:31,22250.0,200,Buy,234296821
2024-08-23 13:04:31,22250.0,100,Buy,234296823
2024-08-23 13:04:32,22250.0,2900,Sell,234296848
2024-08-23 13:04:34,22250.0,500,Buy,234296898
2024-08-23 13:04:36,22250.0,100,Buy,234296949
2024-08-23 13:04:40,22250.0,500,Buy,234297066
2024-08-23 13:04:41,22200.0,1000,Sell,234297070
2024-08-23 13:04:43,22250.0,100,Buy,234297129
2024-08-23 13:04:55,22250.0,100,Buy,234297786
2024-08-23 13:04:55,22250.0,900,Buy,234297785
2024-08-23 13:04:58,22250.0,700,Buy,234297866
2024-08-23 13:04:58,22250.0,1300,Buy,234297864
2024-08-23 13:04:58,22250.0,5000,Buy,234297865
2024-08-23 13:05:04,22250.0,100,Sell,234298041
2024-08-23 13:05:13,22250.0,700,Sell,234298401
2024-08-23 13:05:19,22250.0,5000,Sell,234298612
2024-08-23 13:05:21,22250.0,1000,Sell,234298799
2024-08-23 13:05:32,22250.0,2500,Sell,234299178
2024-08-23 13:05:35,22250.0,700,Sell,234299288
2024-08-23 13:05:40,22250.0,3000,Sell,234299464
2024-08-23 13:05:42,22250.0,5000,Sell,234299490
2024-08-23 13:05:52,22250.0,100,Sell,234299898
2024-08-23 13:05:57,22250.0,700,Sell,234300108
2024-08-23 13:06:13,22250.0,1000,Sell,234300598
2024-08-23 13:06:18,22250.0,1000,Sell,234300767
2024-08-23 13:06:20,22250.0,2200,Sell,234300846
2024-08-23 13:06:20,22250.0,800,Sell,234300854
2024-08-23 13:06:28,22250.0,100,Sell,234301186
2024-08-23 13:06:34,22250.0,1000,Sell,234301299
2024-08-23 13:06:42,22250.0,700,Sell,234301577
2024-08-23 13:06:46,22250.0,500,Sell,234301735
2024-08-23 13:06:58,22250.0,500,Sell,234302117
2024-08-23 13:07:04,22250.0,700,Sell,234302307
2024-08-23 13:07:27,22250.0,700,Sell,234302953
2024-08-23 13:07:36,22300.0,100,Buy,234303180
2024-08-23 13:07:38,22250.0,100,Sell,234303211
2024-08-23 13:07:49,22250.0,700,Sell,234303572
2024-08-23 13:08:05,22300.0,2000,Buy,234304045
2024-08-23 13:08:05,22300.0,4000,Buy,234304046
2024-08-23 13:08:05,22300.0,1900,Buy,234304047
2024-08-23 13:08:29,22250.0,100,Sell,234305109
2024-08-23 13:08:33,22250.0,700,Sell,234305261
2024-08-23 13:08:35,22300.0,500,Buy,234305327
2024-08-23 13:08:45,22300.0,1000,Buy,234305730
2024-08-23 13:08:45,22300.0,200,Buy,234305729
2024-08-23 13:08:45,22300.0,5900,Buy,234305731
2024-08-23 13:08:45,22300.0,5000,Buy,234305728
2024-08-23 13:08:45,22300.0,1600,Buy,234305723
2024-08-23 13:08:45,22300.0,1000,Buy,234305726
2024-08-23 13:08:45,22300.0,2000,Buy,234305724
2024-08-23 13:08:45,22300.0,5000,Buy,234305727
2024-08-23 13:08:45,22300.0,2000,Buy,234305725
2024-08-23 13:08:46,22300.0,100,Buy,234305776
2024-08-23 13:08:47,22300.0,1000,Buy,234305807
2024-08-23 13:08:47,22300.0,18000,Buy,234305873
2024-08-23 13:08:52,22300.0,500,Buy,234306106
2024-08-23 13:09:02,22300.0,1000,Buy,234306485
2024-08-23 13:09:11,22300.0,100,Buy,234306846
2024-08-23 13:09:18,22300.0,200,Buy,234307177
2024-08-23 13:09:37,22300.0,300,Buy,234307965
2024-08-23 13:09:52,22300.0,1400,Buy,234308469
2024-08-23 13:09:55,22250.0,2500,Sell,234308574
2024-08-23 13:09:56,22300.0,500,Buy,234308629
2024-08-23 13:10:03,22300.0,1000,Buy,234308881
2024-08-23 13:10:13,22250.0,1000,Sell,234309587
2024-08-23 13:10:14,22300.0,5000,Buy,234309617
2024-08-23 13:10:28,22300.0,1000,Buy,234310260
2024-08-23 13:10:56,22300.0,400,Buy,234311583
2024-08-23 13:10:56,22300.0,200,Buy,234311584
2024-08-23 13:10:56,22300.0,100,Buy,234311585
2024-08-23 13:10:56,22300.0,100,Buy,234311586
2024-08-23 13:10:56,22300.0,100,Buy,234311587
2024-08-23 13:10:56,22300.0,700,Buy,234311588
2024-08-23 13:10:56,22300.0,100,Buy,234311589
2024-08-23 13:10:56,22300.0,1000,Buy,234311590
2024-08-23 13:10:56,22300.0,2300,Buy,234311591
2024-08-23 13:10:56,22300.0,1100,Buy,234311592
2024-08-23 13:10:56,22300.0,200,Buy,234311593
2024-08-23 13:10:56,22300.0,1000,Buy,234311594
2024-08-23 13:10:56,22300.0,100,Buy,234311582
2024-08-23 13:10:56,22300.0,800,Buy,234311595
2024-08-23 13:10:56,22300.0,500,Buy,234311604
2024-08-23 13:10:56,22300.0,100,Buy,234311597
2024-08-23 13:10:56,22300.0,200,Buy,234311598
2024-08-23 13:10:56,22300.0,700,Buy,234311601
2024-08-23 13:10:56,22300.0,700,Buy,234311602
2024-08-23 13:10:56,22300.0,100,Buy,234311603
2024-08-23 13:10:56,22300.0,100,Buy,234311581
2024-08-23 13:10:56,22300.0,700,Buy,234311605
2024-08-23 13:10:56,22300.0,100,Buy,234311606
2024-08-23 13:10:56,22300.0,500,Buy,234311607
2024-08-23 13:10:56,22300.0,2100,Buy,234311608
2024-08-23 13:10:56,22300.0,1000,Buy,234311609
2024-08-23 13:10:56,22300.0,100,Buy,234311610
2024-08-23 13:10:56,22300.0,700,Buy,234311611
2024-08-23 13:10:56,22300.0,3200,Buy,234311612
2024-08-23 13:10:56,22300.0,400,Buy,234311596
2024-08-23 13:10:56,22300.0,100,Buy,234311580
2024-08-23 13:10:56,22300.0,100,Buy,234311600
2024-08-23 13:10:56,22300.0,5000,Buy,234311578
2024-08-23 13:10:56,22300.0,800,Buy,234311559
2024-08-23 13:10:56,22300.0,5000,Buy,234311558
2024-08-23 13:10:56,22300.0,1000,Buy,234311557
2024-08-23 13:10:56,22300.0,1000,Buy,234311556
2024-08-23 13:10:56,22300.0,1000,Buy,234311555
2024-08-23 13:10:56,22300.0,100,Buy,234311554
2024-08-23 13:10:56,22300.0,500,Buy,234311560
2024-08-23 13:10:56,22300.0,200,Buy,234311553
2024-08-23 13:10:56,22300.0,1000,Buy,234311551
2024-08-23 13:10:56,22300.0,400,Buy,234311550
2024-08-23 13:10:56,22300.0,1000,Buy,234311549
2024-08-23 13:10:56,22300.0,100,Buy,234311548
2024-08-23 13:10:56,22300.0,21800,Buy,234311547
2024-08-23 13:10:56,22300.0,800,Buy,234311579
2024-08-23 13:10:56,22300.0,5000,Buy,234311552
2024-08-23 13:10:56,22300.0,700,Buy,234311561
2024-08-23 13:10:56,22300.0,2000,Buy,234311599
2024-08-23 13:10:56,22300.0,200,Buy,234311563
2024-08-23 13:10:56,22300.0,300,Buy,234311576
2024-08-23 13:10:56,22300.0,3000,Buy,234311574
2024-08-23 13:10:56,22300.0,2000,Buy,234311573
2024-08-23 13:10:56,22300.0,5800,Buy,234311572
2024-08-23 13:10:56,22300.0,200,Buy,234311571
2024-08-23 13:10:56,22300.0,100,Buy,234311570
2024-08-23 13:10:56,22300.0,1400,Buy,234311575
2024-08-23 13:10:56,22300.0,1000,Buy,234311568
2024-08-23 13:10:56,22300.0,2600,Buy,234311569
2024-08-23 13:10:56,22300.0,10000,Buy,234311562
2024-08-23 13:10:56,22300.0,400,Buy,234311564
2024-08-23 13:10:56,22300.0,1700,Buy,234311577
2024-08-23 13:10:56,22300.0,100,Buy,234311566
2024-08-23 13:10:56,22300.0,200,Buy,234311567
2024-08-23 13:10:56,22300.0,4000,Buy,234311565
2024-08-23 13:10:59,22300.0,600,Buy,234311789
2024-08-23 13:11:00,22300.0,400,Buy,234311825
2024-08-23 13:11:06,22300.0,500,Buy,234312028
2024-08-23 13:11:09,22300.0,100,Buy,234312188
2024-08-23 13:11:12,22300.0,200,Buy,234312312
2024-08-23 13:11:12,22300.0,800,Buy,234312313
2024-08-23 13:11:12,22300.0,600,Buy,234312317
2024-08-23 13:11:18,22300.0,300,Buy,234312541
2024-08-23 13:11:18,22300.0,300,Buy,234312542
2024-08-23 13:11:21,22300.0,100,Buy,234312683
