time,price,volume,match_type,id
2024-08-28 09:14:59,22700.0,31900,ATO/ATC,235229836
2024-08-28 09:15:09,22700.0,100,Buy,235230113
2024-08-28 09:15:18,22700.0,1000,Buy,235230294
2024-08-28 09:15:38,22700.0,300,Buy,235230675
2024-08-28 09:15:38,22700.0,100,Buy,235230674
2024-08-28 09:15:38,22700.0,5000,Buy,235230673
2024-08-28 09:15:38,22700.0,400,Buy,235230672
2024-08-28 09:15:38,22700.0,100,Buy,235230671
2024-08-28 09:15:38,22700.0,1000,Buy,235230670
2024-08-28 09:15:38,22700.0,100,Buy,235230669
2024-08-28 09:15:38,22700.0,18300,Buy,235230660
2024-08-28 09:15:38,22700.0,500,Buy,235230667
2024-08-28 09:15:38,22700.0,500,Buy,235230661
2024-08-28 09:15:38,22700.0,200,Buy,235230662
2024-08-28 09:15:38,22700.0,500,Buy,235230663
2024-08-28 09:15:38,22700.0,10000,Buy,235230668
2024-08-28 09:15:38,22700.0,200,Buy,235230665
2024-08-28 09:15:38,22700.0,2000,Buy,235230664
2024-08-28 09:15:38,22700.0,800,Buy,235230666
2024-08-28 09:15:43,22700.0,5600,Buy,235230810
2024-08-28 09:15:43,22700.0,200,Buy,235230808
2024-08-28 09:15:43,22700.0,200,Buy,235230809
2024-08-28 09:15:54,22700.0,500,Buy,235231066
2024-08-28 09:15:58,22700.0,900,Buy,235231138
2024-08-28 09:15:59,22700.0,1300,Buy,235231188
2024-08-28 09:15:59,22700.0,500,Buy,235231187
2024-08-28 09:15:59,22700.0,500,Buy,235231185
2024-08-28 09:15:59,22700.0,500,Buy,235231184
2024-08-28 09:15:59,22700.0,100,Buy,235231186
2024-08-28 09:15:59,22700.0,300,Buy,235231182
2024-08-28 09:15:59,22700.0,2800,Buy,235231181
2024-08-28 09:15:59,22700.0,600,Buy,235231180
2024-08-28 09:15:59,22700.0,3000,Buy,235231179
2024-08-28 09:15:59,22700.0,10400,Buy,235231183
2024-08-28 09:16:05,22700.0,1000,Buy,235231326
2024-08-28 09:16:06,22750.0,7800,Buy,235231346
2024-08-28 09:16:06,22750.0,300,Buy,235231345
2024-08-28 09:16:06,22750.0,100,Buy,235231344
2024-08-28 09:16:06,22750.0,200,Buy,235231343
2024-08-28 09:16:06,22700.0,7900,Buy,235231342
2024-08-28 09:16:06,22700.0,500,Buy,235231340
2024-08-28 09:16:06,22700.0,6900,Buy,235231341
2024-08-28 09:16:06,22700.0,100,Buy,235231338
2024-08-28 09:16:06,22700.0,2700,Buy,235231332
2024-08-28 09:16:06,22700.0,100,Buy,235231333
2024-08-28 09:16:06,22700.0,100,Buy,235231334
2024-08-28 09:16:06,22700.0,1000,Buy,235231339
2024-08-28 09:16:06,22700.0,1200,Buy,235231336
2024-08-28 09:16:06,22700.0,1000,Buy,235231337
2024-08-28 09:16:06,22700.0,100,Buy,235231335
2024-08-28 09:16:12,22700.0,500,Buy,235231522
2024-08-28 09:16:29,22700.0,400,Sell,235231982
2024-08-28 09:16:29,22700.0,100,Sell,235231983
2024-08-28 09:16:35,22700.0,100,Sell,235232093
2024-08-28 09:16:35,22700.0,2900,Sell,235232092
2024-08-28 09:16:38,22700.0,500,Sell,235232192
2024-08-28 09:16:39,22700.0,5000,Sell,235232201
2024-08-28 09:16:48,22700.0,800,Sell,235232389
2024-08-28 09:16:49,22700.0,1400,Sell,235232398
2024-08-28 09:16:49,22700.0,600,Sell,235232399
2024-08-28 09:16:49,22700.0,2400,Sell,235232404
2024-08-28 09:16:49,22700.0,5000,Sell,235232405
2024-08-28 09:16:49,22700.0,100,Sell,235232406
2024-08-28 09:16:49,22700.0,200,Sell,235232407
2024-08-28 09:16:50,22750.0,100,Buy,235232418
2024-08-28 09:16:52,22750.0,1500,Buy,235232466
2024-08-28 09:16:57,22750.0,4200,Buy,235232571
2024-08-28 09:17:02,22750.0,800,Buy,235232681
2024-08-28 09:17:07,22750.0,200,Buy,235232794
2024-08-28 09:17:08,22750.0,1000,Buy,235232812
2024-08-28 09:17:12,22750.0,300,Buy,235232922
2024-08-28 09:17:16,22700.0,100,Sell,235233033
2024-08-28 09:17:18,22700.0,200,Sell,235233074
2024-08-28 09:17:19,22750.0,100,Buy,235233083
2024-08-28 09:17:22,22750.0,100,Buy,235233188
2024-08-28 09:17:28,22750.0,100,Buy,235233295
2024-08-28 09:17:37,22700.0,3500,Sell,235233507
2024-08-28 09:17:37,22700.0,200,Sell,235233508
2024-08-28 09:17:37,22700.0,20000,Sell,235233509
2024-08-28 09:17:38,22700.0,2200,Sell,235233612
2024-08-28 09:17:38,22700.0,1300,Sell,235233611
2024-08-28 09:17:47,22700.0,500,Sell,235233797
2024-08-28 09:17:48,22700.0,600,Sell,235233822
2024-08-28 09:17:54,22750.0,500,Buy,235233956
2024-08-28 09:17:54,22700.0,6700,Sell,235233961
2024-08-28 09:17:54,22700.0,10000,Sell,235233962
2024-08-28 09:17:54,22700.0,6000,Sell,235233963
2024-08-28 09:17:54,22700.0,1000,Sell,235233964
2024-08-28 09:17:58,22700.0,3000,Sell,235234086
2024-08-28 09:17:58,22700.0,700,Sell,235234087
2024-08-28 09:17:59,22700.0,200,Sell,235234108
2024-08-28 09:18:00,22750.0,100,Buy,235234138
2024-08-28 09:18:02,22750.0,4200,Buy,235234190
2024-08-28 09:18:03,22700.0,4100,Sell,235234213
2024-08-28 09:18:03,22700.0,2000,Sell,235234214
2024-08-28 09:18:03,22700.0,1400,Sell,235234215
2024-08-28 09:18:03,22700.0,4100,Sell,235234216
2024-08-28 09:18:03,22700.0,4000,Sell,235234217
2024-08-28 09:18:03,22700.0,100,Sell,235234218
2024-08-28 09:18:10,22700.0,5300,Buy,235234468
2024-08-28 09:18:12,22700.0,3700,Buy,235234520
2024-08-28 09:18:17,22700.0,1000,Buy,235234632
2024-08-28 09:18:21,22650.0,200,Sell,235234744
2024-08-28 09:18:21,22650.0,200,Sell,235234745
2024-08-28 09:18:21,22650.0,4000,Sell,235234746
2024-08-28 09:18:21,22650.0,500,Sell,235234747
2024-08-28 09:18:21,22650.0,200,Sell,235234748
2024-08-28 09:18:21,22650.0,1500,Sell,235234763
2024-08-28 09:18:21,22650.0,5000,Sell,235234750
2024-08-28 09:18:21,22650.0,100,Sell,235234751
2024-08-28 09:18:21,22650.0,800,Sell,235234752
2024-08-28 09:18:21,22650.0,200,Sell,235234743
2024-08-28 09:18:21,22650.0,100,Sell,235234749
2024-08-28 09:18:21,22650.0,100,Sell,235234742
2024-08-28 09:18:21,22650.0,200,Sell,235234733
2024-08-28 09:18:21,22650.0,200,Sell,235234740
2024-08-28 09:18:21,22650.0,100,Sell,235234729
2024-08-28 09:18:21,22650.0,100,Sell,235234730
2024-08-28 09:18:21,22650.0,1500,Sell,235234731
2024-08-28 09:18:21,22650.0,100,Sell,235234732
2024-08-28 09:18:21,22650.0,2200,Sell,235234728
2024-08-28 09:18:21,22650.0,200,Sell,235234741
2024-08-28 09:18:21,22650.0,600,Sell,235234735
2024-08-28 09:18:21,22650.0,200,Sell,235234736
2024-08-28 09:18:21,22650.0,100,Sell,235234737
2024-08-28 09:18:21,22650.0,100,Sell,235234738
2024-08-28 09:18:21,22650.0,5000,Sell,235234739
2024-08-28 09:18:21,22650.0,200,Sell,235234734
2024-08-28 09:18:28,22650.0,2600,Sell,235234976
2024-08-28 09:18:28,22650.0,900,Sell,235234977
2024-08-28 09:18:30,22650.0,300,Sell,235235019
2024-08-28 09:18:38,22650.0,500,Sell,235235192
2024-08-28 09:19:23,22650.0,100,Sell,235236267
2024-08-28 09:19:24,22650.0,1000,Sell,235236273
2024-08-28 09:19:24,22650.0,5300,Sell,235236274
2024-08-28 09:19:24,22650.0,3200,Sell,235236271
2024-08-28 09:19:24,22650.0,500,Sell,235236272
2024-08-28 09:19:28,22650.0,1500,Sell,235236402
2024-08-28 09:19:33,22650.0,3100,Sell,235236518
2024-08-28 09:19:33,22650.0,100,Sell,235236493
2024-08-28 09:19:33,22650.0,2000,Sell,235236519
2024-08-28 09:19:33,22650.0,500,Sell,235236521
2024-08-28 09:19:33,22650.0,4000,Sell,235236522
2024-08-28 09:19:33,22650.0,400,Sell,235236523
2024-08-28 09:19:36,22650.0,2800,Sell,235236564
2024-08-28 09:19:36,22650.0,100,Sell,235236562
2024-08-28 09:19:36,22650.0,2100,Sell,235236563
2024-08-28 09:19:38,22650.0,2200,Sell,235236613
2024-08-28 09:19:38,22650.0,100,Sell,235236614
2024-08-28 09:19:38,22650.0,100,Sell,235236615
2024-08-28 09:19:39,22650.0,200,Sell,235236627
2024-08-28 09:19:39,22650.0,1000,Sell,235236628
2024-08-28 09:19:39,22650.0,1700,Sell,235236629
2024-08-28 09:19:42,22650.0,3000,Buy,235236724
2024-08-28 09:19:52,22650.0,400,Buy,235236907
2024-08-28 09:20:06,22650.0,100,Buy,235237189
2024-08-28 09:20:12,22650.0,100,Buy,235237372
2024-08-28 09:20:22,22650.0,100,Buy,235237519
2024-08-28 09:20:51,22650.0,1000,Buy,235238137
2024-08-28 09:20:52,22650.0,100,Buy,235238154
2024-08-28 09:21:05,22650.0,2300,Buy,235238424
2024-08-28 09:21:05,22650.0,1000,Buy,235238425
2024-08-28 09:21:05,22650.0,3000,Buy,235238426
2024-08-28 09:21:05,22650.0,1000,Buy,235238427
2024-08-28 09:21:05,22650.0,1700,Buy,235238428
2024-08-28 09:21:12,22650.0,1300,Buy,235238557
2024-08-28 09:21:22,22650.0,100,Buy,235238680
2024-08-28 09:21:41,22600.0,5000,Sell,235238978
2024-08-28 09:21:44,22600.0,200,Sell,235239032
2024-08-28 09:21:48,22600.0,200,Sell,235239109
2024-08-28 09:21:48,22600.0,500,Sell,235239108
2024-08-28 09:21:50,22600.0,100,Sell,235239126
2024-08-28 09:21:58,22600.0,100,Sell,235239330
2024-08-28 09:22:24,22600.0,1000,Sell,235239953
2024-08-28 09:22:24,22600.0,100,Sell,235239961
2024-08-28 09:22:28,22600.0,100,Sell,235240020
2024-08-28 09:22:44,22600.0,100,Sell,235240491
2024-08-28 09:23:14,22650.0,1100,Buy,235241149
2024-08-28 09:23:14,22650.0,500,Buy,235241148
2024-08-28 09:23:14,22600.0,1000,Sell,235241144
2024-08-28 09:23:14,22650.0,1200,Buy,235241146
2024-08-28 09:23:14,22650.0,6900,Buy,235241145
2024-08-28 09:23:14,22650.0,300,Buy,235241147
2024-08-28 09:23:22,22650.0,900,Buy,235241316
2024-08-28 09:23:22,22650.0,700,Buy,235241317
2024-08-28 09:23:32,22650.0,200,Buy,235241505
2024-08-28 09:23:58,22650.0,1100,Buy,235241939
2024-08-28 09:23:58,22650.0,2900,Buy,235241940
2024-08-28 09:24:02,22650.0,600,Buy,235242012
2024-08-28 09:24:03,22650.0,600,Buy,235242033
2024-08-28 09:24:03,22650.0,1000,Buy,235242032
2024-08-28 09:24:03,22650.0,300,Buy,235242026
2024-08-28 09:24:03,22650.0,1600,Buy,235242029
2024-08-28 09:24:03,22650.0,500,Buy,235242028
2024-08-28 09:24:03,22650.0,200,Buy,235242027
2024-08-28 09:24:03,22650.0,100,Buy,235242025
2024-08-28 09:24:03,22650.0,200,Buy,235242031
2024-08-28 09:24:03,22650.0,1300,Buy,235242023
2024-08-28 09:24:03,22650.0,100,Buy,235242024
2024-08-28 09:24:03,22650.0,4400,Buy,235242016
2024-08-28 09:24:03,22650.0,7900,Buy,235242017
2024-08-28 09:24:03,22650.0,7900,Buy,235242018
2024-08-28 09:24:03,22650.0,100,Buy,235242030
2024-08-28 09:24:03,22650.0,7900,Buy,235242019
2024-08-28 09:24:03,22650.0,7900,Buy,235242021
2024-08-28 09:24:03,22650.0,100,Buy,235242022
2024-08-28 09:24:03,22650.0,7900,Buy,235242020
2024-08-28 09:24:10,22600.0,100,Sell,235242196
2024-08-28 09:24:46,22650.0,200,Buy,235242910
2024-08-28 09:25:06,22650.0,1000,Buy,235243306
2024-08-28 09:25:12,22650.0,100,Buy,235243433
2024-08-28 09:25:15,22650.0,4300,Buy,235243497
2024-08-28 09:25:15,22650.0,5700,Buy,235243498
2024-08-28 09:25:22,22650.0,1500,Buy,235243636
2024-08-28 09:25:26,22650.0,600,Buy,235243736
2024-08-28 09:25:26,22650.0,200,Buy,235243735
2024-08-28 09:25:26,22650.0,100,Buy,235243734
2024-08-28 09:25:26,22650.0,3700,Buy,235243733
2024-08-28 09:25:26,22650.0,3000,Buy,235243730
2024-08-28 09:25:26,22650.0,7500,Buy,235243731
2024-08-28 09:25:26,22650.0,500,Buy,235243729
2024-08-28 09:25:26,22650.0,600,Buy,235243728
2024-08-28 09:25:26,22650.0,7800,Buy,235243727
2024-08-28 09:25:26,22650.0,6000,Buy,235243732
2024-08-28 09:25:29,22650.0,500,Buy,235243817
2024-08-28 09:25:29,22650.0,400,Buy,235243818
2024-08-28 09:25:29,22650.0,900,Buy,235243815
2024-08-28 09:25:29,22650.0,500,Buy,235243816
2024-08-28 09:25:32,22650.0,4300,Buy,235243873
2024-08-28 09:25:38,22650.0,700,Sell,235243982
2024-08-28 09:25:38,22650.0,200,Sell,235243983
2024-08-28 09:25:48,22650.0,100,Sell,235244179
2024-08-28 09:25:58,22650.0,9900,Sell,235244370
2024-08-28 09:25:58,22650.0,100,Sell,235244371
2024-08-28 09:26:05,22650.0,1700,Sell,235244515
2024-08-28 09:26:06,22700.0,100,Buy,235244531
2024-08-28 09:26:12,22700.0,200,Buy,235244603
2024-08-28 09:26:25,22650.0,1000,Sell,235244891
2024-08-28 09:26:28,22650.0,100,Sell,235244933
2024-08-28 09:26:29,22650.0,800,Sell,235244937
2024-08-28 09:26:29,22650.0,700,Sell,235244938
2024-08-28 09:26:29,22650.0,200,Sell,235244939
2024-08-28 09:26:29,22650.0,1000,Sell,235244940
2024-08-28 09:26:29,22650.0,300,Sell,235244941
2024-08-28 09:26:34,22650.0,1000,Sell,235245060
2024-08-28 09:26:37,22700.0,100,Buy,235245137
2024-08-28 09:26:37,22650.0,1000,Sell,235245140
2024-08-28 09:26:38,22650.0,700,Sell,235245155
2024-08-28 09:26:47,22700.0,100,Buy,235245276
2024-08-28 09:26:59,22650.0,1000,Sell,235245485
2024-08-28 09:27:08,22650.0,100,Sell,235245697
2024-08-28 09:27:10,22700.0,100,Buy,235245719
2024-08-28 09:27:13,22700.0,100,Buy,235245780
2024-08-28 09:27:19,22700.0,3000,Buy,235245936
2024-08-28 09:27:22,22700.0,400,Buy,235245980
2024-08-28 09:27:23,22700.0,200,Buy,235245989
2024-08-28 09:27:23,22700.0,300,Buy,235245990
2024-08-28 09:27:28,22650.0,500,Sell,235246067
2024-08-28 09:27:35,22700.0,100,Buy,235246211
2024-08-28 09:28:09,22650.0,1000,Sell,235247027
2024-08-28 09:28:09,22650.0,500,Sell,235247026
2024-08-28 09:28:09,22650.0,100,Sell,235247025
2024-08-28 09:28:09,22650.0,500,Sell,235247024
2024-08-28 09:28:09,22650.0,400,Sell,235247023
2024-08-28 09:28:09,22650.0,1500,Sell,235247019
2024-08-28 09:28:09,22650.0,100,Sell,235247021
2024-08-28 09:28:09,22650.0,1000,Sell,235247020
2024-08-28 09:28:09,22650.0,2900,Sell,235247028
2024-08-28 09:28:09,22650.0,400,Sell,235247017
2024-08-28 09:28:09,22650.0,600,Sell,235247022
2024-08-28 09:28:09,22650.0,1000,Sell,235247018
2024-08-28 09:28:18,22650.0,1500,Sell,235247217
2024-08-28 09:28:23,22700.0,100,Buy,235247355
2024-08-28 09:28:52,22650.0,3600,Sell,235247956
2024-08-28 09:28:52,22650.0,200,Sell,235247957
2024-08-28 09:28:52,22650.0,800,Sell,235247958
2024-08-28 09:28:52,22650.0,12200,Sell,235247959
2024-08-28 09:28:52,22650.0,800,Sell,235247960
2024-08-28 09:28:52,22650.0,500,Sell,235247961
2024-08-28 09:28:52,22650.0,1500,Sell,235247962
2024-08-28 09:28:52,22650.0,200,Sell,235247963
2024-08-28 09:28:52,22650.0,200,Sell,235247964
2024-08-28 09:28:58,22650.0,3000,Sell,235248111
2024-08-28 09:29:00,22650.0,1000,Sell,235248209
2024-08-28 09:29:08,22650.0,600,Sell,235248386
2024-08-28 09:29:20,22700.0,100,Buy,235248721
2024-08-28 09:29:21,22700.0,300,Buy,235248723
2024-08-28 09:29:32,22650.0,200,Sell,235248975
2024-08-28 09:29:32,22650.0,1800,Sell,235248976
2024-08-28 09:29:36,22650.0,1000,Sell,235249050
2024-08-28 09:29:37,22650.0,500,Sell,235249067
2024-08-28 09:29:38,22650.0,500,Sell,235249093
2024-08-28 09:29:43,22650.0,500,Sell,235249212
2024-08-28 09:29:48,22650.0,100,Sell,235249294
2024-08-28 09:29:55,22700.0,100,Buy,235249420
2024-08-28 09:29:59,22700.0,2500,Buy,235249501
2024-08-28 09:29:59,22700.0,2500,Buy,235249521
2024-08-28 09:29:59,22700.0,500,Buy,235249522
2024-08-28 09:29:59,22700.0,1700,Buy,235249523
2024-08-28 09:29:59,22700.0,500,Buy,235249524
2024-08-28 09:29:59,22700.0,400,Buy,235249525
2024-08-28 09:29:59,22700.0,100,Buy,235249526
2024-08-28 09:29:59,22700.0,10000,Buy,235249527
2024-08-28 09:29:59,22700.0,100,Buy,235249528
2024-08-28 09:29:59,22700.0,3000,Buy,235249529
2024-08-28 09:29:59,22700.0,200,Buy,235249530
2024-08-28 09:29:59,22700.0,500,Buy,235249531
2024-08-28 09:29:59,22700.0,1000,Buy,235249532
2024-08-28 09:29:59,22700.0,800,Buy,235249533
2024-08-28 09:29:59,22700.0,500,Buy,235249534
2024-08-28 09:29:59,22700.0,3000,Buy,235249520
2024-08-28 09:29:59,22700.0,500,Buy,235249519
2024-08-28 09:29:59,22700.0,23700,Buy,235249502
2024-08-28 09:29:59,22700.0,300,Buy,235249517
2024-08-28 09:29:59,22700.0,15000,Buy,235249504
2024-08-28 09:29:59,22700.0,500,Buy,235249505
2024-08-28 09:29:59,22700.0,10000,Buy,235249506
2024-08-28 09:29:59,22700.0,200,Buy,235249507
2024-08-28 09:29:59,22700.0,1300,Buy,235249508
2024-08-28 09:29:59,22700.0,200,Buy,235249509
2024-08-28 09:29:59,22700.0,1500,Buy,235249503
2024-08-28 09:29:59,22700.0,10000,Buy,235249511
2024-08-28 09:29:59,22700.0,1000,Buy,235249510
2024-08-28 09:29:59,22700.0,100,Buy,235249516
2024-08-28 09:29:59,22700.0,500,Buy,235249515
2024-08-28 09:29:59,22700.0,5000,Buy,235249518
2024-08-28 09:29:59,22700.0,1000,Buy,235249513
2024-08-28 09:29:59,22700.0,1000,Buy,235249512
2024-08-28 09:29:59,22700.0,900,Buy,235249514
2024-08-28 09:30:02,22700.0,1500,Buy,235249626
2024-08-28 09:30:02,22700.0,1000,Buy,235249627
2024-08-28 09:30:02,22700.0,200,Buy,235249628
2024-08-28 09:30:02,22700.0,500,Buy,235249630
2024-08-28 09:30:02,22700.0,500,Buy,235249631
2024-08-28 09:30:02,22700.0,100,Buy,235249632
2024-08-28 09:30:02,22700.0,10000,Buy,235249629
2024-08-28 09:30:03,22700.0,500,Sell,235249671
2024-08-28 09:30:06,22700.0,700,Sell,235249724
2024-08-28 09:30:06,22700.0,1600,Sell,235249725
2024-08-28 09:30:08,22700.0,17400,Sell,235249780
2024-08-28 09:30:13,22750.0,100,Buy,235249852
2024-08-28 09:30:16,22700.0,500,Sell,235249939
2024-08-28 09:30:18,22700.0,2700,Sell,235250015
2024-08-28 09:30:19,22700.0,2000,Sell,235250034
2024-08-28 09:30:25,22700.0,1000,Sell,235250143
2024-08-28 09:30:28,22700.0,800,Sell,235250231
2024-08-28 09:30:38,22700.0,100,Sell,235250455
2024-08-28 09:30:48,22700.0,400,Sell,235250711
2024-08-28 09:30:54,22700.0,300,Sell,235250821
2024-08-28 09:30:58,22700.0,100,Sell,235250897
2024-08-28 09:31:00,22700.0,6900,Sell,235250932
2024-08-28 09:31:01,22700.0,600,Sell,235250962
2024-08-28 09:31:02,22700.0,1500,Sell,235250975
2024-08-28 09:31:07,22700.0,10000,Sell,235251051
2024-08-28 09:31:08,22700.0,2800,Sell,235251093
2024-08-28 09:31:16,22700.0,400,Sell,235251351
2024-08-28 09:31:18,22700.0,400,Sell,235251414
2024-08-28 09:31:31,22700.0,500,Sell,235251763
2024-08-28 09:31:46,22700.0,1000,Sell,235252114
2024-08-28 09:31:48,22700.0,1000,Sell,235252144
2024-08-28 09:31:48,22700.0,300,Sell,235252158
2024-08-28 09:32:03,22750.0,3400,Buy,235252479
2024-08-28 09:32:05,22700.0,100,Sell,235252525
2024-08-28 09:32:08,22700.0,500,Sell,235252606
2024-08-28 09:32:24,22700.0,500,Sell,235252949
2024-08-28 09:32:25,22700.0,2000,Sell,235252964
2024-08-28 09:32:28,22700.0,300,Sell,235253035
2024-08-28 09:32:48,22700.0,500,Sell,235253570
2024-08-28 09:32:50,22700.0,200,Sell,235253605
2024-08-28 09:32:58,22700.0,100,Sell,235253825
2024-08-28 09:33:00,22700.0,20000,Sell,235253855
2024-08-28 09:33:08,22700.0,3000,Sell,235254197
2024-08-28 09:33:09,22700.0,500,Sell,235254208
2024-08-28 09:33:18,22700.0,500,Sell,235254390
2024-08-28 09:33:43,22700.0,1500,Sell,235254938
2024-08-28 09:33:44,22750.0,3000,Buy,235254960
2024-08-28 09:33:47,22750.0,1400,Buy,235255074
2024-08-28 09:33:47,22750.0,2500,Buy,235255072
2024-08-28 09:33:47,22750.0,100,Buy,235255073
2024-08-28 09:33:51,22750.0,3000,Buy,235255136
2024-08-28 09:33:52,22750.0,100,Buy,235255145
2024-08-28 09:33:52,22750.0,100,Buy,235255147
2024-08-28 09:33:52,22750.0,100,Buy,235255148
2024-08-28 09:33:52,22750.0,200,Buy,235255149
2024-08-28 09:33:52,22750.0,700,Buy,235255150
2024-08-28 09:33:52,22750.0,500,Buy,235255146
2024-08-28 09:34:02,22750.0,100,Buy,235255377
2024-08-28 09:34:02,22750.0,100,Buy,235255378
2024-08-28 09:34:30,22750.0,1000,Buy,235255953
2024-08-28 09:34:32,22750.0,100,Buy,235255986
2024-08-28 09:34:34,22750.0,1000,Buy,235256040
2024-08-28 09:34:34,22750.0,100,Buy,235256039
2024-08-28 09:34:34,22750.0,3900,Buy,235256041
2024-08-28 09:34:42,22750.0,700,Buy,235256216
2024-08-28 09:34:51,22750.0,200,Buy,235256396
2024-08-28 09:34:52,22750.0,100,Buy,235256400
2024-08-28 09:34:54,22700.0,100,Sell,235256435
2024-08-28 09:35:00,22700.0,1500,Sell,235256549
2024-08-28 09:35:08,22700.0,200,Sell,235256786
2024-08-28 09:35:10,22700.0,2000,Sell,235256835
2024-08-28 09:35:15,22700.0,500,Sell,235256932
2024-08-28 09:35:16,22700.0,1500,Sell,235256942
2024-08-28 09:35:18,22700.0,600,Sell,235256995
2024-08-28 09:35:22,22750.0,500,Buy,235257093
2024-08-28 09:36:07,22700.0,10600,Sell,235258059
2024-08-28 09:36:08,22700.0,1000,Sell,235258090
2024-08-28 09:36:08,22700.0,500,Sell,235258091
2024-08-28 09:36:10,22750.0,1500,Buy,235258141
2024-08-28 09:36:12,22750.0,2000,Buy,235258183
2024-08-28 09:36:22,22750.0,300,Buy,235258387
2024-08-28 09:36:47,22700.0,1500,Sell,235258835
2024-08-28 09:36:48,22700.0,200,Sell,235258866
2024-08-28 09:36:52,22700.0,1000,Sell,235258917
2024-08-28 09:36:58,22700.0,100,Sell,235259081
2024-08-28 09:37:16,22700.0,600,Sell,235259563
2024-08-28 09:37:34,22700.0,500,Sell,235259942
2024-08-28 09:37:39,22700.0,700,Sell,235260005
2024-08-28 09:37:39,22700.0,100,Sell,235260006
2024-08-28 09:37:39,22700.0,200,Sell,235260007
2024-08-28 09:37:42,22700.0,500,Sell,235260088
2024-08-28 09:37:42,22700.0,500,Sell,235260087
2024-08-28 09:37:43,22700.0,100,Sell,235260112
2024-08-28 09:37:48,22700.0,900,Sell,235260178
2024-08-28 09:37:48,22700.0,4000,Sell,235260174
2024-08-28 09:37:58,22700.0,100,Sell,235260383
2024-08-28 09:38:04,22700.0,1000,Sell,235260471
2024-08-28 09:38:06,22750.0,3000,Buy,235260507
2024-08-28 09:38:12,22750.0,600,Buy,235260570
2024-08-28 09:38:18,22700.0,100,Sell,235260681
2024-08-28 09:38:30,22700.0,2500,Sell,235260884
2024-08-28 09:38:38,22700.0,300,Sell,235261026
2024-08-28 09:38:45,22700.0,3000,Sell,235261143
2024-08-28 09:38:48,22700.0,400,Sell,235261201
2024-08-28 09:38:56,22700.0,300,Sell,235261380
2024-08-28 09:38:56,22700.0,2000,Sell,235261382
2024-08-28 09:38:58,22700.0,400,Sell,235261415
2024-08-28 09:39:00,22700.0,500,Sell,235261453
2024-08-28 09:39:00,22700.0,700,Sell,235261452
2024-08-28 09:39:00,22700.0,100,Sell,235261451
2024-08-28 09:39:00,22700.0,100,Sell,235261450
2024-08-28 09:39:00,22700.0,600,Sell,235261449
2024-08-28 09:39:00,22700.0,600,Sell,235261444
2024-08-28 09:39:00,22700.0,100,Sell,235261443
2024-08-28 09:39:00,22700.0,1400,Sell,235261438
2024-08-28 09:39:00,22700.0,200,Sell,235261439
2024-08-28 09:39:00,22700.0,900,Sell,235261445
2024-08-28 09:39:00,22700.0,100,Sell,235261442
2024-08-28 09:39:00,22700.0,800,Sell,235261440
2024-08-28 09:39:01,22700.0,500,Sell,235261457
2024-08-28 09:39:01,22700.0,200,Sell,235261458
2024-08-28 09:39:08,22700.0,200,Sell,235261577
2024-08-28 09:39:08,22700.0,300,Sell,235261578
2024-08-28 09:39:08,22700.0,400,Sell,235261575
2024-08-28 09:39:08,22700.0,500,Sell,235261576
2024-08-28 09:39:10,22700.0,100,Sell,235261599
2024-08-28 09:39:15,22700.0,100,Sell,235261704
2024-08-28 09:39:15,22700.0,1200,Sell,235261705
2024-08-28 09:39:15,22700.0,1700,Sell,235261703
2024-08-28 09:39:17,22700.0,800,Sell,235261789
2024-08-28 09:39:17,22700.0,200,Sell,235261790
2024-08-28 09:39:18,22700.0,500,Sell,235261808
2024-08-28 09:39:18,22700.0,300,Sell,235261809
2024-08-28 09:39:28,22700.0,100,Sell,235262025
2024-08-28 09:39:44,22700.0,200,Sell,235262321
2024-08-28 09:39:54,22700.0,1000,Sell,235262497
2024-08-28 09:39:58,22700.0,100,Sell,235262568
2024-08-28 09:40:05,22700.0,100,Sell,235262661
2024-08-28 09:40:12,22700.0,300,Sell,235262806
2024-08-28 09:40:43,22700.0,500,Sell,235263361
2024-08-28 09:40:54,22700.0,1000,Sell,235263527
2024-08-28 09:40:57,22700.0,100,Sell,235263555
2024-08-28 09:40:58,22700.0,100,Sell,235263585
2024-08-28 09:41:05,22700.0,200,Sell,235263666
2024-08-28 09:41:06,22700.0,500,Sell,235263680
2024-08-28 09:41:08,22700.0,100,Sell,235263719
2024-08-28 09:41:15,22750.0,1000,Buy,235263860
2024-08-28 09:41:18,22750.0,2000,Buy,235263899
2024-08-28 09:41:22,22750.0,400,Buy,235263951
2024-08-28 09:41:32,22700.0,3000,Sell,235264136
2024-08-28 09:41:38,22700.0,400,Sell,235264219
2024-08-28 09:41:40,22700.0,500,Sell,235264243
2024-08-28 09:41:44,22750.0,300,Buy,235264339
2024-08-28 09:41:51,22700.0,900,Sell,235264492
2024-08-28 09:41:58,22700.0,100,Sell,235264643
2024-08-28 09:41:59,22700.0,200,Sell,235264647
2024-08-28 09:42:48,22700.0,800,Sell,235265544
2024-08-28 09:42:49,22700.0,100,Sell,235265569
2024-08-28 09:42:58,22700.0,100,Sell,235265723
2024-08-28 09:43:04,22700.0,1100,Sell,235265823
2024-08-28 09:43:06,22700.0,900,Sell,235265843
2024-08-28 09:43:08,22700.0,300,Sell,235265871
2024-08-28 09:43:12,22700.0,100,Sell,235265994
2024-08-28 09:43:12,22700.0,900,Sell,235266000
2024-08-28 09:43:13,22700.0,700,Sell,235266024
2024-08-28 09:43:16,22700.0,400,Sell,235266053
2024-08-28 09:43:17,22700.0,2100,Sell,235266062
2024-08-28 09:43:17,22700.0,900,Sell,235266064
2024-08-28 09:43:18,22700.0,4500,Sell,235266097
2024-08-28 09:43:18,22700.0,800,Sell,235266098
2024-08-28 09:43:19,22700.0,900,Sell,235266157
2024-08-28 09:43:28,22700.0,900,Sell,235266305
2024-08-28 09:43:29,22700.0,1000,Sell,235266315
2024-08-28 09:43:38,22700.0,900,Sell,235266456
2024-08-28 09:43:38,22700.0,200,Sell,235266461
2024-08-28 09:43:38,22700.0,400,Sell,235266455
2024-08-28 09:43:47,22750.0,1000,Buy,235266615
2024-08-28 09:43:47,22700.0,700,Sell,235266618
2024-08-28 09:43:48,22700.0,500,Sell,235266628
2024-08-28 09:43:48,22700.0,400,Sell,235266636
2024-08-28 09:43:58,22700.0,100,Sell,235266871
2024-08-28 09:43:59,22700.0,600,Sell,235266890
2024-08-28 09:44:03,22700.0,400,Sell,235266947
2024-08-28 09:44:08,22700.0,100,Sell,235267041
2024-08-28 09:44:17,22750.0,27500,Buy,235267180
2024-08-28 09:44:17,22750.0,2500,Buy,235267181
2024-08-28 09:44:22,22750.0,4500,Buy,235267255
2024-08-28 09:44:32,22750.0,600,Buy,235267396
2024-08-28 09:44:34,22750.0,2400,Buy,235267424
2024-08-28 09:44:34,22750.0,2600,Buy,235267425
2024-08-28 09:44:42,22750.0,800,Buy,235267538
2024-08-28 09:44:48,22750.0,300,Buy,235267648
2024-08-28 09:44:52,22700.0,400,Sell,235267709
2024-08-28 09:44:52,22750.0,100,Buy,235267735
2024-08-28 09:45:04,22750.0,100,Buy,235267882
2024-08-28 09:45:05,22700.0,200,Sell,235267889
2024-08-28 09:45:15,22750.0,400,Buy,235268078
2024-08-28 09:45:29,22750.0,3000,Buy,235268512
2024-08-28 09:45:30,22750.0,1000,Buy,235268537
2024-08-28 09:45:32,22750.0,600,Buy,235268551
2024-08-28 09:45:45,22750.0,4700,Buy,235269003
2024-08-28 09:45:45,22750.0,1000,Buy,235269002
2024-08-28 09:45:45,22750.0,5000,Buy,235269001
2024-08-28 09:45:45,22750.0,100,Buy,235269000
2024-08-28 09:45:45,22750.0,100,Buy,235268997
2024-08-28 09:45:45,22750.0,500,Buy,235268999
2024-08-28 09:45:45,22750.0,100,Buy,235268998
2024-08-28 09:45:45,22750.0,10000,Buy,235268996
2024-08-28 09:45:45,22750.0,100,Buy,235268991
2024-08-28 09:45:45,22750.0,500,Buy,235268994
2024-08-28 09:45:45,22750.0,100,Buy,235268995
2024-08-28 09:45:45,22750.0,1100,Buy,235268987
2024-08-28 09:45:45,22750.0,5000,Buy,235268988
2024-08-28 09:45:45,22750.0,1000,Buy,235268990
2024-08-28 09:45:45,22750.0,100,Buy,235268989
2024-08-28 09:45:45,22750.0,500,Buy,235268992
2024-08-28 09:45:45,22750.0,100,Buy,235268993
2024-08-28 09:45:52,22700.0,1500,Sell,235269171
2024-08-28 09:45:52,22750.0,4500,Buy,235269175
2024-08-28 09:46:02,22750.0,900,Buy,235269377
2024-08-28 09:46:08,22750.0,200,Buy,235269530
2024-08-28 09:46:08,22750.0,4000,Buy,235269533
2024-08-28 09:46:12,22750.0,700,Buy,235269606
2024-08-28 09:46:18,22750.0,400,Buy,235269755
2024-08-28 09:46:18,22700.0,300,Sell,235269744
2024-08-28 09:46:18,22700.0,700,Sell,235269754
2024-08-28 09:46:22,22750.0,300,Buy,235269825
2024-08-28 09:46:27,22700.0,100,Sell,235269923
2024-08-28 09:46:28,22700.0,200,Sell,235269937
2024-08-28 09:46:28,22750.0,1000,Buy,235269939
2024-08-28 09:46:32,22750.0,200,Buy,235270022
2024-08-28 09:46:49,22750.0,400,Buy,235270439
2024-08-28 09:47:31,22750.0,100,Buy,235271172
2024-08-28 09:47:49,22700.0,200,Sell,235271676
2024-08-28 09:48:00,22750.0,600,Buy,235271992
2024-08-28 09:48:12,22700.0,10000,Sell,235272274
2024-08-28 09:48:13,22750.0,100,Buy,235272281
2024-08-28 09:48:22,22750.0,1500,Buy,235272493
2024-08-28 09:48:32,22750.0,400,Buy,235272668
2024-08-28 09:48:32,22750.0,500,Buy,235272669
2024-08-28 09:48:32,22750.0,3100,Buy,235272670
2024-08-28 09:48:32,22750.0,200,Buy,235272711
2024-08-28 09:48:42,22750.0,600,Buy,235272937
2024-08-28 09:48:52,22750.0,100,Buy,235273203
2024-08-28 09:49:14,22750.0,200,Buy,235273704
2024-08-28 09:49:15,22700.0,200,Sell,235273745
2024-08-28 09:49:31,22700.0,5000,Sell,235274015
2024-08-28 09:49:35,22700.0,1000,Sell,235274091
2024-08-28 09:49:38,22700.0,100,Sell,235274193
2024-08-28 09:49:38,22700.0,100,Sell,235274192
2024-08-28 09:49:38,22700.0,600,Sell,235274191
2024-08-28 09:49:38,22700.0,100,Sell,235274190
2024-08-28 09:49:48,22700.0,100,Sell,235274388
2024-08-28 09:49:50,22700.0,500,Sell,235274442
2024-08-28 09:49:50,22700.0,200,Sell,235274441
2024-08-28 09:49:50,22700.0,1000,Sell,235274440
2024-08-28 09:49:50,22700.0,5000,Sell,235274439
2024-08-28 09:49:50,22700.0,100,Sell,235274436
2024-08-28 09:49:50,22700.0,100,Sell,235274435
2024-08-28 09:49:50,22700.0,100,Sell,235274434
2024-08-28 09:49:50,22700.0,200,Sell,235274433
2024-08-28 09:49:50,22700.0,100,Sell,235274431
2024-08-28 09:49:50,22700.0,500,Sell,235274430
2024-08-28 09:49:50,22700.0,200,Sell,235274429
2024-08-28 09:49:50,22700.0,100,Sell,235274438
2024-08-28 09:49:50,22700.0,1000,Sell,235274427
2024-08-28 09:49:50,22700.0,300,Sell,235274428
2024-08-28 09:49:50,22700.0,300,Sell,235274416
2024-08-28 09:49:50,22700.0,100,Sell,235274417
2024-08-28 09:49:50,22700.0,3000,Sell,235274418
2024-08-28 09:49:50,22700.0,500,Sell,235274419
2024-08-28 09:49:50,22700.0,200,Sell,235274420
2024-08-28 09:49:50,22700.0,500,Sell,235274437
2024-08-28 09:49:50,22700.0,5000,Sell,235274421
2024-08-28 09:49:50,22700.0,200,Sell,235274422
2024-08-28 09:49:50,22700.0,100,Sell,235274423
2024-08-28 09:49:50,22700.0,200,Sell,235274424
2024-08-28 09:49:50,22700.0,300,Sell,235274425
2024-08-28 09:49:50,22700.0,200,Sell,235274426
2024-08-28 09:49:57,22700.0,2400,Sell,235274516
2024-08-28 09:49:58,22750.0,6000,Buy,235274530
2024-08-28 09:49:58,22750.0,100,Buy,235274528
2024-08-28 09:49:58,22750.0,1800,Buy,235274527
2024-08-28 09:49:58,22750.0,100,Buy,235274529
2024-08-28 09:49:59,22700.0,100,Sell,235274542
2024-08-28 09:50:06,22700.0,500,Sell,235274700
2024-08-28 09:50:08,22700.0,1000,Sell,235274737
2024-08-28 09:50:18,22700.0,100,Sell,235274903
2024-08-28 09:50:19,22700.0,100,Sell,235274911
2024-08-28 09:50:33,22700.0,300,Sell,235275266
2024-08-28 09:50:33,22700.0,700,Sell,235275267
2024-08-28 09:50:38,22700.0,100,Sell,235275406
2024-08-28 09:50:45,22700.0,100,Sell,235275528
2024-08-28 09:50:45,22700.0,200,Sell,235275529
2024-08-28 09:50:52,22700.0,1000,Sell,235275654
2024-08-28 09:50:58,22700.0,100,Sell,235275798
2024-08-28 09:51:17,22700.0,500,Sell,235276233
2024-08-28 09:51:18,22700.0,100,Sell,235276267
2024-08-28 09:51:18,22700.0,200,Sell,235276266
2024-08-28 09:51:32,22700.0,400,Sell,235276531
2024-08-28 09:51:32,22700.0,300,Sell,235276530
2024-08-28 09:51:32,22700.0,100,Sell,235276527
2024-08-28 09:51:32,22700.0,100,Sell,235276528
2024-08-28 09:51:32,22700.0,100,Sell,235276529
2024-08-28 09:51:38,22700.0,100,Sell,235276650
2024-08-28 09:51:42,22700.0,200,Sell,235276731
2024-08-28 09:51:45,22700.0,1000,Sell,235276942
2024-08-28 09:51:45,22700.0,700,Sell,235276943
2024-08-28 09:51:48,22700.0,300,Sell,235276996
2024-08-28 09:51:52,22700.0,100,Sell,235277090
2024-08-28 09:51:56,22700.0,2000,Sell,235277151
2024-08-28 09:51:57,22700.0,1500,Sell,235277165
2024-08-28 09:51:58,22700.0,500,Sell,235277187
2024-08-28 09:52:00,22700.0,100,Sell,235277208
2024-08-28 09:52:11,22750.0,200,Buy,235277397
2024-08-28 09:52:13,22700.0,100,Sell,235277438
2024-08-28 09:52:13,22700.0,500,Sell,235277443
2024-08-28 09:52:15,22700.0,200,Sell,235277490
2024-08-28 09:52:18,22700.0,100,Sell,235277558
2024-08-28 09:52:22,22700.0,1000,Sell,235277636
2024-08-28 09:52:23,22700.0,500,Sell,235277641
2024-08-28 09:52:28,22700.0,200,Sell,235277728
2024-08-28 09:52:41,22700.0,200,Sell,235277999
2024-08-28 09:52:47,22700.0,300,Sell,235278106
2024-08-28 09:52:52,22700.0,500,Sell,235278184
2024-08-28 09:53:17,22750.0,2000,Buy,235278701
2024-08-28 09:53:18,22700.0,100,Sell,235278725
2024-08-28 09:53:38,22700.0,24000,Sell,235279139
2024-08-28 09:53:38,22700.0,1000,Sell,235279142
2024-08-28 09:53:40,22700.0,300,Sell,235279162
2024-08-28 09:53:42,22700.0,100,Sell,235279196
2024-08-28 09:53:44,22700.0,9000,Sell,235279267
2024-08-28 09:53:47,22750.0,500,Buy,235279361
2024-08-28 09:53:52,22750.0,1400,Buy,235279533
2024-08-28 09:53:52,22700.0,3000,Sell,235279535
2024-08-28 09:53:58,22700.0,600,Sell,235279647
2024-08-28 09:53:59,22700.0,1000,Sell,235279669
2024-08-28 09:54:06,22700.0,32000,Sell,235279899
2024-08-28 09:54:08,22700.0,5000,Sell,235279931
2024-08-28 09:54:10,22700.0,13400,Sell,235279967
2024-08-28 09:54:10,22700.0,3900,Sell,235279968
2024-08-28 09:54:10,22700.0,500,Sell,235279969
2024-08-28 09:54:10,22700.0,200,Sell,235279970
2024-08-28 09:54:14,22700.0,1000,Sell,235280037
2024-08-28 09:54:18,22700.0,1000,Sell,235280113
2024-08-28 09:54:18,22700.0,700,Sell,235280112
2024-08-28 09:54:18,22700.0,200,Sell,235280108
2024-08-28 09:54:18,22700.0,100,Sell,235280110
2024-08-28 09:54:18,22700.0,200,Sell,235280109
2024-08-28 09:54:18,22700.0,1000,Sell,235280111
2024-08-28 09:54:19,22700.0,4000,Sell,235280130
2024-08-28 09:54:19,22700.0,100,Sell,235280131
2024-08-28 09:54:19,22700.0,900,Sell,235280132
2024-08-28 09:54:23,22700.0,100,Sell,235280198
2024-08-28 09:54:23,22700.0,100,Sell,235280199
2024-08-28 09:54:23,22700.0,400,Sell,235280200
2024-08-28 09:54:23,22700.0,100,Sell,235280201
2024-08-28 09:54:23,22700.0,1000,Sell,235280202
2024-08-28 09:54:23,22700.0,100,Sell,235280203
2024-08-28 09:54:23,22700.0,200,Sell,235280204
2024-08-28 09:54:25,22700.0,600,Sell,235280247
2024-08-28 09:54:25,22700.0,300,Sell,235280244
2024-08-28 09:54:25,22700.0,1000,Sell,235280245
2024-08-28 09:54:25,22700.0,100,Sell,235280246
2024-08-28 09:54:28,22700.0,200,Sell,235280332
2024-08-28 09:54:28,22700.0,100,Sell,235280333
2024-08-28 09:54:28,22700.0,100,Sell,235280334
2024-08-28 09:54:28,22700.0,1000,Sell,235280335
2024-08-28 09:54:28,22700.0,100,Sell,235280336
2024-08-28 09:54:28,22700.0,600,Sell,235280340
2024-08-28 09:54:28,22700.0,100,Sell,235280338
2024-08-28 09:54:28,22700.0,300,Sell,235280339
2024-08-28 09:54:28,22700.0,100,Sell,235280341
2024-08-28 09:54:28,22700.0,3700,Sell,235280349
2024-08-28 09:54:28,22700.0,100,Sell,235280343
2024-08-28 09:54:28,22700.0,200,Sell,235280344
2024-08-28 09:54:28,22700.0,1000,Sell,235280345
2024-08-28 09:54:28,22700.0,100,Sell,235280346
2024-08-28 09:54:28,22700.0,300,Sell,235280347
2024-08-28 09:54:28,22700.0,3900,Sell,235280348
2024-08-28 09:54:28,22700.0,1500,Sell,235280331
2024-08-28 09:54:28,22700.0,900,Sell,235280350
2024-08-28 09:54:28,22700.0,2600,Sell,235280351
2024-08-28 09:54:28,22700.0,200,Sell,235280342
2024-08-28 09:54:28,22700.0,200,Sell,235280330
2024-08-28 09:54:28,22700.0,100,Sell,235280337
2024-08-28 09:54:28,22700.0,3000,Sell,235280328
2024-08-28 09:54:28,22700.0,12600,Sell,235280306
2024-08-28 09:54:28,22700.0,100,Sell,235280307
2024-08-28 09:54:28,22700.0,300,Sell,235280308
2024-08-28 09:54:28,22700.0,2000,Sell,235280309
2024-08-28 09:54:28,22700.0,1600,Sell,235280310
2024-08-28 09:54:28,22700.0,200,Sell,235280311
2024-08-28 09:54:28,22700.0,3900,Sell,235280312
2024-08-28 09:54:28,22700.0,200,Sell,235280313
2024-08-28 09:54:28,22700.0,300,Sell,235280316
2024-08-28 09:54:28,22700.0,4400,Sell,235280317
2024-08-28 09:54:28,22700.0,3000,Sell,235280319
2024-08-28 09:54:28,22700.0,300,Sell,235280320
2024-08-28 09:54:28,22700.0,500,Sell,235280321
2024-08-28 09:54:28,22700.0,2000,Sell,235280322
2024-08-28 09:54:28,22700.0,100,Sell,235280323
2024-08-28 09:54:28,22700.0,800,Sell,235280324
2024-08-28 09:54:28,22700.0,100,Sell,235280325
2024-08-28 09:54:28,22700.0,5000,Sell,235280326
2024-08-28 09:54:28,22700.0,1000,Sell,235280327
2024-08-28 09:54:28,22700.0,100,Sell,235280318
2024-08-28 09:54:28,22700.0,100,Sell,235280329
2024-08-28 09:54:42,22700.0,1000,Sell,235280738
2024-08-28 09:54:53,22700.0,8600,Sell,235280944
2024-08-28 09:54:53,22700.0,10000,Sell,235280943
2024-08-28 09:54:53,22700.0,1300,Sell,235280941
2024-08-28 09:54:53,22700.0,4600,Sell,235280940
2024-08-28 09:54:53,22700.0,500,Sell,235280942
2024-08-28 09:55:06,22700.0,800,Sell,235281162
2024-08-28 09:55:06,22700.0,1000,Sell,235281163
2024-08-28 09:55:06,22700.0,300,Sell,235281164
2024-08-28 09:55:06,22700.0,100,Sell,235281165
2024-08-28 09:55:06,22700.0,3700,Sell,235281166
2024-08-28 09:55:06,22700.0,10000,Sell,235281167
2024-08-28 09:55:12,22700.0,2300,Buy,235281337
2024-08-28 09:55:13,22700.0,100,Buy,235281346
2024-08-28 09:55:22,22700.0,300,Buy,235281548
2024-08-28 09:55:25,22700.0,300,Buy,235281647
2024-08-28 09:55:27,22700.0,100,Buy,235281687
2024-08-28 09:55:32,22700.0,100,Buy,235281777
2024-08-28 09:55:39,22700.0,100,Buy,235281873
2024-08-28 09:56:00,22700.0,800,Buy,235282317
2024-08-28 09:56:00,22700.0,100,Buy,235282318
2024-08-28 09:56:02,22700.0,100,Buy,235282349
2024-08-28 09:56:10,22700.0,200,Buy,235282565
2024-08-28 09:56:12,22700.0,700,Buy,235282603
2024-08-28 09:56:12,22700.0,300,Buy,235282604
2024-08-28 09:56:13,22700.0,200,Buy,235282655
2024-08-28 09:56:13,22700.0,200,Buy,235282656
2024-08-28 09:56:13,22700.0,500,Buy,235282657
2024-08-28 09:56:13,22700.0,200,Buy,235282658
2024-08-28 09:56:13,22700.0,3900,Buy,235282659
2024-08-28 09:56:18,22700.0,9600,Buy,235282813
2024-08-28 09:56:22,22700.0,100,Buy,235282935
2024-08-28 09:56:22,22700.0,300,Buy,235282936
2024-08-28 09:56:22,22700.0,400,Buy,235282937
2024-08-28 09:56:22,22700.0,1500,Buy,235282934
2024-08-28 09:56:23,22700.0,4100,Buy,235282954
2024-08-28 09:56:24,22700.0,600,Buy,235282956
2024-08-28 09:56:24,22700.0,4200,Buy,235282960
2024-08-28 09:56:24,22700.0,100,Buy,235282959
2024-08-28 09:56:24,22700.0,100,Buy,235282955
2024-08-28 09:56:24,22700.0,800,Buy,235282957
2024-08-28 09:56:24,22700.0,100,Buy,235282958
2024-08-28 09:56:32,22700.0,900,Buy,235283177
2024-08-28 09:56:32,22700.0,600,Buy,235283178
2024-08-28 09:56:32,22700.0,300,Buy,235283176
2024-08-28 09:56:42,22700.0,200,Buy,235283440
2024-08-28 09:56:43,22700.0,1000,Buy,235283450
2024-08-28 09:56:52,22700.0,100,Buy,235283630
2024-08-28 09:57:01,22700.0,100,Buy,235283815
2024-08-28 09:57:06,22700.0,300,Buy,235283919
2024-08-28 09:57:06,22700.0,100,Buy,235283920
2024-08-28 09:57:06,22700.0,1300,Buy,235283921
2024-08-28 09:57:07,22650.0,600,Sell,235283958
2024-08-28 09:57:07,22650.0,1400,Sell,235283959
2024-08-28 09:57:46,22700.0,2000,Buy,235284588
2024-08-28 09:57:52,22700.0,300,Buy,235284733
2024-08-28 09:58:00,22700.0,2000,Buy,235284888
2024-08-28 09:58:00,22700.0,2000,Buy,235284893
2024-08-28 09:58:00,22700.0,1000,Buy,235284891
2024-08-28 09:58:00,22700.0,1000,Buy,235284889
2024-08-28 09:58:00,22700.0,30000,Buy,235284887
2024-08-28 09:58:00,22700.0,10000,Buy,235284892
2024-08-28 09:58:00,22700.0,40000,Buy,235284885
2024-08-28 09:58:00,22700.0,300,Buy,235284884
2024-08-28 09:58:00,22700.0,5200,Buy,235284883
2024-08-28 09:58:00,22700.0,200,Buy,235284881
2024-08-28 09:58:00,22700.0,600,Buy,235284882
2024-08-28 09:58:00,22700.0,2000,Buy,235284886
2024-08-28 09:58:03,22700.0,200,Sell,235284923
2024-08-28 09:58:10,22700.0,800,Sell,235285107
2024-08-28 09:58:12,22700.0,4700,Sell,235285120
2024-08-28 09:58:12,22700.0,300,Sell,235285121
2024-08-28 09:58:17,22700.0,900,Sell,235285167
2024-08-28 09:58:18,22700.0,500,Sell,235285201
2024-08-28 09:58:23,22700.0,300,Sell,235285299
2024-08-28 09:58:26,22700.0,100,Sell,235285322
2024-08-28 09:58:34,22700.0,1700,Sell,235285509
2024-08-28 09:58:35,22700.0,200,Sell,235285528
2024-08-28 09:58:39,22650.0,3900,Sell,235285630
2024-08-28 09:58:39,22650.0,2300,Sell,235285629
2024-08-28 09:58:39,22650.0,50000,Sell,235285628
2024-08-28 09:58:39,22650.0,600,Sell,235285627
2024-08-28 09:58:39,22650.0,20000,Sell,235285626
2024-08-28 09:58:39,22650.0,300,Sell,235285625
2024-08-28 09:58:39,22650.0,200,Sell,235285624
2024-08-28 09:58:39,22650.0,2000,Sell,235285623
2024-08-28 09:58:39,22650.0,3000,Sell,235285621
2024-08-28 09:58:39,22650.0,3000,Sell,235285622
2024-08-28 09:58:39,22650.0,3600,Sell,235285620
2024-08-28 09:58:39,22700.0,200,Sell,235285615
2024-08-28 09:58:39,22650.0,3900,Sell,235285618
2024-08-28 09:58:39,22650.0,100,Sell,235285619
2024-08-28 09:58:39,22700.0,10100,Sell,235285607
2024-08-28 09:58:39,22700.0,100,Sell,235285608
2024-08-28 09:58:39,22700.0,2000,Sell,235285609
2024-08-28 09:58:39,22700.0,100,Sell,235285610
2024-08-28 09:58:39,22700.0,1000,Sell,235285614
2024-08-28 09:58:39,22700.0,4000,Sell,235285612
2024-08-28 09:58:39,22700.0,900,Sell,235285613
2024-08-28 09:58:39,22700.0,1900,Sell,235285611
2024-08-28 09:58:39,22700.0,1200,Sell,235285616
2024-08-28 09:58:39,22650.0,5600,Sell,235285617
2024-08-28 09:58:47,22700.0,900,Sell,235285745
2024-08-28 09:58:50,22700.0,700,Buy,235285803
2024-08-28 09:58:52,22700.0,200,Buy,235285835
2024-08-28 09:59:07,22650.0,1100,Sell,235286088
2024-08-28 09:59:07,22650.0,6800,Sell,235286089
2024-08-28 09:59:46,22650.0,100,Sell,235286940
2024-08-28 10:00:22,22650.0,100,Sell,235287650
2024-08-28 10:00:30,22650.0,7900,Sell,235287786
2024-08-28 10:00:37,22650.0,6100,Sell,235287907
2024-08-28 10:00:43,22650.0,100,Sell,235287996
2024-08-28 10:00:52,22700.0,2000,Buy,235288298
2024-08-28 10:00:52,22700.0,18000,Buy,235288299
2024-08-28 10:01:01,22650.0,300,Sell,235288438
2024-08-28 10:01:14,22650.0,7900,Sell,235288729
2024-08-28 10:01:41,22650.0,100,Sell,235289128
2024-08-28 10:01:43,22650.0,100,Sell,235289174
2024-08-28 10:01:48,22650.0,500,Sell,235289239
2024-08-28 10:01:48,22650.0,5000,Sell,235289240
2024-08-28 10:01:48,22650.0,2400,Sell,235289241
2024-08-28 10:01:53,22700.0,1000,Buy,235289342
2024-08-28 10:01:57,22650.0,100,Sell,235289415
2024-08-28 10:02:07,22700.0,1000,Buy,235289620
2024-08-28 10:02:07,22700.0,2900,Buy,235289621
2024-08-28 10:02:12,22700.0,100,Buy,235289740
2024-08-28 10:02:12,22700.0,200,Buy,235289741
2024-08-28 10:02:12,22700.0,200,Buy,235289742
2024-08-28 10:02:13,22650.0,7700,Sell,235289774
2024-08-28 10:02:13,22650.0,200,Sell,235289773
2024-08-28 10:02:48,22650.0,100,Sell,235290697
2024-08-28 10:02:48,22650.0,700,Sell,235290696
2024-08-28 10:03:01,22650.0,1500,Sell,235290938
2024-08-28 10:03:01,22650.0,2900,Sell,235290943
2024-08-28 10:03:01,22650.0,500,Sell,235290942
2024-08-28 10:03:01,22650.0,1000,Sell,235290939
2024-08-28 10:03:01,22650.0,4000,Sell,235290940
2024-08-28 10:03:01,22650.0,100,Sell,235290941
2024-08-28 10:03:11,22650.0,100,Sell,235291081
2024-08-28 10:03:12,22650.0,7000,Sell,235291089
2024-08-28 10:03:12,22650.0,8000,Sell,235291090
2024-08-28 10:03:33,22650.0,100,Sell,235291518
2024-08-28 10:03:54,22700.0,300,Buy,235291954
2024-08-28 10:03:54,22700.0,1700,Buy,235291955
2024-08-28 10:04:02,22700.0,300,Buy,235292107
2024-08-28 10:04:09,22650.0,200,Sell,235292217
2024-08-28 10:04:20,22700.0,2000,Buy,235292412
2024-08-28 10:04:22,22700.0,300,Buy,235292432
2024-08-28 10:04:32,22700.0,8600,Buy,235292621
2024-08-28 10:04:36,22650.0,600,Sell,235292683
2024-08-28 10:05:16,22650.0,4000,Sell,235293313
2024-08-28 10:05:27,22650.0,100,Sell,235293530
2024-08-28 10:05:43,22650.0,400,Sell,235293811
2024-08-28 10:05:46,22650.0,100,Sell,235293863
2024-08-28 10:06:10,22650.0,3200,Sell,235294312
2024-08-28 10:06:10,22650.0,4700,Sell,235294313
2024-08-28 10:06:27,22700.0,2000,Buy,235294603
2024-08-28 10:06:32,22700.0,100,Buy,235294671
2024-08-28 10:06:32,22700.0,200,Buy,235294670
2024-08-28 10:06:36,22650.0,900,Sell,235294739
2024-08-28 10:06:41,22700.0,1000,Buy,235294816
2024-08-28 10:06:42,22700.0,300,Buy,235294871
2024-08-28 10:07:00,22700.0,1000,Buy,235295121
2024-08-28 10:07:02,22700.0,100,Buy,235295147
2024-08-28 10:07:15,22700.0,1000,Buy,235295342
2024-08-28 10:07:22,22700.0,100,Buy,235295487
2024-08-28 10:07:27,22700.0,700,Buy,235295574
2024-08-28 10:07:29,22700.0,1000,Buy,235295615
2024-08-28 10:07:32,22700.0,200,Buy,235295655
2024-08-28 10:07:52,22650.0,7900,Sell,235296010
2024-08-28 10:08:18,22650.0,500,Sell,235296578
2024-08-28 10:08:19,22650.0,3700,Sell,235296592
2024-08-28 10:08:40,22650.0,300,Sell,235297007
2024-08-28 10:08:52,22650.0,2000,Sell,235297332
2024-08-28 10:09:18,22650.0,3000,Sell,235297909
2024-08-28 10:09:27,22650.0,18400,Sell,235298060
2024-08-28 10:09:27,22650.0,1600,Sell,235298061
2024-08-28 10:10:01,22700.0,1000,Buy,235298716
2024-08-28 10:10:02,22700.0,100,Buy,235298720
2024-08-28 10:10:04,22700.0,100,Buy,235298746
2024-08-28 10:10:14,22700.0,6300,Buy,235298948
2024-08-28 10:10:14,22700.0,1700,Buy,235298965
2024-08-28 10:10:14,22700.0,1000,Buy,235298964
2024-08-28 10:10:14,22700.0,2000,Buy,235298963
2024-08-28 10:10:14,22700.0,1600,Buy,235298962
2024-08-28 10:10:14,22700.0,2000,Buy,235298961
2024-08-28 10:10:14,22700.0,1000,Buy,235298960
2024-08-28 10:10:14,22700.0,1000,Buy,235298959
2024-08-28 10:10:14,22700.0,1000,Buy,235298958
2024-08-28 10:10:14,22700.0,500,Buy,235298949
2024-08-28 10:10:14,22700.0,900,Buy,235298956
2024-08-28 10:10:14,22700.0,300,Buy,235298955
2024-08-28 10:10:14,22700.0,5000,Buy,235298954
2024-08-28 10:10:14,22700.0,2000,Buy,235298953
2024-08-28 10:10:14,22700.0,300,Buy,235298952
2024-08-28 10:10:14,22700.0,20000,Buy,235298951
2024-08-28 10:10:14,22700.0,3000,Buy,235298950
2024-08-28 10:10:14,22700.0,400,Buy,235298957
2024-08-28 10:10:22,22700.0,300,Buy,235299223
2024-08-28 10:10:22,22700.0,7200,Buy,235299224
2024-08-28 10:10:32,22700.0,1100,Buy,235299397
2024-08-28 10:10:37,22650.0,1200,Sell,235299483
2024-08-28 10:10:41,22650.0,100,Sell,235299534
2024-08-28 10:10:46,22650.0,200,Sell,235299645
2024-08-28 10:11:13,22700.0,3000,Buy,235300117
2024-08-28 10:11:14,22650.0,6000,Sell,235300135
2024-08-28 10:11:14,22650.0,2800,Sell,235300136
2024-08-28 10:11:15,22700.0,300,Buy,235300165
2024-08-28 10:11:16,22700.0,2000,Buy,235300196
2024-08-28 10:11:16,22700.0,400,Buy,235300194
2024-08-28 10:11:16,22700.0,600,Buy,235300195
2024-08-28 10:11:20,22650.0,3000,Sell,235300269
2024-08-28 10:11:22,22650.0,100,Sell,235300296
2024-08-28 10:11:28,22700.0,5000,Buy,235300394
2024-08-28 10:11:32,22700.0,700,Buy,235300484
2024-08-28 10:11:42,22700.0,100,Buy,235300715
2024-08-28 10:11:52,22650.0,100,Sell,235300959
2024-08-28 10:12:01,22650.0,500,Sell,235301162
2024-08-28 10:12:03,22700.0,4000,Buy,235301192
2024-08-28 10:12:12,22700.0,600,Buy,235301449
2024-08-28 10:12:23,22650.0,200,Sell,235301625
2024-08-28 10:12:38,22650.0,100,Sell,235301980
2024-08-28 10:12:46,22700.0,100,Buy,235302103
2024-08-28 10:12:47,22700.0,100,Buy,235302113
2024-08-28 10:13:01,22650.0,500,Sell,235302512
2024-08-28 10:13:46,22700.0,5000,Buy,235303523
2024-08-28 10:13:47,22650.0,500,Sell,235303540
2024-08-28 10:13:50,22650.0,100,Sell,235303604
2024-08-28 10:13:56,22700.0,2000,Buy,235303718
2024-08-28 10:13:56,22700.0,1100,Buy,235303719
2024-08-28 10:13:56,22700.0,200,Buy,235303720
2024-08-28 10:13:56,22700.0,400,Buy,235303721
2024-08-28 10:13:56,22700.0,1000,Buy,235303722
2024-08-28 10:13:56,22700.0,300,Buy,235303717
2024-08-28 10:13:58,22650.0,700,Sell,235303768
2024-08-28 10:14:03,22700.0,5000,Buy,235303847
2024-08-28 10:14:08,22700.0,100,Buy,235303955
2024-08-28 10:14:12,22700.0,700,Buy,235304082
2024-08-28 10:14:22,22700.0,100,Buy,235304304
2024-08-28 10:14:46,22650.0,500,Sell,235304730
2024-08-28 10:15:00,22700.0,1000,Buy,235304990
2024-08-28 10:15:02,22700.0,100,Buy,235305027
2024-08-28 10:15:10,22650.0,400,Sell,235305187
2024-08-28 10:15:14,22700.0,200,Buy,235305279
2024-08-28 10:15:50,22700.0,100,Buy,235305931
2024-08-28 10:16:33,22700.0,500,Buy,235306881
2024-08-28 10:16:46,22650.0,1000,Sell,235307132
2024-08-28 10:16:57,22700.0,500,Buy,235307330
2024-08-28 10:17:38,22700.0,500,Buy,235308103
2024-08-28 10:17:47,22700.0,5000,Buy,235308260
2024-08-28 10:17:52,22700.0,700,Buy,235308352
2024-08-28 10:18:02,22700.0,3900,Buy,235308575
2024-08-28 10:18:02,22700.0,600,Buy,235308600
2024-08-28 10:18:12,22700.0,100,Buy,235308726
2024-08-28 10:18:57,22700.0,900,Buy,235309422
2024-08-28 10:18:57,22700.0,300,Buy,235309423
2024-08-28 10:18:57,22700.0,100,Buy,235309424
2024-08-28 10:18:57,22700.0,700,Buy,235309425
2024-08-28 10:19:01,22700.0,400,Buy,235309532
2024-08-28 10:19:02,22700.0,300,Buy,235309539
2024-08-28 10:20:19,22650.0,1000,Sell,235310771
2024-08-28 10:21:01,22650.0,100,Sell,235311366
2024-08-28 10:21:11,22650.0,2000,Sell,235311512
2024-08-28 10:21:13,22650.0,100,Sell,235311544
2024-08-28 10:21:16,22650.0,200,Sell,235311567
2024-08-28 10:21:17,22700.0,100,Buy,235311582
2024-08-28 10:21:17,22700.0,300,Buy,235311583
2024-08-28 10:21:17,22700.0,600,Buy,235311581
2024-08-28 10:21:22,22700.0,100,Buy,235311649
2024-08-28 10:22:09,22700.0,500,Buy,235312528
2024-08-28 10:22:14,22700.0,100,Buy,235312610
2024-08-28 10:22:14,22700.0,5800,Buy,235312613
2024-08-28 10:22:14,22700.0,200,Buy,235312612
2024-08-28 10:22:14,22700.0,5400,Buy,235312611
2024-08-28 10:22:14,22700.0,100,Buy,235312609
2024-08-28 10:22:14,22700.0,1100,Buy,235312603
2024-08-28 10:22:14,22700.0,1000,Buy,235312607
2024-08-28 10:22:14,22700.0,200,Buy,235312604
2024-08-28 10:22:14,22700.0,200,Buy,235312608
2024-08-28 10:22:14,22700.0,5000,Buy,235312606
2024-08-28 10:22:14,22700.0,900,Buy,235312605
2024-08-28 10:22:22,22700.0,3000,Buy,235312789
2024-08-28 10:22:32,22700.0,400,Buy,235312880
2024-08-28 10:22:33,22650.0,1000,Sell,235312890
2024-08-28 10:22:41,22650.0,900,Sell,235313041
2024-08-28 10:22:53,22650.0,3200,Sell,235313195
2024-08-28 10:22:53,22650.0,1800,Sell,235313196
2024-08-28 10:22:56,22700.0,800,Buy,235313254
2024-08-28 10:22:56,22700.0,2000,Buy,235313255
2024-08-28 10:22:56,22700.0,1000,Buy,235313256
2024-08-28 10:22:56,22700.0,100,Buy,235313257
2024-08-28 10:23:02,22700.0,200,Buy,235313325
2024-08-28 10:23:02,22700.0,1100,Buy,235313326
2024-08-28 10:23:12,22700.0,100,Buy,235313531
2024-08-28 10:23:30,22650.0,5000,Sell,235313788
2024-08-28 10:23:39,22650.0,1400,Sell,235313907
2024-08-28 10:23:54,22650.0,2000,Sell,235314197
2024-08-28 10:23:54,22650.0,2000,Sell,235314196
2024-08-28 10:23:57,22700.0,300,Buy,235314260
2024-08-28 10:23:57,22700.0,100,Buy,235314261
2024-08-28 10:23:57,22700.0,32500,Buy,235314262
2024-08-28 10:23:57,22700.0,18000,Buy,235314263
2024-08-28 10:23:57,22700.0,15000,Buy,235314259
2024-08-28 10:23:57,22700.0,5000,Buy,235314265
2024-08-28 10:23:57,22700.0,300,Buy,235314266
2024-08-28 10:23:57,22700.0,1000,Buy,235314268
2024-08-28 10:23:57,22700.0,2000,Buy,235314269
2024-08-28 10:23:57,22700.0,2000,Buy,235314270
2024-08-28 10:23:57,22700.0,100,Buy,235314271
2024-08-28 10:23:57,22700.0,500,Buy,235314272
2024-08-28 10:23:57,22700.0,2600,Buy,235314273
2024-08-28 10:23:57,22700.0,100,Buy,235314267
2024-08-28 10:23:57,22700.0,1000,Buy,235314258
2024-08-28 10:23:57,22700.0,500,Buy,235314264
2024-08-28 10:23:57,22700.0,400,Buy,235314256
2024-08-28 10:23:57,22700.0,21100,Buy,235314242
2024-08-28 10:23:57,22700.0,1000,Buy,235314243
2024-08-28 10:23:57,22700.0,500,Buy,235314244
2024-08-28 10:23:57,22700.0,1000,Buy,235314245
2024-08-28 10:23:57,22700.0,500,Buy,235314246
2024-08-28 10:23:57,22700.0,16400,Buy,235314247
2024-08-28 10:23:57,22700.0,1000,Buy,235314248
2024-08-28 10:23:57,22700.0,1000,Buy,235314257
2024-08-28 10:23:57,22700.0,100000,Buy,235314250
2024-08-28 10:23:57,22700.0,300,Buy,235314251
2024-08-28 10:23:57,22700.0,100,Buy,235314252
2024-08-28 10:23:57,22700.0,400,Buy,235314253
2024-08-28 10:23:57,22700.0,5000,Buy,235314254
2024-08-28 10:23:57,22700.0,100,Buy,235314255
2024-08-28 10:23:57,22700.0,200,Buy,235314249
2024-08-28 10:24:02,22700.0,1000,Buy,235314321
2024-08-28 10:24:02,22700.0,1000,Buy,235314320
2024-08-28 10:24:02,22700.0,3000,Buy,235314319
2024-08-28 10:24:02,22700.0,500,Buy,235314318
2024-08-28 10:24:02,22700.0,100,Buy,235314316
2024-08-28 10:24:02,22700.0,400,Buy,235314315
2024-08-28 10:24:02,22700.0,20000,Buy,235314322
2024-08-28 10:24:02,22700.0,100,Buy,235314313
2024-08-28 10:24:02,22700.0,200,Buy,235314314
2024-08-28 10:24:02,22700.0,400,Buy,235314308
2024-08-28 10:24:02,22700.0,100,Buy,235314309
2024-08-28 10:24:02,22700.0,100,Buy,235314317
2024-08-28 10:24:02,22700.0,1000,Buy,235314311
2024-08-28 10:24:02,22700.0,200,Buy,235314312
2024-08-28 10:24:02,22700.0,500,Buy,235314310
2024-08-28 10:24:12,22700.0,1000,Sell,235314462
2024-08-28 10:24:24,22700.0,5500,Sell,235314606
2024-08-28 10:24:24,22700.0,4200,Sell,235314607
2024-08-28 10:24:24,22700.0,100,Sell,235314608
2024-08-28 10:24:24,22700.0,100,Sell,235314609
2024-08-28 10:24:32,22700.0,1400,Buy,235314720
2024-08-28 10:24:42,22700.0,200,Buy,235314956
2024-08-28 10:25:13,22700.0,1000,Buy,235315467
2024-08-28 10:25:18,22700.0,100,Buy,235315578
2024-08-28 10:25:22,22700.0,100,Buy,235315736
2024-08-28 10:25:31,22700.0,2000,Buy,235316132
2024-08-28 10:25:32,22700.0,300,Buy,235316145
2024-08-28 10:25:43,22700.0,2000,Buy,235316332
2024-08-28 10:25:44,22700.0,10000,Buy,235316343
2024-08-28 10:25:52,22700.0,1800,Buy,235316444
2024-08-28 10:25:52,22700.0,2000,Buy,235316483
2024-08-28 10:25:57,22650.0,300,Sell,235316549
2024-08-28 10:25:58,22700.0,5000,Buy,235316593
2024-08-28 10:26:02,22700.0,1300,Buy,235316660
2024-08-28 10:26:12,22700.0,100,Buy,235316854
2024-08-28 10:26:33,22700.0,7900,Buy,235317205
2024-08-28 10:26:33,22700.0,2800,Buy,235317218
2024-08-28 10:26:33,22700.0,100,Buy,235317217
2024-08-28 10:26:33,22700.0,1000,Buy,235317215
2024-08-28 10:26:33,22700.0,1000,Buy,235317214
2024-08-28 10:26:33,22700.0,2000,Buy,235317213
2024-08-28 10:26:33,22700.0,400,Buy,235317212
2024-08-28 10:26:33,22700.0,2000,Buy,235317216
2024-08-28 10:26:33,22700.0,4000,Buy,235317210
2024-08-28 10:26:33,22700.0,10000,Buy,235317209
2024-08-28 10:26:33,22700.0,2000,Buy,235317208
2024-08-28 10:26:33,22700.0,1000,Buy,235317207
2024-08-28 10:26:33,22700.0,2000,Buy,235317206
2024-08-28 10:26:33,22700.0,1000,Buy,235317211
2024-08-28 10:26:33,22700.0,12800,Buy,235317204
2024-08-28 10:26:42,22700.0,200,Buy,235317364
2024-08-28 10:26:42,22700.0,2000,Buy,235317365
2024-08-28 10:26:42,22700.0,100,Buy,235317366
2024-08-28 10:26:44,22700.0,5200,Sell,235317391
2024-08-28 10:26:49,22700.0,400,Buy,235317458
2024-08-28 10:26:52,22700.0,1100,Buy,235317500
2024-08-28 10:26:52,22700.0,1000,Buy,235317501
2024-08-28 10:26:55,22650.0,10000,Sell,235317520
2024-08-28 10:27:03,22700.0,100,Buy,235317645
2024-08-28 10:27:03,22700.0,16700,Buy,235317643
2024-08-28 10:27:03,22700.0,12300,Buy,235317642
2024-08-28 10:27:03,22700.0,400,Buy,235317644
2024-08-28 10:27:07,22700.0,300,Sell,235317712
2024-08-28 10:27:17,22700.0,200,Sell,235317856
2024-08-28 10:27:25,22700.0,1000,Sell,235317945
2024-08-28 10:27:26,22700.0,1700,Sell,235318054
2024-08-28 10:27:27,22700.0,17300,Sell,235318106
2024-08-28 10:27:27,22700.0,2700,Sell,235318107
2024-08-28 10:27:29,22700.0,1700,Sell,235318125
2024-08-28 10:27:29,22700.0,2000,Sell,235318126
2024-08-28 10:27:29,22700.0,100,Sell,235318127
2024-08-28 10:27:29,22700.0,1200,Sell,235318128
2024-08-28 10:27:32,22700.0,2000,Buy,235318181
2024-08-28 10:27:42,22700.0,7900,Sell,235318306
2024-08-28 10:27:42,22700.0,300,Buy,235318313
2024-08-28 10:27:42,22700.0,2100,Sell,235318305
2024-08-28 10:27:48,22700.0,9700,Buy,235318387
2024-08-28 10:27:48,22700.0,300,Buy,235318388
2024-08-28 10:27:50,22700.0,700,Buy,235318425
2024-08-28 10:27:59,22700.0,200,Sell,235318524
2024-08-28 10:28:03,22700.0,1000,Sell,235318557
2024-08-28 10:28:04,22700.0,200,Sell,235318568
2024-08-28 10:28:20,22700.0,100,Sell,235318910
2024-08-28 10:28:20,22700.0,3100,Sell,235318909
2024-08-28 10:28:20,22700.0,1800,Sell,235318908
2024-08-28 10:28:22,22700.0,700,Buy,235318945
2024-08-28 10:28:32,22700.0,100,Buy,235319090
2024-08-28 10:28:44,22700.0,9000,Buy,235319281
2024-08-28 10:28:52,22700.0,1300,Buy,235319407
2024-08-28 10:29:02,22700.0,100,Buy,235319578
2024-08-28 10:29:04,22700.0,300,Buy,235319589
2024-08-28 10:29:11,22650.0,1000,Sell,235319673
2024-08-28 10:29:13,22650.0,300,Sell,235319680
2024-08-28 10:29:25,22700.0,100,Buy,235319869
2024-08-28 10:29:25,22700.0,100,Buy,235319870
2024-08-28 10:29:32,22650.0,100,Sell,235319999
2024-08-28 10:29:56,22650.0,100,Sell,235320419
2024-08-28 10:30:03,22650.0,1000,Sell,235320554
2024-08-28 10:30:48,22650.0,1000,Sell,235321148
2024-08-28 10:30:50,22700.0,100,Buy,235321176
2024-08-28 10:30:50,22700.0,13200,Buy,235321177
2024-08-28 10:30:50,22700.0,1700,Buy,235321175
2024-08-28 10:30:52,22700.0,2400,Buy,235321193
2024-08-28 10:30:55,22700.0,1200,Buy,235321221
2024-08-28 10:31:02,22700.0,500,Buy,235321309
2024-08-28 10:31:06,22700.0,300,Buy,235321420
2024-08-28 10:31:12,22700.0,100,Buy,235321540
2024-08-28 10:31:23,22700.0,500,Buy,235321674
2024-08-28 10:31:45,22700.0,1300,Buy,235322032
2024-08-28 10:31:50,22700.0,100,Buy,235322105
2024-08-28 10:31:50,22700.0,200,Buy,235322106
2024-08-28 10:31:50,22700.0,1000,Buy,235322107
2024-08-28 10:31:50,22700.0,1000,Buy,235322108
2024-08-28 10:31:50,22700.0,2200,Buy,235322109
2024-08-28 10:31:50,22700.0,500,Buy,235322104
2024-08-28 10:31:52,22700.0,300,Buy,235322138
2024-08-28 10:31:52,22700.0,600,Buy,235322139
2024-08-28 10:31:57,22700.0,700,Buy,235322207
2024-08-28 10:32:00,22700.0,1300,Buy,235322240
2024-08-28 10:32:00,22700.0,18700,Buy,235322239
2024-08-28 10:32:02,22700.0,3200,Buy,235322266
2024-08-28 10:32:03,22700.0,100,Buy,235322281
2024-08-28 10:32:12,22700.0,400,Buy,235322370
2024-08-28 10:32:17,22700.0,500,Buy,235322474
2024-08-28 10:32:17,22700.0,100,Buy,235322473
2024-08-28 10:32:17,22700.0,200,Buy,235322472
2024-08-28 10:32:17,22700.0,3500,Buy,235322469
2024-08-28 10:32:17,22700.0,2000,Buy,235322470
2024-08-28 10:32:17,22700.0,1000,Buy,235322466
2024-08-28 10:32:17,22700.0,600,Buy,235322471
2024-08-28 10:32:17,22700.0,5000,Buy,235322464
2024-08-28 10:32:17,22700.0,25000,Buy,235322459
2024-08-28 10:32:17,22700.0,300,Buy,235322460
2024-08-28 10:32:17,22700.0,2000,Buy,235322465
2024-08-28 10:32:17,22700.0,1000,Buy,235322462
2024-08-28 10:32:17,22700.0,1300,Buy,235322463
2024-08-28 10:32:17,22700.0,1000,Buy,235322461
2024-08-28 10:32:20,22700.0,100,Sell,235322508
2024-08-28 10:32:28,22700.0,500,Sell,235322642
2024-08-28 10:32:38,22700.0,1000,Sell,235322789
2024-08-28 10:32:40,22700.0,500,Sell,235322815
2024-08-28 10:33:09,22700.0,1800,Sell,235323192
2024-08-28 10:33:10,22700.0,500,Sell,235323198
2024-08-28 10:33:32,22700.0,3300,Sell,235323560
2024-08-28 10:33:32,22700.0,200,Sell,235323552
2024-08-28 10:33:32,22700.0,600,Sell,235323553
2024-08-28 10:33:32,22700.0,100,Sell,235323554
2024-08-28 10:33:32,22700.0,100,Sell,235323555
2024-08-28 10:33:32,22700.0,200,Sell,235323556
2024-08-28 10:33:32,22700.0,5000,Sell,235323557
2024-08-28 10:33:32,22700.0,3900,Sell,235323558
2024-08-28 10:33:32,22700.0,200,Sell,235323559
2024-08-28 10:33:32,22700.0,2100,Sell,235323550
2024-08-28 10:33:32,22700.0,6600,Sell,235323551
2024-08-28 10:33:35,22700.0,1000,Sell,235323590
2024-08-28 10:33:35,22700.0,100,Sell,235323584
2024-08-28 10:33:37,22700.0,5600,Sell,235323608
2024-08-28 10:33:37,22700.0,1000,Sell,235323609
2024-08-28 10:33:37,22700.0,3000,Sell,235323610
2024-08-28 10:33:37,22700.0,700,Sell,235323611
2024-08-28 10:33:37,22700.0,300,Sell,235323612
2024-08-28 10:33:42,22700.0,5100,Buy,235323683
2024-08-28 10:33:52,22700.0,700,Buy,235323785
2024-08-28 10:34:02,22700.0,100,Buy,235323949
2024-08-28 10:34:05,22700.0,3000,Buy,235324001
2024-08-28 10:34:06,22700.0,300,Buy,235324024
2024-08-28 10:34:08,22700.0,1000,Buy,235324043
2024-08-28 10:34:12,22700.0,600,Buy,235324104
2024-08-28 10:34:29,22700.0,600,Buy,235324369
2024-08-28 10:34:50,22700.0,1600,Buy,235324678
2024-08-28 10:34:52,22700.0,200,Buy,235324704
2024-08-28 10:35:00,22700.0,8800,Buy,235324871
2024-08-28 10:35:00,22700.0,3200,Buy,235324872
2024-08-28 10:35:00,22700.0,700,Buy,235324873
2024-08-28 10:35:00,22700.0,3300,Buy,235324874
2024-08-28 10:35:02,22700.0,2400,Buy,235324911
2024-08-28 10:35:06,22700.0,10000,Buy,235324962
2024-08-28 10:35:07,22700.0,5000,Buy,235325000
2024-08-28 10:35:11,22700.0,800,Buy,235325067
2024-08-28 10:35:11,22700.0,1600,Buy,235325065
2024-08-28 10:35:11,22700.0,7600,Buy,235325066
2024-08-28 10:35:12,22700.0,1200,Buy,235325085
2024-08-28 10:35:12,22700.0,500,Buy,235325086
2024-08-28 10:35:12,22700.0,2400,Buy,235325087
2024-08-28 10:35:18,22700.0,2600,Buy,235325182
2024-08-28 10:35:18,22700.0,1300,Buy,235325183
2024-08-28 10:35:18,22700.0,1000,Buy,235325184
2024-08-28 10:35:18,22700.0,1000,Buy,235325185
2024-08-28 10:35:18,22700.0,1500,Sell,235325204
2024-08-28 10:35:31,22700.0,500,Sell,235325516
2024-08-28 10:36:05,22700.0,300,Sell,235326096
2024-08-28 10:36:15,22700.0,10000,Sell,235326273
2024-08-28 10:36:36,22700.0,300,Sell,235327010
2024-08-28 10:36:46,22750.0,1200,Buy,235327238
2024-08-28 10:36:52,22750.0,100,Buy,235327346
2024-08-28 10:36:55,22750.0,400,Buy,235327368
2024-08-28 10:37:01,22750.0,500,Buy,235327597
2024-08-28 10:37:01,22750.0,200,Buy,235327598
2024-08-28 10:37:01,22750.0,300,Buy,235327599
2024-08-28 10:37:01,22750.0,100,Buy,235327600
2024-08-28 10:37:01,22750.0,700,Buy,235327602
2024-08-28 10:37:01,22750.0,15000,Buy,235327601
2024-08-28 10:37:01,22750.0,300,Buy,235327603
2024-08-28 10:37:01,22750.0,2000,Buy,235327610
2024-08-28 10:37:01,22750.0,200,Buy,235327605
2024-08-28 10:37:01,22750.0,100,Buy,235327606
2024-08-28 10:37:01,22750.0,1000,Buy,235327607
2024-08-28 10:37:01,22750.0,2000,Buy,235327608
2024-08-28 10:37:01,22750.0,500,Buy,235327609
2024-08-28 10:37:01,22750.0,100,Buy,235327596
2024-08-28 10:37:01,22750.0,300,Buy,235327604
2024-08-28 10:37:01,22750.0,200,Buy,235327595
2024-08-28 10:37:01,22750.0,50000,Buy,235327588
2024-08-28 10:37:01,22750.0,10000,Buy,235327593
2024-08-28 10:37:01,22750.0,300,Buy,235327577
2024-08-28 10:37:01,22750.0,500,Buy,235327578
2024-08-28 10:37:01,22750.0,100,Buy,235327579
2024-08-28 10:37:01,22750.0,500,Buy,235327576
2024-08-28 10:37:01,22750.0,4600,Buy,235327582
2024-08-28 10:37:01,22750.0,100,Buy,235327583
2024-08-28 10:37:01,22750.0,400,Buy,235327584
2024-08-28 10:37:01,22750.0,100,Buy,235327585
2024-08-28 10:37:01,22750.0,500,Buy,235327586
2024-08-28 10:37:01,22750.0,200,Buy,235327587
2024-08-28 10:37:01,22750.0,1600,Buy,235327611
2024-08-28 10:37:01,22750.0,100,Buy,235327589
2024-08-28 10:37:01,22750.0,1000,Buy,235327590
2024-08-28 10:37:01,22750.0,10000,Buy,235327591
2024-08-28 10:37:01,22750.0,59000,Buy,235327592
2024-08-28 10:37:01,22750.0,1000,Buy,235327594
2024-08-28 10:37:01,22750.0,800,Buy,235327612
2024-08-28 10:37:01,22750.0,100,Buy,235327620
2024-08-28 10:37:01,22750.0,100,Buy,235327614
2024-08-28 10:37:01,22750.0,2500,Buy,235327635
2024-08-28 10:37:01,22750.0,5000,Buy,235327636
2024-08-28 10:37:01,22750.0,3000,Buy,235327637
2024-08-28 10:37:01,22750.0,100,Buy,235327638
2024-08-28 10:37:01,22750.0,500,Buy,235327639
2024-08-28 10:37:01,22750.0,2200,Buy,235327640
2024-08-28 10:37:01,22750.0,100,Buy,235327641
2024-08-28 10:37:01,22750.0,20000,Buy,235327642
2024-08-28 10:37:01,22750.0,5000,Buy,235327643
2024-08-28 10:37:01,22750.0,1000,Buy,235327644
2024-08-28 10:37:01,22750.0,100,Buy,235327645
2024-08-28 10:37:01,22750.0,10000,Buy,235327646
2024-08-28 10:37:01,22750.0,100,Buy,235327647
2024-08-28 10:37:01,22750.0,5000,Buy,235327648
2024-08-28 10:37:01,22750.0,14000,Buy,235327649
2024-08-28 10:37:01,22750.0,100,Buy,235327634
2024-08-28 10:37:01,22750.0,1000,Buy,235327613
2024-08-28 10:37:01,22750.0,100,Buy,235327633
2024-08-28 10:37:01,22750.0,600,Buy,235327631
2024-08-28 10:37:01,22750.0,1000,Buy,235327615
2024-08-28 10:37:01,22750.0,1000,Buy,235327616
2024-08-28 10:37:01,22750.0,200,Buy,235327617
2024-08-28 10:37:01,22750.0,100,Buy,235327618
2024-08-28 10:37:01,22750.0,100,Buy,235327619
2024-08-28 10:37:01,22750.0,100,Buy,235327621
2024-08-28 10:37:01,22750.0,500,Buy,235327622
2024-08-28 10:37:01,22750.0,3000,Buy,235327623
2024-08-28 10:37:01,22750.0,10000,Buy,235327624
2024-08-28 10:37:01,22750.0,100,Buy,235327625
2024-08-28 10:37:01,22750.0,6100,Buy,235327626
2024-08-28 10:37:01,22750.0,100,Buy,235327627
2024-08-28 10:37:01,22750.0,1000,Buy,235327628
2024-08-28 10:37:01,22750.0,1000,Buy,235327629
2024-08-28 10:37:01,22750.0,100,Buy,235327630
2024-08-28 10:37:01,22750.0,1300,Buy,235327632
2024-08-28 10:37:01,22750.0,1000,Buy,235327575
2024-08-28 10:37:01,22750.0,100,Buy,235327581
2024-08-28 10:37:01,22750.0,500,Buy,235327573
2024-08-28 10:37:01,22750.0,200,Buy,235327517
2024-08-28 10:37:01,22750.0,500,Buy,235327518
2024-08-28 10:37:01,22750.0,200,Buy,235327519
2024-08-28 10:37:01,22750.0,400,Buy,235327520
2024-08-28 10:37:01,22750.0,500,Buy,235327521
2024-08-28 10:37:01,22750.0,100,Buy,235327522
2024-08-28 10:37:01,22750.0,1000,Buy,235327523
2024-08-28 10:37:01,22750.0,2000,Buy,235327524
2024-08-28 10:37:01,22750.0,1000,Buy,235327525
2024-08-28 10:37:01,22750.0,100,Buy,235327526
2024-08-28 10:37:01,22750.0,200,Buy,235327527
2024-08-28 10:37:01,22750.0,100,Buy,235327528
2024-08-28 10:37:01,22750.0,500,Buy,235327529
2024-08-28 10:37:01,22750.0,200,Buy,235327530
2024-08-28 10:37:01,22750.0,100,Buy,235327531
2024-08-28 10:37:01,22750.0,6000,Buy,235327516
2024-08-28 10:37:01,22750.0,2000,Buy,235327515
2024-08-28 10:37:01,22750.0,2000,Buy,235327514
2024-08-28 10:37:01,22750.0,200,Buy,235327513
2024-08-28 10:37:01,22750.0,100,Buy,235327574
2024-08-28 10:37:01,22750.0,112400,Buy,235327498
2024-08-28 10:37:01,22750.0,100,Buy,235327499
2024-08-28 10:37:01,22750.0,100,Buy,235327500
2024-08-28 10:37:01,22750.0,2000,Buy,235327501
2024-08-28 10:37:01,22750.0,200,Buy,235327502
2024-08-28 10:37:01,22750.0,300,Buy,235327503
2024-08-28 10:37:01,22750.0,100,Buy,235327532
2024-08-28 10:37:01,22750.0,1000,Buy,235327504
2024-08-28 10:37:01,22750.0,100,Buy,235327506
2024-08-28 10:37:01,22750.0,200,Buy,235327507
2024-08-28 10:37:01,22750.0,300,Buy,235327508
2024-08-28 10:37:01,22750.0,100,Buy,235327509
2024-08-28 10:37:01,22750.0,2000,Buy,235327510
2024-08-28 10:37:01,22750.0,1000,Buy,235327511
2024-08-28 10:37:01,22750.0,100,Buy,235327512
2024-08-28 10:37:01,22750.0,5000,Buy,235327505
2024-08-28 10:37:01,22750.0,1000,Buy,235327533
2024-08-28 10:37:01,22750.0,2000,Buy,235327580
2024-08-28 10:37:01,22750.0,400,Buy,235327535
2024-08-28 10:37:01,22750.0,1000,Buy,235327558
2024-08-28 10:37:01,22750.0,1000,Buy,235327559
2024-08-28 10:37:01,22750.0,2000,Buy,235327560
2024-08-28 10:37:01,22750.0,2000,Buy,235327561
2024-08-28 10:37:01,22750.0,100,Buy,235327562
2024-08-28 10:37:01,22750.0,100,Buy,235327563
2024-08-28 10:37:01,22750.0,2000,Buy,235327554
2024-08-28 10:37:01,22750.0,50000,Buy,235327564
2024-08-28 10:37:01,22750.0,300,Buy,235327567
2024-08-28 10:37:01,22750.0,2000,Buy,235327568
2024-08-28 10:37:01,22750.0,100,Buy,235327569
2024-08-28 10:37:01,22750.0,500,Buy,235327534
2024-08-28 10:37:01,22750.0,200,Buy,235327570
2024-08-28 10:37:01,22750.0,100,Buy,235327571
2024-08-28 10:37:01,22750.0,3000,Buy,235327565
2024-08-28 10:37:01,22750.0,600,Buy,235327553
2024-08-28 10:37:01,22750.0,1000,Buy,235327566
2024-08-28 10:37:01,22750.0,1000,Buy,235327551
2024-08-28 10:37:01,22750.0,500,Buy,235327552
2024-08-28 10:37:01,22750.0,1000,Buy,235327536
2024-08-28 10:37:01,22750.0,300,Buy,235327537
2024-08-28 10:37:01,22750.0,700,Buy,235327538
2024-08-28 10:37:01,22750.0,500,Buy,235327539
2024-08-28 10:37:01,22750.0,500,Buy,235327540
2024-08-28 10:37:01,22750.0,5000,Buy,235327541
2024-08-28 10:37:01,22750.0,500,Buy,235327542
2024-08-28 10:37:01,22750.0,500,Buy,235327572
2024-08-28 10:37:01,22750.0,3000,Buy,235327544
2024-08-28 10:37:01,22750.0,100,Buy,235327545
2024-08-28 10:37:01,22750.0,1000,Buy,235327546
2024-08-28 10:37:01,22750.0,200,Buy,235327547
2024-08-28 10:37:01,22750.0,4000,Buy,235327548
2024-08-28 10:37:01,22750.0,200,Buy,235327549
2024-08-28 10:37:01,22750.0,2000,Buy,235327550
2024-08-28 10:37:01,22750.0,5000,Buy,235327543
2024-08-28 10:37:02,22750.0,100,Buy,235327670
2024-08-28 10:37:02,22750.0,45500,Buy,235327677
2024-08-28 10:37:02,22750.0,10000,Buy,235327676
2024-08-28 10:37:02,22750.0,1000,Buy,235327671
2024-08-28 10:37:02,22750.0,100,Buy,235327669
2024-08-28 10:37:02,22750.0,2000,Buy,235327665
2024-08-28 10:37:02,22750.0,15000,Buy,235327667
2024-08-28 10:37:02,22750.0,100,Buy,235327666
2024-08-28 10:37:02,22750.0,600,Buy,235327664
2024-08-28 10:37:02,22750.0,500,Buy,235327663
2024-08-28 10:37:02,22750.0,100,Buy,235327668
2024-08-28 10:37:05,22750.0,400,Buy,235327699
2024-08-28 10:37:05,22750.0,100,Buy,235327700
2024-08-28 10:37:12,22750.0,1200,Buy,235327827
2024-08-28 10:37:12,22750.0,1000,Buy,235327828
2024-08-28 10:37:12,22750.0,1100,Buy,235327829
2024-08-28 10:37:12,22750.0,800,Buy,235327830
2024-08-28 10:37:12,22750.0,300,Buy,235327831
2024-08-28 10:37:12,22750.0,6900,Buy,235327832
2024-08-28 10:37:15,22750.0,100,Buy,235327880
2024-08-28 10:37:15,22750.0,5000,Buy,235327879
2024-08-28 10:37:15,22750.0,2000,Buy,235327878
2024-08-28 10:37:15,22750.0,500,Buy,235327877
2024-08-28 10:37:15,22750.0,400,Buy,235327875
2024-08-28 10:37:15,22750.0,500,Buy,235327872
2024-08-28 10:37:15,22750.0,400,Buy,235327876
2024-08-28 10:37:15,22750.0,21000,Buy,235327874
2024-08-28 10:37:23,22750.0,2000,Sell,235328016
2024-08-28 10:37:28,22750.0,1000,Sell,235328078
2024-08-28 10:37:34,22750.0,1000,Sell,235328158
2024-08-28 10:37:35,22800.0,300,Buy,235328169
2024-08-28 10:37:35,22800.0,4000,Buy,235328170
2024-08-28 10:37:35,22800.0,100,Buy,235328171
2024-08-28 10:37:35,22800.0,30000,Buy,235328173
2024-08-28 10:37:35,22800.0,300,Buy,235328174
2024-08-28 10:37:35,22800.0,65200,Buy,235328175
2024-08-28 10:37:35,22800.0,100,Buy,235328172
2024-08-28 10:37:40,22800.0,100,Buy,235328249
2024-08-28 10:37:40,22800.0,3800,Buy,235328250
2024-08-28 10:37:42,22800.0,15700,Buy,235328264
2024-08-28 10:37:50,22750.0,4000,Sell,235328420
2024-08-28 10:38:11,22750.0,100,Sell,235328931
2024-08-28 10:38:17,22800.0,500,Buy,235329039
2024-08-28 10:38:31,22800.0,1000,Buy,235329295
2024-08-28 10:38:32,22800.0,100,Buy,235329307
2024-08-28 10:38:38,22750.0,600,Sell,235329390
2024-08-28 10:38:42,22800.0,100,Buy,235329428
2024-08-28 10:39:13,22750.0,1000,Sell,235329901
2024-08-28 10:39:14,22800.0,13500,Buy,235329924
2024-08-28 10:39:14,22800.0,100,Buy,235329925
2024-08-28 10:39:14,22800.0,100,Buy,235329926
2024-08-28 10:39:14,22800.0,100,Buy,235329927
2024-08-28 10:39:14,22800.0,10200,Buy,235329930
2024-08-28 10:39:19,22750.0,1000,Sell,235329987
2024-08-28 10:39:28,22800.0,5000,Buy,235330150
2024-08-28 10:39:32,22800.0,700,Buy,235330255
2024-08-28 10:39:34,22800.0,1000,Buy,235330338
2024-08-28 10:39:35,22800.0,400,Buy,235330394
2024-08-28 10:39:38,22800.0,2700,Buy,235330429
2024-08-28 10:39:38,22800.0,1200,Buy,235330430
2024-08-28 10:39:38,22800.0,2000,Buy,235330431
2024-08-28 10:39:42,22800.0,1200,Buy,235330512
2024-08-28 10:39:52,22800.0,100,Buy,235330661
2024-08-28 10:39:53,22800.0,500,Buy,235330670
2024-08-28 10:39:53,22750.0,400,Sell,235330672
2024-08-28 10:39:56,22800.0,7700,Buy,235330730
2024-08-28 10:39:56,22800.0,700,Buy,235330746
2024-08-28 10:39:56,22800.0,5000,Buy,235330729
2024-08-28 10:39:56,22800.0,2300,Buy,235330745
2024-08-28 10:39:56,22800.0,300,Buy,235330727
2024-08-28 10:39:56,22800.0,1000,Buy,235330726
2024-08-28 10:39:56,22800.0,2500,Buy,235330728
2024-08-28 10:39:56,22800.0,2000,Buy,235330725
2024-08-28 10:39:56,22800.0,5200,Buy,235330724
2024-08-28 10:40:02,22800.0,300,Buy,235330819
2024-08-28 10:40:02,22800.0,1000,Buy,235330820
2024-08-28 10:40:02,22800.0,300,Buy,235330821
2024-08-28 10:40:02,22800.0,200,Buy,235330822
2024-08-28 10:40:02,22800.0,100,Buy,235330823
2024-08-28 10:40:02,22800.0,2200,Buy,235330824
2024-08-28 10:40:05,22750.0,1200,Sell,235330844
2024-08-28 10:40:08,22800.0,5000,Buy,235330869
2024-08-28 10:40:10,22800.0,100,Buy,235330892
2024-08-28 10:40:12,22800.0,1500,Buy,235330920
2024-08-28 10:40:22,22800.0,20000,Buy,235331107
2024-08-28 10:40:22,22800.0,200,Buy,235331116
2024-08-28 10:40:27,22800.0,2400,Buy,235331179
2024-08-28 10:40:32,22800.0,3300,Buy,235331264
2024-08-28 10:40:42,22800.0,400,Buy,235331506
2024-08-28 10:40:43,22800.0,4900,Buy,235331521
2024-08-28 10:40:43,22800.0,1000,Buy,235331522
2024-08-28 10:40:43,22800.0,100,Buy,235331523
2024-08-28 10:40:43,22800.0,500,Buy,235331524
2024-08-28 10:40:43,22800.0,100,Buy,235331525
2024-08-28 10:40:47,22800.0,500,Buy,235331583
2024-08-28 10:40:48,22800.0,9400,Buy,235331598
2024-08-28 10:40:48,22800.0,600,Buy,235331599
2024-08-28 10:40:52,22800.0,400,Buy,235331652
2024-08-28 10:40:52,22800.0,2600,Buy,235331671
2024-08-28 10:40:52,22800.0,100,Buy,235331668
2024-08-28 10:40:52,22800.0,100,Buy,235331667
2024-08-28 10:40:52,22800.0,2000,Buy,235331666
2024-08-28 10:40:52,22800.0,100,Buy,235331665
2024-08-28 10:40:52,22800.0,300,Buy,235331664
2024-08-28 10:40:52,22800.0,200,Buy,235331662
2024-08-28 10:40:52,22800.0,2000,Buy,235331663
2024-08-28 10:40:52,22800.0,300,Buy,235331660
2024-08-28 10:40:52,22800.0,200,Buy,235331659
2024-08-28 10:40:52,22800.0,100,Buy,235331658
2024-08-28 10:40:52,22800.0,100,Buy,235331656
2024-08-28 10:40:52,22800.0,500,Buy,235331655
2024-08-28 10:40:52,22800.0,200,Buy,235331654
2024-08-28 10:40:52,22800.0,300,Buy,235331653
2024-08-28 10:40:52,22800.0,4000,Buy,235331661
2024-08-28 10:40:52,22800.0,100,Buy,235331657
2024-08-28 10:41:02,22800.0,2000,Buy,235331807
2024-08-28 10:41:03,22800.0,200,Buy,235331821
2024-08-28 10:41:03,22800.0,300,Buy,235331818
2024-08-28 10:41:03,22800.0,500,Buy,235331819
2024-08-28 10:41:03,22800.0,2000,Buy,235331820
2024-08-28 10:41:04,22800.0,1600,Buy,235331842
2024-08-28 10:41:11,22800.0,100,Buy,235331936
2024-08-28 10:41:11,22800.0,100,Buy,235331960
2024-08-28 10:41:11,22800.0,100,Buy,235331961
2024-08-28 10:41:11,22800.0,100,Buy,235331962
2024-08-28 10:41:11,22800.0,100,Buy,235331963
2024-08-28 10:41:11,22800.0,200,Buy,235331964
2024-08-28 10:41:11,22800.0,5000,Buy,235331965
2024-08-28 10:41:11,22800.0,100,Buy,235331966
2024-08-28 10:41:11,22800.0,500,Buy,235331967
2024-08-28 10:41:11,22800.0,400,Buy,235331959
2024-08-28 10:41:11,22800.0,300,Buy,235331968
2024-08-28 10:41:11,22800.0,800,Buy,235331970
2024-08-28 10:41:11,22800.0,1000,Buy,235331971
2024-08-28 10:41:11,22800.0,10000,Buy,235331972
2024-08-28 10:41:11,22800.0,200,Buy,235331973
2024-08-28 10:41:11,22800.0,100,Buy,235331974
2024-08-28 10:41:11,22800.0,1000,Buy,235331975
2024-08-28 10:41:11,22800.0,300,Buy,235331976
2024-08-28 10:41:11,22800.0,1500,Buy,235331977
2024-08-28 10:41:11,22800.0,500,Buy,235331969
2024-08-28 10:41:11,22800.0,1700,Buy,235331958
2024-08-28 10:41:11,22800.0,400,Buy,235331935
2024-08-28 10:41:11,22800.0,500,Buy,235331956
2024-08-28 10:41:11,22800.0,1000,Buy,235331957
2024-08-28 10:41:11,22800.0,100,Buy,235331937
2024-08-28 10:41:11,22800.0,200,Buy,235331938
2024-08-28 10:41:11,22800.0,1000,Buy,235331939
2024-08-28 10:41:11,22800.0,20000,Buy,235331940
2024-08-28 10:41:11,22800.0,100,Buy,235331941
2024-08-28 10:41:11,22800.0,100,Buy,235331942
2024-08-28 10:41:11,22800.0,100,Buy,235331943
2024-08-28 10:41:11,22800.0,1000,Buy,235331945
2024-08-28 10:41:11,22800.0,100,Buy,235331944
2024-08-28 10:41:11,22800.0,500,Buy,235331947
2024-08-28 10:41:11,22800.0,100,Buy,235331948
2024-08-28 10:41:11,22800.0,5000,Buy,235331949
2024-08-28 10:41:11,22800.0,1000,Buy,235331950
2024-08-28 10:41:11,22800.0,1000,Buy,235331951
2024-08-28 10:41:11,22800.0,200,Buy,235331952
2024-08-28 10:41:11,22800.0,500,Buy,235331953
2024-08-28 10:41:11,22800.0,1000,Buy,235331954
2024-08-28 10:41:11,22800.0,1000,Buy,235331955
2024-08-28 10:41:11,22800.0,1000,Buy,235331946
2024-08-28 10:41:12,22800.0,5000,Buy,235332018
2024-08-28 10:41:12,22800.0,700,Buy,235332021
2024-08-28 10:41:12,22800.0,1000,Buy,235332020
2024-08-28 10:41:12,22800.0,100,Buy,235332019
2024-08-28 10:41:12,22800.0,100,Buy,235332017
2024-08-28 10:41:12,22800.0,900,Buy,235332012
2024-08-28 10:41:12,22800.0,1000,Buy,235332015
2024-08-28 10:41:12,22800.0,100,Buy,235332014
2024-08-28 10:41:12,22800.0,100,Buy,235332013
2024-08-28 10:41:12,22800.0,300,Buy,235332011
2024-08-28 10:41:12,22800.0,500,Buy,235332010
2024-08-28 10:41:12,22800.0,100,Buy,235332016
2024-08-28 10:41:16,22800.0,2400,Buy,235332077
2024-08-28 10:41:18,22800.0,600,Buy,235332113
2024-08-28 10:41:19,22800.0,1000,Buy,235332129
2024-08-28 10:41:20,22800.0,100,Buy,235332150
2024-08-28 10:41:20,22800.0,500,Buy,235332151
2024-08-28 10:41:20,22800.0,400,Buy,235332152
2024-08-28 10:41:20,22800.0,100,Buy,235332153
2024-08-28 10:41:20,22800.0,1200,Buy,235332157
2024-08-28 10:41:20,22800.0,10000,Buy,235332155
2024-08-28 10:41:20,22800.0,200,Buy,235332156
2024-08-28 10:41:20,22800.0,7900,Buy,235332149
2024-08-28 10:41:20,22800.0,1000,Buy,235332154
2024-08-28 10:41:20,22800.0,200,Buy,235332148
2024-08-28 10:41:20,22800.0,800,Buy,235332144
2024-08-28 10:41:20,22800.0,15000,Buy,235332146
2024-08-28 10:41:20,22800.0,100,Buy,235332137
2024-08-28 10:41:20,22800.0,200,Buy,235332138
2024-08-28 10:41:20,22800.0,2000,Buy,235332139
2024-08-28 10:41:20,22800.0,100,Buy,235332140
2024-08-28 10:41:20,22800.0,500,Buy,235332136
2024-08-28 10:41:20,22800.0,2000,Buy,235332142
2024-08-28 10:41:20,22800.0,500,Buy,235332143
2024-08-28 10:41:20,22800.0,300,Buy,235332135
2024-08-28 10:41:20,22800.0,1500,Buy,235332141
2024-08-28 10:41:20,22800.0,100,Buy,235332147
2024-08-28 10:41:21,22800.0,1800,Buy,235332160
2024-08-28 10:41:21,22800.0,2000,Buy,235332161
2024-08-28 10:41:21,22800.0,1000,Buy,235332162
2024-08-28 10:41:21,22800.0,3000,Buy,235332163
2024-08-28 10:41:21,22800.0,2000,Buy,235332164
2024-08-28 10:41:21,22800.0,200,Buy,235332165
2024-08-28 10:41:22,22800.0,500,Buy,235332190
2024-08-28 10:41:22,22800.0,4700,Buy,235332191
2024-08-28 10:41:22,22800.0,800,Buy,235332189
2024-08-28 10:41:22,22800.0,100,Buy,235332187
2024-08-28 10:41:22,22800.0,3800,Buy,235332186
2024-08-28 10:41:22,22800.0,1000,Buy,235332177
2024-08-28 10:41:22,22800.0,500,Buy,235332188
2024-08-28 10:41:23,22800.0,3100,Buy,235332216
2024-08-28 10:41:23,22800.0,400,Buy,235332215
2024-08-28 10:41:23,22800.0,300,Buy,235332214
2024-08-28 10:41:23,22800.0,100,Buy,235332213
2024-08-28 10:41:23,22800.0,100,Buy,235332212
2024-08-28 10:41:23,22800.0,200,Buy,235332211
2024-08-28 10:41:23,22800.0,100,Buy,235332210
2024-08-28 10:41:23,22800.0,100,Buy,235332208
2024-08-28 10:41:23,22800.0,500,Buy,235332207
2024-08-28 10:41:23,22800.0,100,Buy,235332206
2024-08-28 10:41:23,22800.0,2700,Buy,235332205
2024-08-28 10:41:23,22800.0,1000,Buy,235332204
2024-08-28 10:41:23,22800.0,5000,Buy,235332203
2024-08-28 10:41:23,22800.0,1000,Buy,235332202
2024-08-28 10:41:23,22800.0,300,Buy,235332201
2024-08-28 10:41:23,22800.0,5000,Buy,235332209
2024-08-28 10:41:25,22800.0,1000,Buy,235332249
2024-08-28 10:41:25,22800.0,3000,Buy,235332247
2024-08-28 10:41:25,22800.0,100,Buy,235332248
2024-08-28 10:41:25,22800.0,9000,Buy,235332241
2024-08-28 10:41:25,22800.0,900,Buy,235332239
2024-08-28 10:41:25,22800.0,100,Buy,235332240
2024-08-28 10:41:25,22800.0,1000,Buy,235332246
2024-08-28 10:41:26,22800.0,2000,Buy,235332251
2024-08-28 10:41:27,22800.0,2000,Buy,235332261
2024-08-28 10:41:27,22800.0,1000,Buy,235332262
2024-08-28 10:41:28,22800.0,1000,Buy,235332294
2024-08-28 10:41:28,22800.0,1400,Buy,235332295
2024-08-28 10:41:28,22800.0,500,Buy,235332296
2024-08-28 10:41:28,22800.0,7100,Buy,235332297
2024-08-28 10:41:29,22800.0,800,Buy,235332301
2024-08-28 10:41:29,22800.0,2200,Buy,235332300
2024-08-28 10:41:31,22800.0,200,Buy,235332325
2024-08-28 10:41:31,22800.0,1500,Buy,235332326
2024-08-28 10:41:31,22800.0,500,Buy,235332327
2024-08-28 10:41:31,22800.0,800,Buy,235332328
2024-08-28 10:41:32,22800.0,800,Buy,235332360
2024-08-28 10:41:32,22800.0,500,Buy,235332359
2024-08-28 10:41:32,22800.0,100,Buy,235332358
2024-08-28 10:41:32,22800.0,200,Buy,235332356
2024-08-28 10:41:32,22800.0,200,Buy,235332355
2024-08-28 10:41:32,22800.0,1000,Buy,235332354
2024-08-28 10:41:32,22800.0,100,Buy,235332357
2024-08-28 10:41:32,22800.0,2000,Buy,235332352
2024-08-28 10:41:32,22800.0,100,Buy,235332351
2024-08-28 10:41:32,22800.0,300,Buy,235332350
2024-08-28 10:41:32,22800.0,10000,Buy,235332334
2024-08-28 10:41:32,22800.0,200,Buy,235332349
2024-08-28 10:41:32,22800.0,4200,Buy,235332348
2024-08-28 10:41:32,22800.0,5000,Buy,235332335
2024-08-28 10:41:32,22800.0,200,Buy,235332353
2024-08-28 10:41:33,22800.0,2000,Buy,235332364
2024-08-28 10:41:33,22800.0,1000,Buy,235332382
2024-08-28 10:41:34,22800.0,7600,Buy,235332391
2024-08-28 10:41:34,22800.0,1000,Buy,235332390
2024-08-28 10:41:34,22800.0,2000,Buy,235332398
2024-08-28 10:41:34,22800.0,100,Buy,235332388
2024-08-28 10:41:34,22800.0,1000,Buy,235332387
2024-08-28 10:41:34,22800.0,200,Buy,235332386
2024-08-28 10:41:34,22800.0,100,Buy,235332389
2024-08-28 10:41:35,22800.0,5000,Buy,235332412
2024-08-28 10:41:36,22800.0,1000,Buy,235332430
2024-08-28 10:41:37,22800.0,100,Buy,235332460
2024-08-28 10:41:37,22800.0,100,Buy,235332461
2024-08-28 10:41:37,22800.0,500,Buy,235332462
2024-08-28 10:41:37,22800.0,9000,Buy,235332463
2024-08-28 10:41:37,22800.0,1000,Buy,235332464
2024-08-28 10:41:37,22800.0,1000,Buy,235332466
2024-08-28 10:41:37,22800.0,200,Buy,235332459
2024-08-28 10:41:37,22800.0,100,Buy,235332467
2024-08-28 10:41:37,22800.0,2000,Buy,235332468
2024-08-28 10:41:37,22800.0,100,Sell,235332469
2024-08-28 10:41:37,22800.0,500,Buy,235332465
2024-08-28 10:41:37,22800.0,200,Buy,235332458
2024-08-28 10:41:37,22800.0,1000,Buy,235332449
2024-08-28 10:41:37,22800.0,10000,Buy,235332456
2024-08-28 10:41:37,22800.0,700,Buy,235332440
2024-08-28 10:41:37,22800.0,2700,Buy,235332447
2024-08-28 10:41:37,22800.0,600,Buy,235332448
2024-08-28 10:41:37,22800.0,2000,Buy,235332450
2024-08-28 10:41:37,22800.0,1000,Buy,235332446
2024-08-28 10:41:37,22800.0,800,Buy,235332452
2024-08-28 10:41:37,22800.0,300,Buy,235332453
2024-08-28 10:41:37,22800.0,300,Buy,235332454
2024-08-28 10:41:37,22800.0,2000,Buy,235332455
2024-08-28 10:41:37,22800.0,1000,Buy,235332451
2024-08-28 10:41:37,22800.0,1000,Buy,235332457
2024-08-28 10:41:45,22850.0,100,Buy,235332593
2024-08-28 10:41:45,22850.0,100,Buy,235332594
2024-08-28 10:41:45,22850.0,300,Buy,235332595
2024-08-28 10:41:57,22850.0,200,Buy,235332703
2024-08-28 10:41:57,22850.0,100,Buy,235332704
2024-08-28 10:42:17,22850.0,100,Buy,235332943
2024-08-28 10:42:24,22800.0,200,Sell,235333057
2024-08-28 10:42:30,22800.0,1000,Sell,235333097
2024-08-28 10:42:37,22850.0,1000,Buy,235333213
2024-08-28 10:42:42,22850.0,100,Buy,235333295
2024-08-28 10:42:53,22800.0,100,Sell,235333446
2024-08-28 10:42:58,22850.0,100,Buy,235333541
2024-08-28 10:42:58,22850.0,23600,Buy,235333542
2024-08-28 10:42:59,22850.0,100,Buy,235333608
2024-08-28 10:42:59,22850.0,800,Buy,235333609
2024-08-28 10:42:59,22850.0,500,Buy,235333606
2024-08-28 10:42:59,22850.0,6400,Buy,235333605
2024-08-28 10:42:59,22850.0,100,Buy,235333607
2024-08-28 10:43:02,22850.0,4700,Buy,235333633
2024-08-28 10:43:02,22800.0,200,Sell,235333639
2024-08-28 10:43:25,22800.0,100,Sell,235334076
2024-08-28 10:43:36,22800.0,1500,Sell,235334240
2024-08-28 10:43:36,22800.0,1400,Sell,235334242
2024-08-28 10:43:36,22800.0,2000,Sell,235334241
2024-08-28 10:43:36,22800.0,500,Sell,235334239
2024-08-28 10:43:36,22800.0,5000,Sell,235334237
2024-08-28 10:43:36,22800.0,12600,Sell,235334238
2024-08-28 10:43:36,22800.0,100,Sell,235334236
2024-08-28 10:43:36,22800.0,5000,Sell,235334235
2024-08-28 10:43:36,22800.0,1900,Sell,235334234
2024-08-28 10:43:39,22800.0,600,Sell,235334271
2024-08-28 10:43:39,22800.0,400,Sell,235334272
2024-08-28 10:43:49,22800.0,100,Sell,235334432
2024-08-28 10:44:01,22800.0,100,Sell,235334605
2024-08-28 10:44:04,22800.0,100,Sell,235334638
2024-08-28 10:44:08,22800.0,200,Sell,235334724
2024-08-28 10:44:20,22800.0,100,Sell,235334931
2024-08-28 10:44:27,22800.0,1000,Sell,235334996
2024-08-28 10:44:31,22800.0,2000,Sell,235335064
2024-08-28 10:44:31,22800.0,1100,Sell,235335067
2024-08-28 10:44:31,22800.0,1000,Sell,235335066
2024-08-28 10:44:31,22800.0,100,Sell,235335065
2024-08-28 10:44:31,22800.0,100,Sell,235335063
2024-08-28 10:44:31,22800.0,1000,Sell,235335060
2024-08-28 10:44:31,22800.0,5000,Sell,235335061
2024-08-28 10:44:31,22800.0,100,Sell,235335059
2024-08-28 10:44:31,22800.0,4000,Sell,235335058
2024-08-28 10:44:31,22800.0,600,Sell,235335057
2024-08-28 10:44:31,22800.0,5000,Sell,235335062
2024-08-28 10:44:40,22800.0,1000,Sell,235335156
2024-08-28 10:44:44,22800.0,1800,Sell,235335189
2024-08-28 10:44:44,22800.0,3200,Sell,235335190
2024-08-28 10:45:06,22800.0,100,Sell,235335432
2024-08-28 10:45:17,22800.0,1700,Sell,235335527
2024-08-28 10:45:17,22800.0,20000,Sell,235335526
2024-08-28 10:45:17,22800.0,700,Sell,235335522
2024-08-28 10:45:17,22800.0,2600,Sell,235335524
2024-08-28 10:45:17,22800.0,1000,Sell,235335523
2024-08-28 10:45:17,22800.0,700,Sell,235335525
2024-08-28 10:45:19,22800.0,5000,Sell,235335548
2024-08-28 10:45:28,22800.0,500,Sell,235335640
2024-08-28 10:45:30,22800.0,1000,Sell,235335655
2024-08-28 10:45:31,22800.0,600,Sell,235335664
2024-08-28 10:45:31,22800.0,1000,Sell,235335672
2024-08-28 10:45:33,22800.0,5000,Sell,235335690
2024-08-28 10:45:35,22800.0,3800,Sell,235335711
2024-08-28 10:45:35,22800.0,200,Sell,235335709
2024-08-28 10:45:35,22800.0,1000,Sell,235335710
2024-08-28 10:45:42,22800.0,4700,Sell,235335808
2024-08-28 10:45:42,22800.0,100,Sell,235335805
2024-08-28 10:45:42,22800.0,100,Sell,235335806
2024-08-28 10:45:42,22800.0,100,Sell,235335807
2024-08-28 10:45:42,22800.0,1300,Sell,235335809
2024-08-28 10:45:42,22800.0,500,Sell,235335804
2024-08-28 10:45:42,22800.0,6000,Sell,235335811
2024-08-28 10:45:42,22800.0,1000,Sell,235335812
2024-08-28 10:45:42,22800.0,4900,Sell,235335813
2024-08-28 10:45:42,22800.0,1600,Buy,235335817
2024-08-28 10:45:42,22800.0,300,Sell,235335810
2024-08-28 10:45:42,22800.0,100,Sell,235335803
2024-08-28 10:45:42,22800.0,4600,Sell,235335793
2024-08-28 10:45:42,22800.0,100,Sell,235335801
2024-08-28 10:45:42,22800.0,500,Sell,235335791
2024-08-28 10:45:42,22800.0,600,Sell,235335792
2024-08-28 10:45:42,22800.0,100,Sell,235335794
2024-08-28 10:45:42,22800.0,20000,Sell,235335795
2024-08-28 10:45:42,22800.0,1100,Sell,235335790
2024-08-28 10:45:42,22800.0,500,Sell,235335797
2024-08-28 10:45:42,22800.0,13000,Sell,235335798
2024-08-28 10:45:42,22800.0,200,Sell,235335799
2024-08-28 10:45:42,22800.0,3000,Sell,235335800
2024-08-28 10:45:42,22800.0,500,Sell,235335796
2024-08-28 10:45:42,22800.0,700,Sell,235335802
2024-08-28 10:45:52,22800.0,9800,Buy,235335934
2024-08-28 10:45:57,22800.0,5000,Buy,235335983
2024-08-28 10:46:00,22750.0,100,Sell,235336007
2024-08-28 10:46:06,22800.0,200,Buy,235336136
2024-08-28 10:46:12,22800.0,2000,Buy,235336187
2024-08-28 10:46:13,22800.0,20000,Buy,235336194
2024-08-28 10:46:16,22800.0,6000,Buy,235336229
2024-08-28 10:46:19,22800.0,100,Buy,235336255
2024-08-28 10:46:20,22800.0,2000,Buy,235336294
2024-08-28 10:46:22,22800.0,4500,Buy,235336388
2024-08-28 10:46:24,22750.0,4000,Sell,235336405
2024-08-28 10:46:26,22800.0,2000,Buy,235336433
2024-08-28 10:46:26,22800.0,500,Buy,235336435
2024-08-28 10:46:29,22800.0,400,Buy,235336468
2024-08-28 10:46:29,22800.0,5000,Buy,235336474
2024-08-28 10:46:32,22800.0,2000,Buy,235336542
2024-08-28 10:46:32,22800.0,2400,Buy,235336543
2024-08-28 10:46:33,22800.0,2000,Buy,235336549
2024-08-28 10:46:39,22800.0,2000,Buy,235336653
2024-08-28 10:46:42,22800.0,1200,Buy,235336721
2024-08-28 10:46:46,22800.0,2000,Buy,235336794
2024-08-28 10:46:52,22800.0,400,Buy,235336841
2024-08-28 10:47:02,22800.0,2200,Buy,235336981
2024-08-28 10:47:07,22800.0,2000,Buy,235337079
2024-08-28 10:47:12,22800.0,600,Buy,235337208
2024-08-28 10:47:15,22800.0,50000,Buy,235337264
2024-08-28 10:47:20,22800.0,2000,Buy,235337318
2024-08-28 10:47:22,22800.0,7800,Buy,235337347
2024-08-28 10:47:25,22800.0,2000,Buy,235337401
2024-08-28 10:47:26,22800.0,4000,Buy,235337426
2024-08-28 10:47:32,22800.0,1600,Buy,235337477
2024-08-28 10:47:33,22800.0,5000,Buy,235337490
2024-08-28 10:47:34,22800.0,2000,Buy,235337508
2024-08-28 10:47:35,22800.0,8500,Buy,235337530
2024-08-28 10:47:35,22800.0,13700,Buy,235337529
2024-08-28 10:47:37,22800.0,1000,Buy,235337548
2024-08-28 10:47:41,22800.0,3500,Buy,235337595
2024-08-28 10:47:42,22800.0,2000,Buy,235337600
2024-08-28 10:47:46,22800.0,2000,Buy,235337638
2024-08-28 10:47:46,22800.0,1000,Buy,235337642
2024-08-28 10:47:50,22800.0,2000,Buy,235337674
2024-08-28 10:47:53,22800.0,2000,Buy,235337695
2024-08-28 10:47:54,22800.0,1000,Buy,235337714
2024-08-28 10:47:54,22800.0,1300,Buy,235337703
2024-08-28 10:48:04,22800.0,2000,Buy,235337862
2024-08-28 10:48:04,22800.0,2000,Buy,235337863
2024-08-28 10:48:06,22800.0,1000,Buy,235337885
2024-08-28 10:48:07,22800.0,10000,Buy,235337898
2024-08-28 10:48:10,22800.0,200,Buy,235337922
2024-08-28 10:48:10,22800.0,100,Buy,235337924
2024-08-28 10:48:14,22800.0,1000,Buy,235337994
2024-08-28 10:48:17,22800.0,2000,Buy,235338029
2024-08-28 10:48:22,22800.0,5900,Buy,235338095
2024-08-28 10:48:22,22800.0,100,Buy,235338094
2024-08-28 10:48:22,22800.0,4000,Buy,235338091
2024-08-28 10:48:22,22800.0,1000,Buy,235338092
2024-08-28 10:48:22,22800.0,200,Buy,235338090
2024-08-28 10:48:22,22800.0,300,Buy,235338093
2024-08-28 10:48:22,22800.0,1000,Buy,235338088
2024-08-28 10:48:22,22800.0,200,Buy,235338087
2024-08-28 10:48:22,22800.0,10000,Buy,235338086
2024-08-28 10:48:22,22800.0,100,Buy,235338085
2024-08-28 10:48:22,22800.0,6900,Buy,235338084
2024-08-28 10:48:22,22800.0,500,Buy,235338083
2024-08-28 10:48:22,22800.0,300,Buy,235338089
2024-08-28 10:48:23,22800.0,5000,Buy,235338107
2024-08-28 10:48:28,22800.0,100,Buy,235338178
2024-08-28 10:48:30,22800.0,2000,Buy,235338208
2024-08-28 10:48:40,22800.0,1000,Buy,235338328
2024-08-28 10:48:41,22800.0,2000,Buy,235338343
2024-08-28 10:48:45,22800.0,700,Buy,235338423
2024-08-28 10:48:45,22800.0,1300,Buy,235338422
2024-08-28 10:48:45,22800.0,3700,Buy,235338408
2024-08-28 10:48:45,22800.0,1000,Buy,235338407
2024-08-28 10:48:45,22800.0,2000,Buy,235338405
2024-08-28 10:48:45,22800.0,200,Buy,235338404
2024-08-28 10:48:45,22800.0,100,Buy,235338406
2024-08-28 10:48:45,22800.0,1000,Buy,235338402
2024-08-28 10:48:45,22800.0,500,Buy,235338401
2024-08-28 10:48:45,22800.0,500,Buy,235338400
2024-08-28 10:48:45,22800.0,100,Buy,235338399
2024-08-28 10:48:45,22800.0,5000,Buy,235338398
2024-08-28 10:48:45,22800.0,14900,Buy,235338397
2024-08-28 10:48:45,22800.0,1000,Buy,235338403
2024-08-28 10:48:48,22750.0,200,Sell,235338465
2024-08-28 10:48:50,22800.0,200,Buy,235338484
2024-08-28 10:48:52,22800.0,100,Buy,235338525
2024-08-28 10:48:55,22800.0,2000,Buy,235338569
2024-08-28 10:48:56,22850.0,500,Buy,235338608
2024-08-28 10:48:56,22850.0,100,Buy,235338607
2024-08-28 10:48:56,22850.0,1000,Buy,235338606
2024-08-28 10:48:56,22850.0,100,Buy,235338605
2024-08-28 10:48:56,22850.0,100,Buy,235338609
2024-08-28 10:48:56,22850.0,200,Buy,235338603
2024-08-28 10:48:56,22850.0,1000,Buy,235338602
2024-08-28 10:48:56,22850.0,100,Buy,235338601
2024-08-28 10:48:56,22850.0,100,Buy,235338600
2024-08-28 10:48:56,22850.0,100,Buy,235338604
2024-08-28 10:48:56,22850.0,200,Buy,235338610
2024-08-28 10:48:56,22850.0,500,Buy,235338599
2024-08-28 10:48:56,22850.0,10000,Buy,235338612
2024-08-28 10:48:56,22850.0,200,Buy,235338613
2024-08-28 10:48:56,22850.0,1700,Buy,235338614
2024-08-28 10:48:56,22850.0,200,Buy,235338615
2024-08-28 10:48:56,22850.0,300,Buy,235338616
2024-08-28 10:48:56,22850.0,200,Buy,235338617
2024-08-28 10:48:56,22850.0,100,Buy,235338618
2024-08-28 10:48:56,22850.0,200,Buy,235338619
2024-08-28 10:48:56,22850.0,200,Buy,235338620
2024-08-28 10:48:56,22850.0,11400,Buy,235338621
2024-08-28 10:48:56,22850.0,800,Buy,235338611
2024-08-28 10:48:56,22850.0,200,Buy,235338597
2024-08-28 10:48:56,22850.0,100,Buy,235338576
2024-08-28 10:48:56,22850.0,1000,Buy,235338595
2024-08-28 10:48:56,22800.0,500,Buy,235338572
2024-08-28 10:48:56,22800.0,14100,Buy,235338573
2024-08-28 10:48:56,22850.0,4500,Buy,235338574
2024-08-28 10:48:56,22850.0,200,Buy,235338575
2024-08-28 10:48:56,22800.0,2500,Buy,235338571
2024-08-28 10:48:56,22850.0,300,Buy,235338577
2024-08-28 10:48:56,22850.0,500,Buy,235338578
2024-08-28 10:48:56,22850.0,20000,Buy,235338579
2024-08-28 10:48:56,22850.0,100,Buy,235338580
2024-08-28 10:48:56,22850.0,300,Buy,235338581
2024-08-28 10:48:56,22850.0,1000,Buy,235338582
2024-08-28 10:48:56,22850.0,1000,Buy,235338596
2024-08-28 10:48:56,22850.0,400,Buy,235338584
2024-08-28 10:48:56,22850.0,800,Buy,235338583
2024-08-28 10:48:56,22850.0,700,Buy,235338594
2024-08-28 10:48:56,22850.0,700,Buy,235338592
2024-08-28 10:48:56,22850.0,100,Buy,235338591
2024-08-28 10:48:56,22850.0,1200,Buy,235338590
2024-08-28 10:48:56,22850.0,20000,Buy,235338593
2024-08-28 10:48:56,22850.0,100,Buy,235338588
2024-08-28 10:48:56,22850.0,100,Buy,235338587
2024-08-28 10:48:56,22850.0,100,Buy,235338586
2024-08-28 10:48:56,22850.0,100,Buy,235338585
2024-08-28 10:48:56,22850.0,100,Buy,235338589
2024-08-28 10:49:00,22800.0,1000,Buy,235338699
2024-08-28 10:49:01,22800.0,300,Sell,235338701
2024-08-28 10:49:14,22800.0,400,Sell,235338900
2024-08-28 10:49:25,22800.0,5000,Sell,235339076
2024-08-28 10:49:38,22800.0,2000,Sell,235339199
2024-08-28 10:49:38,22850.0,5000,Buy,235339205
2024-08-28 10:49:38,22800.0,8200,Sell,235339200
2024-08-28 10:49:38,22800.0,500,Sell,235339198
2024-08-28 10:49:38,22800.0,3300,Sell,235339192
2024-08-28 10:49:38,22800.0,100,Sell,235339196
2024-08-28 10:49:38,22800.0,2000,Sell,235339195
2024-08-28 10:49:38,22800.0,2000,Sell,235339194
2024-08-28 10:49:38,22800.0,900,Sell,235339193
2024-08-28 10:49:38,22800.0,1000,Sell,235339197
2024-08-28 10:49:49,22800.0,7400,Sell,235339327
2024-08-28 10:49:49,22800.0,2000,Sell,235339328
2024-08-28 10:49:49,22800.0,600,Sell,235339329
2024-08-28 10:49:56,22800.0,100,Sell,235339399
2024-08-28 10:50:30,22800.0,100,Sell,235339811
2024-08-28 10:50:30,22800.0,29300,Sell,235339808
2024-08-28 10:50:30,22800.0,100,Sell,235339809
2024-08-28 10:50:30,22800.0,500,Sell,235339810
2024-08-28 10:50:41,22850.0,3600,Buy,235339961
2024-08-28 10:50:41,22850.0,16400,Buy,235339962
2024-08-28 10:50:54,22800.0,100,Sell,235340126
2024-08-28 10:51:05,22800.0,1000,Sell,235340290
2024-08-28 10:51:24,22800.0,700,Sell,235340585
2024-08-28 10:51:24,22800.0,100,Sell,235340584
2024-08-28 10:51:31,22800.0,100,Sell,235340713
2024-08-28 10:51:36,22800.0,300,Sell,235340802
2024-08-28 10:51:39,22800.0,900,Sell,235340822
2024-08-28 10:51:39,22800.0,300,Sell,235340823
2024-08-28 10:51:39,22800.0,500,Sell,235340824
2024-08-28 10:51:39,22800.0,1500,Sell,235340825
2024-08-28 10:51:39,22800.0,300,Sell,235340826
2024-08-28 10:51:39,22800.0,1000,Sell,235340827
2024-08-28 10:51:39,22800.0,3000,Sell,235340828
2024-08-28 10:51:39,22800.0,500,Sell,235340829
2024-08-28 10:51:39,22800.0,2000,Sell,235340830
2024-08-28 10:51:56,22800.0,100,Sell,235341228
2024-08-28 10:52:00,22850.0,700,Buy,235341266
2024-08-28 10:52:11,22800.0,9000,Sell,235341460
2024-08-28 10:52:43,22800.0,9100,Sell,235342000
2024-08-28 10:52:43,22800.0,10900,Sell,235341999
2024-08-28 10:52:58,22800.0,5000,Sell,235342218
2024-08-28 10:53:27,22800.0,1000,Sell,235342694
2024-08-28 10:53:35,22800.0,900,Sell,235342886
2024-08-28 10:53:35,22850.0,4800,Buy,235342896
2024-08-28 10:53:42,22850.0,800,Buy,235342984
2024-08-28 10:53:52,22850.0,100,Buy,235343138
2024-08-28 10:53:57,22850.0,100,Buy,235343223
2024-08-28 10:54:42,22800.0,8000,Sell,235343897
2024-08-28 10:54:42,22800.0,100,Sell,235343906
2024-08-28 10:54:42,22800.0,100,Sell,235343899
2024-08-28 10:54:42,22800.0,1000,Sell,235343900
2024-08-28 10:54:42,22800.0,500,Sell,235343901
2024-08-28 10:54:42,22800.0,2500,Sell,235343902
2024-08-28 10:54:42,22800.0,2000,Sell,235343903
2024-08-28 10:54:42,22800.0,200,Sell,235343904
2024-08-28 10:54:42,22800.0,200,Sell,235343905
2024-08-28 10:54:42,22800.0,100,Sell,235343898
2024-08-28 10:54:43,22800.0,3300,Sell,235343907
2024-08-28 10:54:53,22850.0,1500,Buy,235344050
2024-08-28 10:54:53,22850.0,3100,Buy,235344069
2024-08-28 10:54:53,22850.0,500,Buy,235344068
2024-08-28 10:54:53,22850.0,100,Buy,235344067
2024-08-28 10:54:53,22850.0,100,Buy,235344066
2024-08-28 10:54:53,22850.0,2000,Buy,235344065
2024-08-28 10:54:53,22850.0,100,Buy,235344064
2024-08-28 10:54:53,22850.0,1000,Buy,235344063
2024-08-28 10:54:53,22850.0,3000,Buy,235344062
2024-08-28 10:54:53,22850.0,500,Buy,235344060
2024-08-28 10:54:53,22850.0,100,Buy,235344061
2024-08-28 10:54:53,22850.0,3000,Buy,235344058
2024-08-28 10:54:53,22850.0,1200,Buy,235344057
2024-08-28 10:54:53,22850.0,300,Buy,235344056
2024-08-28 10:54:53,22850.0,200,Buy,235344055
2024-08-28 10:54:53,22850.0,5000,Buy,235344054
2024-08-28 10:54:53,22850.0,100,Buy,235344053
2024-08-28 10:54:53,22850.0,5000,Buy,235344052
2024-08-28 10:54:53,22850.0,1000,Buy,235344051
2024-08-28 10:54:53,22850.0,100,Buy,235344059
2024-08-28 10:54:53,22850.0,2100,Buy,235344049
2024-08-28 10:54:56,22850.0,5000,Buy,235344135
2024-08-28 10:55:02,22850.0,5200,Buy,235344206
2024-08-28 10:55:12,22850.0,700,Buy,235344397
2024-08-28 10:55:22,22850.0,100,Buy,235344538
2024-08-28 10:55:33,22850.0,10000,Buy,235344710
2024-08-28 10:55:35,22850.0,12000,Buy,235344725
2024-08-28 10:55:38,22850.0,100,Buy,235344808
2024-08-28 10:55:42,22850.0,3300,Buy,235344853
2024-08-28 10:55:42,22850.0,2000,Buy,235344856
2024-08-28 10:55:50,22850.0,2400,Buy,235345012
2024-08-28 10:55:50,22850.0,3000,Buy,235345011
2024-08-28 10:55:50,22850.0,300,Buy,235345010
2024-08-28 10:55:50,22850.0,2000,Buy,235345009
2024-08-28 10:55:50,22850.0,100,Buy,235345008
2024-08-28 10:55:50,22850.0,4000,Buy,235345007
2024-08-28 10:55:50,22850.0,300,Buy,235345005
2024-08-28 10:55:50,22850.0,200,Buy,235345004
2024-08-28 10:55:50,22850.0,600,Buy,235345003
2024-08-28 10:55:50,22850.0,1000,Buy,235345002
2024-08-28 10:55:50,22850.0,58300,Buy,235345001
2024-08-28 10:55:50,22850.0,200,Buy,235344987
2024-08-28 10:55:50,22850.0,2000,Buy,235345006
2024-08-28 10:55:52,22850.0,500,Buy,235345036
2024-08-28 10:55:52,22850.0,3500,Buy,235345039
2024-08-28 10:55:52,22850.0,200,Buy,235345038
2024-08-28 10:55:52,22850.0,500,Buy,235345037
2024-08-28 10:55:52,22850.0,100,Buy,235345035
2024-08-28 10:55:52,22850.0,100,Buy,235345028
2024-08-28 10:55:52,22850.0,100,Buy,235345033
2024-08-28 10:55:52,22850.0,100,Buy,235345032
2024-08-28 10:55:52,22850.0,2000,Buy,235345031
2024-08-28 10:55:52,22850.0,100,Buy,235345030
2024-08-28 10:55:52,22850.0,700,Buy,235345029
2024-08-28 10:55:52,22850.0,4000,Buy,235345034
2024-08-28 10:55:54,22850.0,1500,Buy,235345101
2024-08-28 10:55:54,22850.0,500,Buy,235345102
2024-08-28 10:55:55,22850.0,3500,Buy,235345117
2024-08-28 10:55:55,22850.0,500,Buy,235345118
2024-08-28 10:55:57,22850.0,5000,Buy,235345149
2024-08-28 10:55:57,22850.0,4000,Buy,235345148
2024-08-28 10:55:57,22850.0,200,Buy,235345147
2024-08-28 10:55:57,22850.0,4000,Buy,235345146
2024-08-28 10:55:57,22850.0,40000,Buy,235345145
2024-08-28 10:55:57,22850.0,2000,Buy,235345144
2024-08-28 10:55:57,22850.0,200,Buy,235345143
2024-08-28 10:55:57,22850.0,200,Buy,235345141
2024-08-28 10:55:57,22850.0,100,Buy,235345140
2024-08-28 10:55:57,22850.0,1000,Buy,235345139
2024-08-28 10:55:57,22850.0,100,Buy,235345138
2024-08-28 10:55:57,22850.0,200,Buy,235345137
2024-08-28 10:55:57,22850.0,100,Buy,235345136
2024-08-28 10:55:57,22850.0,500,Buy,235345135
2024-08-28 10:55:57,22850.0,200,Buy,235345142
2024-08-28 10:55:59,22850.0,500,Buy,235345221
2024-08-28 10:55:59,22850.0,500,Buy,235345222
2024-08-28 10:55:59,22850.0,1700,Buy,235345223
2024-08-28 10:55:59,22850.0,4000,Buy,235345224
2024-08-28 10:55:59,22850.0,100,Buy,235345228
2024-08-28 10:55:59,22850.0,100,Buy,235345226
2024-08-28 10:55:59,22850.0,100,Buy,235345227
2024-08-28 10:55:59,22850.0,100,Buy,235345220
2024-08-28 10:55:59,22850.0,12700,Buy,235345229
2024-08-28 10:55:59,22850.0,1900,Buy,235345225
2024-08-28 10:55:59,22850.0,400,Buy,235345219
2024-08-28 10:55:59,22850.0,500,Buy,235345207
2024-08-28 10:55:59,22850.0,100,Buy,235345217
2024-08-28 10:55:59,22850.0,200,Buy,235345206
2024-08-28 10:55:59,22850.0,300,Buy,235345208
2024-08-28 10:55:59,22850.0,100,Buy,235345209
2024-08-28 10:55:59,22850.0,100,Buy,235345210
2024-08-28 10:55:59,22850.0,10000,Buy,235345211
2024-08-28 10:55:59,22850.0,200,Buy,235345218
2024-08-28 10:55:59,22850.0,2000,Buy,235345213
2024-08-28 10:55:59,22850.0,1000,Buy,235345216
2024-08-28 10:55:59,22850.0,2000,Buy,235345212
2024-08-28 10:55:59,22850.0,10900,Buy,235345214
2024-08-28 10:55:59,22850.0,500,Buy,235345215
2024-08-28 10:56:00,22850.0,4000,Buy,235345238
2024-08-28 10:56:00,22850.0,1000,Buy,235345239
2024-08-28 10:56:00,22850.0,500,Buy,235345240
2024-08-28 10:56:00,22850.0,100,Buy,235345241
2024-08-28 10:56:00,22850.0,200,Buy,235345242
2024-08-28 10:56:00,22850.0,100,Buy,235345243
2024-08-28 10:56:00,22850.0,600,Buy,235345244
2024-08-28 10:56:00,22850.0,400,Buy,235345245
2024-08-28 10:56:01,22850.0,100,Buy,235345271
2024-08-28 10:56:02,22850.0,600,Buy,235345318
2024-08-28 10:56:02,22850.0,15800,Buy,235345317
2024-08-28 10:56:02,22850.0,1000,Buy,235345315
2024-08-28 10:56:02,22850.0,500,Buy,235345314
2024-08-28 10:56:02,22850.0,2000,Buy,235345316
2024-08-28 10:56:03,22850.0,300,Buy,235345336
2024-08-28 10:56:03,22850.0,100,Buy,235345337
2024-08-28 10:56:03,22850.0,100,Buy,235345338
2024-08-28 10:56:04,22850.0,900,Buy,235345342
2024-08-28 10:56:04,22850.0,200,Buy,235345343
2024-08-28 10:56:04,22850.0,100,Buy,235345344
2024-08-28 10:56:07,22900.0,1000,Buy,235345402
2024-08-28 10:56:07,22900.0,400,Buy,235345403
2024-08-28 10:56:12,22900.0,3400,Buy,235345503
2024-08-28 10:56:19,22900.0,200,Buy,235345594
2024-08-28 10:56:19,22900.0,5800,Buy,235345595
2024-08-28 10:56:21,22900.0,5000,Buy,235345625
2024-08-28 10:56:22,22900.0,1000,Buy,235345643
2024-08-28 10:56:22,22900.0,1100,Buy,235345644
2024-08-28 10:56:25,22850.0,100,Sell,235345675
