time,price,volume,match_type,id
2024-08-09 09:14:39,21000.0,232900,ATO/ATC,230423358
2024-08-09 09:14:41,21000.0,100,Sell,230423586
2024-08-09 09:14:41,21000.0,200,Sell,230423610
2024-08-09 09:14:43,21050.0,100,Buy,230423630
2024-08-09 09:14:44,21000.0,200,Sell,230423678
2024-08-09 09:14:44,21000.0,200,Sell,230423677
2024-08-09 09:14:44,21000.0,500,Sell,230423679
2024-08-09 09:14:47,21000.0,500,Sell,230423741
2024-08-09 09:14:53,21000.0,400,Buy,230423854
2024-08-09 09:14:53,21000.0,100,Buy,230423851
2024-08-09 09:15:02,21000.0,10700,Sell,230424082
2024-08-09 09:15:11,21050.0,100,Buy,230424280
2024-08-09 09:15:11,21050.0,4900,Buy,230424281
2024-08-09 09:15:20,21000.0,24800,Sell,230424527
2024-08-09 09:15:34,21050.0,900,Buy,230424808
2024-08-09 09:15:34,21050.0,5800,Buy,230424807
2024-08-09 09:15:34,21050.0,300,Buy,230424809
2024-08-09 09:15:34,21050.0,100,Buy,230424805
2024-08-09 09:15:34,21050.0,25100,Buy,230424804
2024-08-09 09:15:34,21050.0,100,Buy,230424806
2024-08-09 09:15:37,21050.0,1000,Sell,230424885
2024-08-09 09:15:39,21050.0,100,Sell,230424924
2024-08-09 09:15:41,21050.0,500,Sell,230424957
2024-08-09 09:15:45,21100.0,1000,Buy,230425028
2024-08-09 09:15:45,21100.0,1000,Buy,230425029
2024-08-09 09:15:47,21100.0,1000,Buy,230425064
2024-08-09 09:15:50,21100.0,1000,Buy,230425120
2024-08-09 09:15:53,21100.0,100,Buy,230425240
2024-08-09 09:15:53,21100.0,400,Buy,230425241
2024-08-09 09:15:53,21100.0,5000,Buy,230425239
2024-08-09 09:15:53,21100.0,800,Buy,230425243
2024-08-09 09:15:53,21100.0,10000,Buy,230425237
2024-08-09 09:15:53,21100.0,10000,Buy,230425238
2024-08-09 09:15:53,21100.0,700,Buy,230425226
2024-08-09 09:15:53,21100.0,100,Buy,230425242
2024-08-09 09:15:53,21100.0,3300,Buy,230425236
2024-08-09 09:16:04,21100.0,300,Sell,230425532
2024-08-09 09:16:04,21100.0,100,Sell,230425533
2024-08-09 09:16:04,21100.0,2600,Sell,230425534
2024-08-09 09:16:04,21100.0,300,Sell,230425535
2024-08-09 09:16:04,21100.0,100,Sell,230425536
2024-08-09 09:16:11,21100.0,6600,Buy,230425743
2024-08-09 09:16:11,21100.0,100,Buy,230425744
2024-08-09 09:16:11,21150.0,2300,Buy,230425745
2024-08-09 09:16:11,21150.0,1000,Buy,230425746
2024-08-09 09:16:14,21100.0,100,Sell,230425801
2024-08-09 09:16:16,21100.0,900,Sell,230425855
2024-08-09 09:16:16,21100.0,100,Sell,230425856
2024-08-09 09:16:19,21150.0,1000,Buy,230425912
2024-08-09 09:16:19,21100.0,100,Sell,230425903
2024-08-09 09:16:29,21150.0,200,Buy,230426109
2024-08-09 09:16:33,21150.0,3400,Buy,230426226
2024-08-09 09:16:36,21150.0,2000,Buy,230426319
2024-08-09 09:16:36,21150.0,100,Buy,230426324
2024-08-09 09:16:40,21150.0,100,Buy,230426406
2024-08-09 09:16:40,21150.0,2000,Buy,230426419
2024-08-09 09:16:41,21150.0,200,Buy,230426434
2024-08-09 09:16:41,21150.0,1000,Buy,230426435
2024-08-09 09:16:41,21150.0,100,Buy,230426436
2024-08-09 09:16:41,21150.0,1700,Buy,230426437
2024-08-09 09:16:42,21150.0,100,Buy,230426506
2024-08-09 09:16:45,21150.0,2000,Buy,230426579
2024-08-09 09:16:45,21150.0,2000,Buy,230426573
2024-08-09 09:16:49,21150.0,100,Buy,230426657
2024-08-09 09:16:51,21150.0,500,Buy,230426707
2024-08-09 09:16:54,21150.0,3000,Buy,230426827
2024-08-09 09:16:54,21150.0,3600,Buy,230426805
2024-08-09 09:16:54,21150.0,400,Buy,230426806
2024-08-09 09:16:59,21150.0,200,Buy,230426921
2024-08-09 09:17:02,21150.0,100,Buy,230426985
2024-08-09 09:17:05,21150.0,100,Buy,230427062
2024-08-09 09:17:09,21150.0,500,Buy,230427191
2024-08-09 09:17:10,21150.0,5700,Buy,230427220
2024-08-09 09:17:10,21150.0,100,Buy,230427221
2024-08-09 09:17:10,21150.0,900,Buy,230427222
2024-08-09 09:17:10,21150.0,100,Buy,230427223
2024-08-09 09:17:10,21150.0,3200,Buy,230427224
2024-08-09 09:17:15,21150.0,100,Buy,230427354
2024-08-09 09:17:15,21150.0,10000,Buy,230427356
2024-08-09 09:17:16,21150.0,300,Buy,230427383
2024-08-09 09:17:30,21150.0,1000,Buy,230427783
2024-08-09 09:17:33,21150.0,5400,Buy,230427839
2024-08-09 09:17:33,21150.0,5000,Buy,230427840
2024-08-09 09:17:33,21150.0,500,Buy,230427841
2024-08-09 09:17:33,21150.0,3100,Buy,230427842
2024-08-09 09:17:35,21100.0,500,Sell,230427889
2024-08-09 09:17:40,21150.0,200,Buy,230428006
2024-08-09 09:17:44,21150.0,200,Buy,230428084
2024-08-09 09:17:48,21150.0,500,Buy,230428175
2024-08-09 09:17:53,21150.0,2000,Buy,230428307
2024-08-09 09:17:58,21150.0,1000,Buy,230428411
2024-08-09 09:18:07,21150.0,100,Buy,230428632
2024-08-09 09:18:12,21150.0,100,Buy,230428759
2024-08-09 09:18:18,21150.0,200,Buy,230428862
2024-08-09 09:18:29,21100.0,300,Sell,230429178
2024-08-09 09:18:29,21100.0,1000,Sell,230429179
2024-08-09 09:18:29,21100.0,700,Sell,230429180
2024-08-09 09:18:29,21100.0,5700,Sell,230429181
2024-08-09 09:18:31,21100.0,200,Sell,230429206
2024-08-09 09:18:31,21150.0,300,Buy,230429218
2024-08-09 09:18:37,21100.0,200,Sell,230429338
2024-08-09 09:18:38,21100.0,800,Sell,230429359
2024-08-09 09:18:42,21150.0,200,Buy,230429446
2024-08-09 09:18:45,21100.0,500,Sell,230429569
2024-08-09 09:18:52,21150.0,1400,Buy,230429715
2024-08-09 09:18:59,21150.0,800,Buy,230429871
2024-08-09 09:18:59,21150.0,100,Buy,230429870
2024-08-09 09:18:59,21150.0,1000,Buy,230429869
2024-08-09 09:18:59,21150.0,100,Buy,230429865
2024-08-09 09:18:59,21150.0,800,Buy,230429867
2024-08-09 09:18:59,21150.0,1000,Buy,230429866
2024-08-09 09:18:59,21150.0,500,Buy,230429868
2024-08-09 09:18:59,21150.0,700,Buy,230429864
2024-08-09 09:19:04,21100.0,500,Sell,230429984
2024-08-09 09:19:08,21150.0,200,Buy,230430073
2024-08-09 09:19:08,21150.0,800,Buy,230430074
2024-08-09 09:19:10,21150.0,100,Buy,230430104
2024-08-09 09:19:28,21150.0,1000,Buy,230430589
2024-08-09 09:19:29,21100.0,2000,Sell,230430617
2024-08-09 09:19:33,21150.0,1000,Buy,230430729
2024-08-09 09:19:36,21150.0,900,Buy,230430777
2024-08-09 09:19:45,21100.0,100,Sell,230431009
2024-08-09 09:19:45,21100.0,100,Sell,230431008
2024-08-09 09:19:45,21100.0,300,Sell,230431010
2024-08-09 09:19:49,21100.0,700,Sell,230431058
2024-08-09 09:19:49,21100.0,100,Sell,230431059
2024-08-09 09:19:49,21100.0,1200,Sell,230431060
2024-08-09 09:19:50,21100.0,4500,Sell,230431102
2024-08-09 09:19:50,21100.0,300,Sell,230431101
2024-08-09 09:19:50,21100.0,1000,Sell,230431100
2024-08-09 09:19:50,21100.0,3000,Sell,230431098
2024-08-09 09:19:50,21100.0,300,Sell,230431097
2024-08-09 09:19:50,21100.0,10000,Sell,230431096
2024-08-09 09:19:50,21100.0,2200,Sell,230431095
2024-08-09 09:19:50,21100.0,700,Sell,230431094
2024-08-09 09:19:50,21100.0,5000,Sell,230431099
2024-08-09 09:19:50,21100.0,2400,Sell,230431092
2024-08-09 09:19:50,21100.0,200,Sell,230431091
2024-08-09 09:19:50,21100.0,300,Sell,230431090
2024-08-09 09:19:50,21100.0,100,Sell,230431089
2024-08-09 09:19:50,21100.0,1000,Sell,230431088
2024-08-09 09:19:50,21100.0,100,Sell,230431087
2024-08-09 09:19:50,21100.0,8800,Sell,230431086
2024-08-09 09:19:50,21100.0,100,Sell,230431093
2024-08-09 09:19:50,21150.0,400,Buy,230431074
2024-08-09 09:19:52,21100.0,100,Sell,230431162
2024-08-09 09:19:52,21100.0,3000,Sell,230431163
2024-08-09 09:19:52,21100.0,500,Sell,230431164
2024-08-09 09:19:52,21100.0,500,Sell,230431165
2024-08-09 09:19:52,21100.0,500,Sell,230431166
2024-08-09 09:19:52,21100.0,1000,Sell,230431170
2024-08-09 09:19:52,21100.0,100,Sell,230431168
2024-08-09 09:19:52,21100.0,100,Sell,230431169
2024-08-09 09:19:52,21100.0,3300,Sell,230431171
2024-08-09 09:19:52,21100.0,3500,Buy,230431179
2024-08-09 09:19:52,21100.0,100,Sell,230431161
2024-08-09 09:19:52,21100.0,1500,Sell,230431167
2024-08-09 09:19:52,21100.0,300,Sell,230431160
2024-08-09 09:19:52,21100.0,5000,Sell,230431148
2024-08-09 09:19:52,21100.0,200,Sell,230431156
2024-08-09 09:19:52,21100.0,100,Sell,230431155
2024-08-09 09:19:52,21100.0,400,Sell,230431154
2024-08-09 09:19:52,21100.0,1300,Sell,230431153
2024-08-09 09:19:52,21100.0,100,Sell,230431152
2024-08-09 09:19:52,21100.0,1500,Sell,230431151
2024-08-09 09:19:52,21100.0,500,Sell,230431150
2024-08-09 09:19:52,21100.0,200,Sell,230431149
2024-08-09 09:19:52,21100.0,100,Sell,230431146
2024-08-09 09:19:52,21100.0,10300,Sell,230431145
2024-08-09 09:19:52,21100.0,200,Sell,230431139
2024-08-09 09:19:52,21100.0,800,Sell,230431159
2024-08-09 09:19:52,21100.0,300,Sell,230431147
2024-08-09 09:19:55,21150.0,100,Buy,230431230
2024-08-09 09:19:59,21100.0,200,Buy,230431313
2024-08-09 09:20:00,21100.0,2000,Buy,230431360
2024-08-09 09:20:10,21100.0,100,Buy,230431598
2024-08-09 09:20:10,21100.0,100,Buy,230431583
2024-08-09 09:20:12,21100.0,100,Buy,230431630
2024-08-09 09:20:14,21050.0,100,Sell,230431672
2024-08-09 09:20:15,21100.0,2500,Buy,230431698
2024-08-09 09:20:15,21100.0,2500,Buy,230431699
2024-08-09 09:20:16,21100.0,100,Buy,230431717
2024-08-09 09:20:18,21100.0,4200,Buy,230431785
2024-08-09 09:20:18,21100.0,5000,Buy,230431786
2024-08-09 09:20:18,21100.0,400,Buy,230431787
2024-08-09 09:20:21,21050.0,500,Sell,230431864
2024-08-09 09:20:23,21100.0,100,Buy,230431896
2024-08-09 09:20:23,21100.0,200,Buy,230431897
2024-08-09 09:20:23,21100.0,900,Buy,230431898
2024-08-09 09:20:23,21100.0,500,Buy,230431899
2024-08-09 09:20:23,21100.0,800,Buy,230431900
2024-08-09 09:20:24,21100.0,2000,Buy,230431931
2024-08-09 09:20:26,21100.0,500,Buy,230431963
2024-08-09 09:20:32,21100.0,5000,Buy,230432078
2024-08-09 09:20:34,21100.0,1000,Buy,230432117
2024-08-09 09:20:36,21100.0,100,Buy,230432163
2024-08-09 09:20:37,21100.0,600,Buy,230432179
2024-08-09 09:20:37,21100.0,1200,Buy,230432180
2024-08-09 09:20:37,21100.0,100,Buy,230432181
2024-08-09 09:20:38,21100.0,100,Sell,230432214
2024-08-09 09:20:39,21100.0,100,Buy,230432246
2024-08-09 09:20:48,21050.0,5000,Sell,230432442
2024-08-09 09:20:52,21050.0,800,Sell,230432502
2024-08-09 09:20:56,21100.0,1000,Buy,230432582
2024-08-09 09:20:59,21100.0,100,Buy,230432645
2024-08-09 09:21:15,21100.0,100,Buy,230433053
2024-08-09 09:21:15,21100.0,200,Buy,230433052
2024-08-09 09:21:15,21100.0,700,Buy,230433051
2024-08-09 09:21:16,21100.0,100,Buy,230433073
2024-08-09 09:21:20,21100.0,400,Buy,230433163
2024-08-09 09:21:20,21100.0,500,Buy,230433164
2024-08-09 09:21:20,21100.0,500,Buy,230433165
2024-08-09 09:21:20,21100.0,10000,Buy,230433166
2024-08-09 09:21:20,21100.0,200,Buy,230433167
2024-08-09 09:21:20,21100.0,9300,Buy,230433168
2024-08-09 09:21:20,21100.0,200,Buy,230433186
2024-08-09 09:21:20,21100.0,100,Buy,230433162
2024-08-09 09:21:23,21100.0,200,Buy,230433245
2024-08-09 09:21:27,21100.0,1500,Buy,230433323
2024-08-09 09:21:27,21100.0,300,Buy,230433321
2024-08-09 09:21:27,21100.0,200,Buy,230433322
2024-08-09 09:21:36,21050.0,600,Sell,230433543
2024-08-09 09:21:36,21050.0,1000,Sell,230433544
2024-08-09 09:21:36,21050.0,500,Sell,230433545
2024-08-09 09:21:36,21050.0,100,Sell,230433546
2024-08-09 09:21:36,21050.0,11800,Sell,230433547
2024-08-09 09:21:36,21050.0,9700,Sell,230433542
2024-08-09 09:21:45,21100.0,500,Buy,230433882
2024-08-09 09:21:48,21100.0,400,Buy,230433934
2024-08-09 09:21:52,21050.0,100,Sell,230434031
2024-08-09 09:21:59,21050.0,900,Sell,230434183
2024-08-09 09:22:01,21050.0,100,Sell,230434224
2024-08-09 09:22:02,21050.0,100,Sell,230434244
2024-08-09 09:22:06,21100.0,100,Buy,230434317
2024-08-09 09:22:07,21100.0,500,Buy,230434338
2024-08-09 09:22:10,21100.0,9900,Buy,230434392
2024-08-09 09:22:14,21100.0,800,Buy,230434518
2024-08-09 09:22:14,21100.0,100,Buy,230434532
2024-08-09 09:22:14,21100.0,1000,Buy,230434531
2024-08-09 09:22:14,21100.0,500,Buy,230434530
2024-08-09 09:22:14,21100.0,100,Buy,230434529
2024-08-09 09:22:14,21100.0,100,Buy,230434528
2024-08-09 09:22:14,21100.0,200,Buy,230434527
2024-08-09 09:22:14,21100.0,700,Buy,230434526
2024-08-09 09:22:14,21100.0,2100,Buy,230434517
2024-08-09 09:22:14,21100.0,5000,Buy,230434524
2024-08-09 09:22:14,21100.0,100,Buy,230434519
2024-08-09 09:22:14,21100.0,400,Buy,230434520
2024-08-09 09:22:14,21100.0,1000,Buy,230434525
2024-08-09 09:22:14,21100.0,5000,Buy,230434522
2024-08-09 09:22:14,21100.0,100,Buy,230434523
2024-08-09 09:22:14,21100.0,300,Buy,230434521
2024-08-09 09:22:16,21100.0,10000,Sell,230434568
2024-08-09 09:22:17,21100.0,600,Sell,230434584
2024-08-09 09:22:18,21100.0,500,Sell,230434616
2024-08-09 09:22:25,21100.0,7900,Sell,230434757
2024-08-09 09:22:32,21100.0,800,Sell,230435004
2024-08-09 09:22:32,21100.0,100,Sell,230435009
2024-08-09 09:22:32,21100.0,600,Sell,230435026
2024-08-09 09:22:32,21100.0,1400,Sell,230435027
2024-08-09 09:22:34,21100.0,1000,Sell,230435060
2024-08-09 09:22:42,21150.0,2000,Buy,230435260
2024-08-09 09:22:47,21100.0,1000,Sell,230435415
2024-08-09 09:22:48,21150.0,900,Buy,230435419
2024-08-09 09:22:50,21100.0,100,Sell,230435459
2024-08-09 09:22:52,21150.0,100,Buy,230435487
2024-08-09 09:22:57,21100.0,4100,Sell,230435613
2024-08-09 09:22:57,21100.0,1900,Sell,230435624
2024-08-09 09:22:57,21100.0,500,Sell,230435623
2024-08-09 09:22:57,21100.0,500,Sell,230435622
2024-08-09 09:22:57,21100.0,500,Sell,230435621
2024-08-09 09:22:57,21100.0,100,Sell,230435620
2024-08-09 09:22:57,21100.0,3900,Sell,230435625
2024-08-09 09:22:57,21100.0,4000,Sell,230435618
2024-08-09 09:22:57,21100.0,1000,Sell,230435619
2024-08-09 09:22:57,21100.0,500,Sell,230435614
2024-08-09 09:22:57,21100.0,3000,Sell,230435615
2024-08-09 09:22:57,21100.0,2000,Sell,230435616
2024-08-09 09:22:57,21100.0,3000,Sell,230435617
2024-08-09 09:23:02,21150.0,1000,Buy,230435764
2024-08-09 09:23:05,21150.0,200,Buy,230435814
2024-08-09 09:23:09,21100.0,500,Sell,230435903
2024-08-09 09:23:10,21150.0,100,Buy,230435918
2024-08-09 09:23:13,21100.0,5600,Sell,230435979
2024-08-09 09:23:13,21100.0,3000,Sell,230435980
2024-08-09 09:23:13,21100.0,1000,Sell,230435981
2024-08-09 09:23:13,21100.0,100,Sell,230435982
2024-08-09 09:23:13,21100.0,1000,Sell,230435983
2024-08-09 09:23:13,21100.0,400,Sell,230435984
2024-08-09 09:23:13,21100.0,100,Sell,230435985
2024-08-09 09:23:13,21100.0,100,Sell,230435986
2024-08-09 09:23:27,21100.0,300,Buy,230436326
2024-08-09 09:23:27,21100.0,100,Buy,230436325
2024-08-09 09:23:30,21100.0,1000,Buy,230436431
2024-08-09 09:23:30,21100.0,2000,Buy,230436434
2024-08-09 09:23:35,21050.0,100,Sell,230436536
2024-08-09 09:23:38,21100.0,1000,Buy,230436614
2024-08-09 09:23:45,21100.0,100,Buy,230436808
2024-08-09 09:23:48,21100.0,1000,Buy,230436857
2024-08-09 09:24:08,21100.0,1000,Buy,230437297
2024-08-09 09:24:08,21050.0,800,Sell,230437302
2024-08-09 09:24:12,21100.0,200,Buy,230437396
2024-08-09 09:24:19,21100.0,400,Buy,230437582
2024-08-09 09:24:24,21100.0,100,Buy,230437739
2024-08-09 09:24:32,21100.0,100,Buy,230437864
2024-08-09 09:24:35,21100.0,1000,Buy,230437939
2024-08-09 09:24:45,21050.0,500,Sell,230438140
2024-08-09 09:24:45,21050.0,400,Sell,230438139
2024-08-09 09:24:45,21050.0,100,Sell,230438138
2024-08-09 09:24:45,21050.0,200,Sell,230438135
2024-08-09 09:24:45,21050.0,500,Sell,230438136
2024-08-09 09:24:45,21050.0,1100,Sell,230438133
2024-08-09 09:24:45,21050.0,1000,Sell,230438137
2024-08-09 09:24:45,21050.0,200,Sell,230438134
2024-08-09 09:24:50,21050.0,400,Sell,230438218
2024-08-09 09:24:50,21050.0,1100,Sell,230438219
2024-08-09 09:24:50,21050.0,300,Sell,230438220
2024-08-09 09:24:50,21050.0,100,Sell,230438221
2024-08-09 09:24:50,21050.0,100,Sell,230438222
2024-08-09 09:24:54,21100.0,200,Buy,230438326
2024-08-09 09:24:55,21100.0,300,Buy,230438407
2024-08-09 09:24:55,21100.0,200,Buy,230438406
2024-08-09 09:25:14,21100.0,100,Buy,230438834
2024-08-09 09:25:22,21050.0,1400,Sell,230439012
2024-08-09 09:25:22,21050.0,200,Sell,230439013
2024-08-09 09:25:22,21050.0,400,Sell,230439011
2024-08-09 09:25:24,21100.0,200,Buy,230439053
2024-08-09 09:25:44,21050.0,300,Sell,230439457
2024-08-09 09:25:44,21050.0,1000,Sell,230439458
2024-08-09 09:25:44,21050.0,300,Sell,230439459
2024-08-09 09:25:44,21050.0,3000,Sell,230439460
2024-08-09 09:25:44,21050.0,300,Sell,230439461
2024-08-09 09:25:44,21050.0,9700,Sell,230439462
2024-08-09 09:25:44,21050.0,100,Sell,230439463
2024-08-09 09:25:44,21050.0,100,Sell,230439464
2024-08-09 09:25:44,21050.0,500,Sell,230439465
2024-08-09 09:25:44,21050.0,400,Sell,230439466
2024-08-09 09:25:44,21050.0,1200,Sell,230439468
2024-08-09 09:25:44,21050.0,100,Sell,230439456
2024-08-09 09:25:44,21050.0,100,Sell,230439470
2024-08-09 09:25:44,21050.0,100,Sell,230439471
2024-08-09 09:25:44,21050.0,200,Sell,230439472
2024-08-09 09:25:44,21050.0,400,Sell,230439473
2024-08-09 09:25:44,21050.0,600,Sell,230439474
2024-08-09 09:25:44,21050.0,5500,Sell,230439475
2024-08-09 09:25:44,21050.0,200,Sell,230439479
2024-08-09 09:25:44,21050.0,200,Sell,230439480
2024-08-09 09:25:44,21050.0,300,Sell,230439467
2024-08-09 09:25:44,21050.0,200,Sell,230439469
2024-08-09 09:25:44,21050.0,500,Sell,230439455
2024-08-09 09:25:44,21050.0,500,Sell,230439453
2024-08-09 09:25:44,21050.0,800,Sell,230439433
2024-08-09 09:25:44,21050.0,5000,Sell,230439434
2024-08-09 09:25:44,21050.0,500,Sell,230439435
2024-08-09 09:25:44,21050.0,1500,Sell,230439436
2024-08-09 09:25:44,21050.0,2000,Sell,230439437
2024-08-09 09:25:44,21050.0,500,Sell,230439438
2024-08-09 09:25:44,21050.0,100,Sell,230439439
2024-08-09 09:25:44,21050.0,1000,Sell,230439440
2024-08-09 09:25:44,21050.0,100,Sell,230439441
2024-08-09 09:25:44,21050.0,1000,Sell,230439442
2024-08-09 09:25:44,21050.0,100,Sell,230439454
2024-08-09 09:25:44,21050.0,200,Sell,230439444
2024-08-09 09:25:44,21050.0,300,Sell,230439445
2024-08-09 09:25:44,21050.0,5000,Sell,230439446
2024-08-09 09:25:44,21050.0,2600,Sell,230439447
2024-08-09 09:25:44,21050.0,100,Sell,230439448
2024-08-09 09:25:44,21050.0,2000,Sell,230439449
2024-08-09 09:25:44,21050.0,100,Sell,230439450
2024-08-09 09:25:44,21050.0,100,Sell,230439451
2024-08-09 09:25:44,21050.0,1000,Sell,230439452
2024-08-09 09:25:44,21050.0,200,Sell,230439443
2024-08-09 09:25:45,21050.0,1300,Sell,230439519
2024-08-09 09:25:45,21050.0,200,Buy,230439526
2024-08-09 09:25:46,21050.0,300,Buy,230439544
2024-08-09 09:25:49,21050.0,2200,Buy,230439573
2024-08-09 09:25:50,21050.0,100,Sell,230439586
2024-08-09 09:25:54,21050.0,900,Buy,230439666
2024-08-09 09:25:54,21050.0,100,Buy,230439667
2024-08-09 09:25:58,21100.0,600,Buy,230439765
2024-08-09 09:25:58,21100.0,200,Buy,230439764
2024-08-09 09:25:58,21100.0,500,Buy,230439762
2024-08-09 09:25:58,21100.0,1900,Buy,230439763
2024-08-09 09:25:58,21100.0,4400,Buy,230439760
2024-08-09 09:25:58,21100.0,500,Buy,230439761
2024-08-09 09:25:58,21000.0,500,Sell,230439745
2024-08-09 09:25:58,21050.0,100,Buy,230439759
2024-08-09 09:25:58,21050.0,800,Buy,230439758
2024-08-09 09:26:03,21050.0,100,Buy,230439949
2024-08-09 09:26:13,21050.0,100,Buy,230440220
2024-08-09 09:26:13,21050.0,900,Buy,230440221
2024-08-09 09:26:13,21050.0,100,Buy,230440230
2024-08-09 09:26:23,21050.0,200,Buy,230440386
2024-08-09 09:26:29,21000.0,10000,Sell,230440533
2024-08-09 09:26:31,21050.0,200,Buy,230440617
2024-08-09 09:26:38,21050.0,100,Buy,230440800
2024-08-09 09:26:40,21050.0,1300,Buy,230440854
2024-08-09 09:26:40,21050.0,200,Buy,230440853
2024-08-09 09:26:40,21050.0,500,Buy,230440852
2024-08-09 09:26:40,21050.0,2400,Buy,230440836
2024-08-09 09:26:40,21050.0,1900,Buy,230440831
2024-08-09 09:26:40,21050.0,900,Buy,230440834
2024-08-09 09:26:40,21050.0,100,Buy,230440833
2024-08-09 09:26:40,21050.0,200,Buy,230440832
2024-08-09 09:26:40,21050.0,500,Buy,230440830
2024-08-09 09:26:40,21050.0,4000,Buy,230440835
2024-08-09 09:26:44,21050.0,500,Buy,230440937
2024-08-09 09:26:46,21050.0,100,Buy,230440992
2024-08-09 09:26:50,21050.0,1700,Buy,230441118
2024-08-09 09:26:50,21050.0,400,Buy,230441119
2024-08-09 09:26:50,21050.0,200,Buy,230441120
2024-08-09 09:26:50,21000.0,1000,Sell,230441112
2024-08-09 09:26:57,21050.0,100,Sell,230441296
2024-08-09 09:27:00,21050.0,800,Sell,230441373
2024-08-09 09:27:01,21050.0,200,Sell,230441395
2024-08-09 09:27:04,21050.0,500,Sell,230441454
2024-08-09 09:27:22,21050.0,900,Sell,230441839
2024-08-09 09:27:22,21050.0,100,Sell,230441840
2024-08-09 09:27:34,21050.0,800,Sell,230442085
2024-08-09 09:27:35,21100.0,200,Buy,230442102
2024-08-09 09:27:35,21100.0,500,Buy,230442103
2024-08-09 09:27:35,21100.0,100,Buy,230442104
2024-08-09 09:27:52,21050.0,1000,Sell,230442388
2024-08-09 09:27:52,21100.0,100,Buy,230442384
2024-08-09 09:28:00,21100.0,500,Buy,230442556
2024-08-09 09:28:01,21050.0,100,Sell,230442580
2024-08-09 09:28:07,21050.0,900,Sell,230442686
2024-08-09 09:28:07,21100.0,1000,Buy,230442693
2024-08-09 09:28:22,21100.0,1000,Buy,230442988
2024-08-09 09:28:24,21050.0,1000,Sell,230443031
2024-08-09 09:28:41,21050.0,800,Sell,230443368
2024-08-09 09:28:46,21050.0,500,Sell,230443487
2024-08-09 09:28:57,21050.0,900,Sell,230443686
2024-08-09 09:28:57,21050.0,200,Sell,230443702
2024-08-09 09:28:59,21050.0,1900,Sell,230443737
2024-08-09 09:29:04,21050.0,5000,Sell,230443838
2024-08-09 09:29:06,21050.0,47900,Sell,230443856
2024-08-09 09:29:06,21050.0,32000,Sell,230443853
2024-08-09 09:29:06,21050.0,50000,Sell,230443854
2024-08-09 09:29:06,21050.0,100,Sell,230443855
2024-08-09 09:29:07,21100.0,500,Buy,230443901
2024-08-09 09:29:14,21050.0,100,Sell,230444066
2024-08-09 09:29:27,21050.0,900,Sell,230444374
2024-08-09 09:29:32,21050.0,2100,Sell,230444504
2024-08-09 09:29:32,21050.0,100,Sell,230444505
2024-08-09 09:29:32,21050.0,2800,Sell,230444506
2024-08-09 09:29:39,21050.0,500,Sell,230444841
2024-08-09 09:29:48,21050.0,600,Sell,230445055
2024-08-09 09:29:48,21050.0,100,Sell,230445056
2024-08-09 09:29:48,21050.0,100,Sell,230445057
2024-08-09 09:29:54,21050.0,200,Sell,230445170
2024-08-09 09:29:56,21100.0,100,Buy,230445220
2024-08-09 09:29:59,21050.0,100,Sell,230445277
2024-08-09 09:29:59,21050.0,900,Sell,230445276
2024-08-09 09:30:03,21050.0,100,Sell,230445368
2024-08-09 09:30:03,21050.0,200,Sell,230445369
2024-08-09 09:30:03,21050.0,100,Sell,230445370
2024-08-09 09:30:03,21050.0,1000,Sell,230445371
2024-08-09 09:30:03,21050.0,600,Sell,230445372
2024-08-09 09:30:09,21050.0,5400,Sell,230445572
2024-08-09 09:30:09,21050.0,200,Sell,230445571
2024-08-09 09:30:09,21050.0,200,Sell,230445569
2024-08-09 09:30:09,21050.0,1300,Sell,230445568
2024-08-09 09:30:09,21050.0,100,Sell,230445570
2024-08-09 09:30:09,21050.0,200,Sell,230445566
2024-08-09 09:30:09,21050.0,400,Sell,230445562
2024-08-09 09:30:09,21050.0,100,Sell,230445563
2024-08-09 09:30:09,21050.0,500,Sell,230445567
2024-08-09 09:30:09,21050.0,500,Sell,230445565
2024-08-09 09:30:09,21050.0,100,Sell,230445564
2024-08-09 09:30:11,21050.0,1000,Sell,230445587
2024-08-09 09:30:11,21050.0,300,Sell,230445596
2024-08-09 09:30:11,21050.0,300,Sell,230445595
2024-08-09 09:30:11,21050.0,200,Sell,230445594
2024-08-09 09:30:11,21050.0,100,Sell,230445593
2024-08-09 09:30:11,21050.0,600,Sell,230445586
2024-08-09 09:30:11,21050.0,1000,Sell,230445591
2024-08-09 09:30:11,21050.0,200,Sell,230445588
2024-08-09 09:30:11,21050.0,500,Sell,230445592
2024-08-09 09:30:11,21050.0,100,Sell,230445590
2024-08-09 09:30:11,21050.0,2000,Sell,230445589
2024-08-09 09:30:26,21050.0,1000,Buy,230445891
2024-08-09 09:30:27,21050.0,1000,Buy,230445898
2024-08-09 09:30:32,21050.0,300,Buy,230446034
2024-08-09 09:30:32,21050.0,1700,Buy,230446035
2024-08-09 09:30:32,21000.0,1000,Sell,230446003
2024-08-09 09:30:32,21050.0,100,Buy,230446033
2024-08-09 09:30:51,21050.0,900,Buy,230446401
2024-08-09 09:30:51,21050.0,400,Buy,230446402
2024-08-09 09:30:58,21050.0,1000,Buy,230446529
2024-08-09 09:31:03,21050.0,100,Buy,230446628
2024-08-09 09:31:03,21000.0,1000,Sell,230446639
2024-08-09 09:31:08,21050.0,500,Buy,230446721
2024-08-09 09:31:08,21050.0,500,Buy,230446722
2024-08-09 09:31:11,21050.0,100,Buy,230446766
2024-08-09 09:31:16,21050.0,100,Buy,230446861
2024-08-09 09:31:25,21050.0,300,Buy,230447025
2024-08-09 09:31:25,21050.0,100,Buy,230447023
2024-08-09 09:31:25,21050.0,400,Buy,230447024
2024-08-09 09:31:30,21050.0,500,Buy,230447135
2024-08-09 09:31:30,21050.0,300,Buy,230447133
2024-08-09 09:31:30,21050.0,200,Buy,230447134
2024-08-09 09:31:33,21000.0,500,Sell,230447177
2024-08-09 09:31:35,21000.0,1000,Sell,230447250
2024-08-09 09:31:45,21000.0,1900,Sell,230447447
2024-08-09 09:31:48,21050.0,2000,Buy,230447517
2024-08-09 09:31:56,21000.0,500,Sell,230447665
2024-08-09 09:31:59,21050.0,100,Buy,230447714
2024-08-09 09:32:01,21050.0,2000,Buy,230447756
2024-08-09 09:32:08,21000.0,1000,Sell,230447914
2024-08-09 09:32:22,21000.0,500,Sell,230448179
2024-08-09 09:32:24,21000.0,100,Sell,230448204
2024-08-09 09:32:29,21000.0,100,Sell,230448314
2024-08-09 09:32:30,21050.0,400,Buy,230448317
2024-08-09 09:32:30,21050.0,200,Buy,230448318
2024-08-09 09:32:31,21000.0,1000,Sell,230448345
2024-08-09 09:32:36,21000.0,800,Sell,230448398
2024-08-09 09:32:40,21000.0,900,Sell,230448469
2024-08-09 09:32:58,21000.0,400,Sell,230448811
2024-08-09 09:33:09,21000.0,800,Sell,230448979
2024-08-09 09:33:10,21000.0,1000,Sell,230449019
2024-08-09 09:33:33,21050.0,100,Buy,230449459
2024-08-09 09:33:34,21050.0,500,Buy,230449473
2024-08-09 09:33:43,21000.0,1000,Sell,230449645
2024-08-09 09:34:02,21050.0,200,Buy,230449991
2024-08-09 09:34:15,21000.0,1000,Sell,230450211
2024-08-09 09:34:16,21000.0,800,Sell,230450218
2024-08-09 09:34:21,21000.0,500,Sell,230450300
2024-08-09 09:34:23,21000.0,700,Sell,230450351
2024-08-09 09:34:23,21000.0,2700,Sell,230450350
2024-08-09 09:34:32,21000.0,100,Sell,230450510
2024-08-09 09:34:32,21000.0,500,Sell,230450511
2024-08-09 09:34:32,21000.0,500,Sell,230450512
2024-08-09 09:34:32,21000.0,500,Sell,230450513
2024-08-09 09:34:32,21000.0,300,Sell,230450509
2024-08-09 09:34:45,21050.0,500,Buy,230450750
2024-08-09 09:34:45,21050.0,900,Buy,230450751
2024-08-09 09:34:45,21050.0,500,Buy,230450752
2024-08-09 09:34:45,21050.0,500,Buy,230450753
2024-08-09 09:34:45,21050.0,1500,Buy,230450754
2024-08-09 09:34:45,21050.0,1100,Buy,230450755
2024-08-09 09:34:48,21000.0,400,Sell,230450822
2024-08-09 09:34:48,21000.0,500,Sell,230450821
2024-08-09 09:34:50,21000.0,900,Sell,230450852
2024-08-09 09:34:57,21050.0,500,Buy,230450970
2024-08-09 09:35:13,21050.0,100,Buy,230451213
2024-08-09 09:35:19,21000.0,900,Sell,230451343
2024-08-09 09:35:21,21050.0,1300,Buy,230451387
2024-08-09 09:35:29,21050.0,200,Buy,230451553
2024-08-09 09:35:33,21050.0,200,Buy,230451621
2024-08-09 09:35:42,21050.0,1000,Buy,230451788
2024-08-09 09:35:48,21050.0,1100,Buy,230451907
2024-08-09 09:35:49,21000.0,1000,Sell,230451930
2024-08-09 09:35:54,21050.0,200,Buy,230452012
2024-08-09 09:35:58,21050.0,900,Buy,230452075
2024-08-09 09:36:02,21050.0,2000,Buy,230452131
2024-08-09 09:36:06,21050.0,1100,Buy,230452201
2024-08-09 09:36:06,21050.0,2400,Buy,230452199
2024-08-09 09:36:06,21050.0,1500,Buy,230452200
2024-08-09 09:36:08,21050.0,1000,Buy,230452248
2024-08-09 09:36:10,21000.0,400,Sell,230452270
2024-08-09 09:36:12,21000.0,200,Sell,230452294
2024-08-09 09:36:17,21000.0,100,Sell,230452360
2024-08-09 09:36:22,21000.0,900,Sell,230452461
2024-08-09 09:36:30,21000.0,200,Sell,230452653
2024-08-09 09:36:30,21000.0,100,Sell,230452654
2024-08-09 09:36:30,21000.0,600,Sell,230452655
2024-08-09 09:36:38,21000.0,300,Sell,230452841
2024-08-09 09:36:48,21050.0,2000,Buy,230453010
2024-08-09 09:36:52,21000.0,900,Sell,230453071
2024-08-09 09:36:55,21000.0,100,Sell,230453121
2024-08-09 09:37:04,21000.0,800,Sell,230453264
2024-08-09 09:37:09,21000.0,500,Sell,230453326
2024-08-09 09:37:09,21000.0,100,Sell,230453330
2024-08-09 09:37:19,21000.0,1700,Sell,230453502
2024-08-09 09:37:19,21000.0,100,Sell,230453503
2024-08-09 09:37:21,21000.0,200,Sell,230453540
2024-08-09 09:37:22,21000.0,1000,Sell,230453558
2024-08-09 09:37:37,21000.0,800,Sell,230453818
2024-08-09 09:37:44,21050.0,800,Buy,230453949
2024-08-09 09:37:55,21000.0,1000,Sell,230454191
2024-08-09 09:38:01,21050.0,100,Buy,230454312
2024-08-09 09:38:02,21050.0,100,Buy,230454366
2024-08-09 09:38:06,21050.0,100,Buy,230454458
2024-08-09 09:38:10,21050.0,1000,Buy,230454510
2024-08-09 09:38:26,21050.0,8800,Buy,230454817
2024-08-09 09:38:26,21050.0,100,Buy,230454818
2024-08-09 09:38:26,21050.0,1100,Buy,230454819
2024-08-09 09:38:26,21000.0,400,Sell,230454825
2024-08-09 09:38:26,21000.0,600,Sell,230454826
2024-08-09 09:38:28,21050.0,900,Buy,230454852
2024-08-09 09:38:52,21050.0,100,Buy,230455275
2024-08-09 09:38:54,21050.0,500,Buy,230455297
2024-08-09 09:38:58,21000.0,1000,Sell,230455340
2024-08-09 09:39:10,21050.0,2800,Buy,230455593
2024-08-09 09:39:10,21050.0,400,Buy,230455591
2024-08-09 09:39:10,21050.0,800,Buy,230455592
2024-08-09 09:39:30,21000.0,600,Sell,230455875
2024-08-09 09:39:30,21000.0,400,Sell,230455874
2024-08-09 09:39:39,21000.0,200,Sell,230456017
2024-08-09 09:39:48,21000.0,200,Sell,230456115
2024-08-09 09:39:51,21000.0,800,Sell,230456174
2024-08-09 09:39:56,21000.0,500,Sell,230456220
2024-08-09 09:40:01,21050.0,500,Buy,230456326
2024-08-09 09:40:02,21000.0,1000,Sell,230456360
2024-08-09 09:40:06,21000.0,1700,Sell,230456440
2024-08-09 09:40:06,21000.0,200,Sell,230456441
2024-08-09 09:40:12,21000.0,500,Sell,230456548
2024-08-09 09:40:15,21050.0,100,Buy,230456613
2024-08-09 09:40:15,21050.0,600,Buy,230456614
2024-08-09 09:40:15,21050.0,100,Buy,230456612
2024-08-09 09:40:15,21050.0,1700,Buy,230456610
2024-08-09 09:40:15,21050.0,1500,Buy,230456611
2024-08-09 09:40:19,21050.0,400,Buy,230456648
2024-08-09 09:40:19,21050.0,900,Buy,230456649
2024-08-09 09:40:19,21050.0,100,Buy,230456650
2024-08-09 09:40:19,21050.0,300,Buy,230456651
2024-08-09 09:40:19,21050.0,1000,Buy,230456652
2024-08-09 09:40:19,21050.0,100,Buy,230456653
2024-08-09 09:40:19,21050.0,100,Buy,230456654
2024-08-09 09:40:19,21050.0,200,Buy,230456655
2024-08-09 09:40:25,21050.0,1000,Buy,230456775
2024-08-09 09:40:25,21050.0,200,Buy,230456800
2024-08-09 09:40:27,21000.0,1000,Sell,230456895
2024-08-09 09:40:34,21000.0,900,Sell,230457019
2024-08-09 09:40:37,21050.0,500,Buy,230457075
2024-08-09 09:40:37,21050.0,1000,Buy,230457077
2024-08-09 09:40:41,21050.0,2100,Buy,230457121
2024-08-09 09:40:41,21050.0,300,Buy,230457122
2024-08-09 09:40:41,21050.0,200,Buy,230457123
2024-08-09 09:40:41,21050.0,1000,Buy,230457124
2024-08-09 09:40:41,21050.0,1000,Buy,230457125
2024-08-09 09:40:41,21050.0,400,Buy,230457126
2024-08-09 09:40:41,21000.0,100,Sell,230457127
2024-08-09 09:40:43,21050.0,400,Buy,230457149
2024-08-09 09:40:43,21050.0,100,Buy,230457150
2024-08-09 09:40:47,21050.0,3100,Buy,230457212
2024-08-09 09:40:47,21050.0,200,Buy,230457210
2024-08-09 09:40:47,21050.0,200,Buy,230457211
2024-08-09 09:40:47,21050.0,500,Buy,230457208
2024-08-09 09:40:47,21050.0,100,Buy,230457207
2024-08-09 09:40:47,21050.0,900,Buy,230457209
2024-08-09 09:40:50,21050.0,200,Buy,230457262
2024-08-09 09:40:51,21050.0,1000,Buy,230457276
2024-08-09 09:41:00,21050.0,800,Buy,230457422
2024-08-09 09:41:01,21050.0,100,Buy,230457432
2024-08-09 09:41:04,21000.0,1000,Sell,230457467
2024-08-09 09:41:05,21050.0,200,Buy,230457470
2024-08-09 09:41:07,21050.0,400,Buy,230457510
2024-08-09 09:41:07,21050.0,900,Buy,230457511
2024-08-09 09:41:07,21050.0,100,Buy,230457512
2024-08-09 09:41:07,21050.0,200,Buy,230457513
2024-08-09 09:41:07,21050.0,800,Buy,230457518
2024-08-09 09:41:07,21050.0,900,Buy,230457515
2024-08-09 09:41:07,21050.0,5000,Buy,230457516
2024-08-09 09:41:07,21050.0,3300,Buy,230457509
2024-08-09 09:41:07,21050.0,3000,Buy,230457519
2024-08-09 09:41:07,21050.0,800,Buy,230457514
2024-08-09 09:41:07,21050.0,500,Buy,230457508
2024-08-09 09:41:07,21050.0,100,Buy,230457517
2024-08-09 09:41:07,21050.0,45200,Buy,230457506
2024-08-09 09:41:07,21050.0,9600,Buy,230457496
2024-08-09 09:41:07,21050.0,200,Buy,230457507
2024-08-09 09:41:07,21050.0,5000,Buy,230457498
2024-08-09 09:41:07,21050.0,7000,Buy,230457499
2024-08-09 09:41:07,21050.0,200,Buy,230457500
2024-08-09 09:41:07,21050.0,1000,Buy,230457497
2024-08-09 09:41:07,21050.0,500,Buy,230457502
2024-08-09 09:41:07,21050.0,300,Buy,230457503
2024-08-09 09:41:07,21050.0,9000,Buy,230457504
2024-08-09 09:41:07,21050.0,800,Buy,230457505
2024-08-09 09:41:07,21050.0,800,Buy,230457501
2024-08-09 09:41:08,21050.0,900,Buy,230457520
2024-08-09 09:41:08,21050.0,3500,Buy,230457521
2024-08-09 09:41:09,21050.0,100,Buy,230457536
2024-08-09 09:41:09,21050.0,100,Buy,230457548
2024-08-09 09:41:10,21050.0,1300,Buy,230457565
2024-08-09 09:41:10,21050.0,200,Sell,230457566
2024-08-09 09:41:13,21050.0,200,Buy,230457603
2024-08-09 09:41:25,21050.0,1000,Sell,230457734
2024-08-09 09:41:25,21100.0,1700,Buy,230457730
2024-08-09 09:41:25,21100.0,1300,Buy,230457731
2024-08-09 09:41:29,21100.0,1000,Buy,230457802
2024-08-09 09:41:36,21050.0,1000,Sell,230457951
2024-08-09 09:41:59,21050.0,200,Sell,230458348
2024-08-09 09:42:05,21050.0,600,Sell,230458452
2024-08-09 09:42:05,21050.0,300,Sell,230458453
2024-08-09 09:42:06,21050.0,200,Sell,230458478
2024-08-09 09:42:08,21050.0,100,Sell,230458514
2024-08-09 09:42:08,21050.0,800,Sell,230458515
2024-08-09 09:42:20,21100.0,200,Buy,230458641
2024-08-09 09:42:30,21100.0,100,Buy,230458807
2024-08-09 09:42:39,21050.0,1000,Sell,230458984
2024-08-09 09:42:42,21050.0,300,Sell,230459068
2024-08-09 09:42:44,21050.0,500,Sell,230459093
2024-08-09 09:42:52,21050.0,1900,Sell,230459224
2024-08-09 09:42:53,21100.0,5000,Buy,230459229
2024-08-09 09:43:05,21100.0,200,Buy,230459462
2024-08-09 09:43:07,21100.0,700,Buy,230459500
2024-08-09 09:43:12,21050.0,400,Sell,230459577
2024-08-09 09:43:12,21050.0,500,Sell,230459576
2024-08-09 09:43:13,21100.0,100,Buy,230459585
2024-08-09 09:43:16,21050.0,500,Sell,230459625
2024-08-09 09:43:30,21100.0,200,Buy,230459837
2024-08-09 09:43:39,21100.0,200,Buy,230459984
2024-08-09 09:43:43,21050.0,600,Sell,230460086
2024-08-09 09:43:43,21050.0,300,Sell,230460087
2024-08-09 09:43:43,21100.0,100,Buy,230460092
2024-08-09 09:43:56,21100.0,700,Buy,230460257
2024-08-09 09:44:01,21100.0,2000,Buy,230460346
2024-08-09 09:44:04,21100.0,300,Buy,230460407
2024-08-09 09:44:11,21100.0,2000,Buy,230460524
2024-08-09 09:44:12,21100.0,300,Buy,230460531
2024-08-09 09:44:14,21050.0,200,Sell,230460549
2024-08-09 09:44:14,21050.0,800,Sell,230460550
2024-08-09 09:44:19,21050.0,800,Sell,230460635
2024-08-09 09:44:20,21100.0,100,Buy,230460673
2024-08-09 09:44:47,21050.0,400,Sell,230461103
2024-08-09 09:44:47,21050.0,200,Sell,230461104
2024-08-09 09:44:47,21050.0,400,Sell,230461105
2024-08-09 09:44:47,21100.0,100,Buy,230461109
2024-08-09 09:44:53,21100.0,100,Buy,230461194
2024-08-09 09:45:19,21050.0,100,Sell,230461591
2024-08-09 09:45:19,21050.0,900,Sell,230461592
2024-08-09 09:45:20,21100.0,5000,Buy,230461604
2024-08-09 09:45:21,21100.0,200,Buy,230461615
2024-08-09 09:45:23,21100.0,23700,Buy,230461645
2024-08-09 09:45:26,21100.0,2000,Buy,230461700
2024-08-09 09:45:29,21100.0,100,Buy,230461743
2024-08-09 09:45:32,21050.0,500,Sell,230461815
2024-08-09 09:45:40,21050.0,1900,Sell,230461996
2024-08-09 09:45:52,21050.0,700,Sell,230462198
2024-08-09 09:45:52,21050.0,300,Sell,230462199
2024-08-09 09:46:00,21050.0,800,Sell,230462347
2024-08-09 09:46:24,21050.0,1000,Sell,230462760
2024-08-09 09:46:34,21050.0,900,Sell,230462935
2024-08-09 09:46:35,21050.0,600,Sell,230462951
2024-08-09 09:46:35,21050.0,1000,Sell,230462952
2024-08-09 09:46:35,21050.0,2000,Sell,230462953
2024-08-09 09:46:35,21050.0,4000,Sell,230462954
2024-08-09 09:46:35,21050.0,2200,Sell,230462955
2024-08-09 09:46:35,21050.0,200,Sell,230462956
2024-08-09 09:46:57,21050.0,300,Sell,230463373
2024-08-09 09:46:57,21050.0,100,Sell,230463374
2024-08-09 09:46:57,21050.0,600,Sell,230463375
2024-08-09 09:47:07,21050.0,800,Sell,230463547
2024-08-09 09:47:28,21050.0,1000,Sell,230464015
2024-08-09 09:47:37,21050.0,200,Sell,230464200
2024-08-09 09:47:41,21050.0,800,Sell,230464285
2024-08-09 09:47:49,21050.0,1300,Sell,230464488
2024-08-09 09:47:56,21050.0,2000,Sell,230464601
2024-08-09 09:47:58,21100.0,100,Buy,230464649
2024-08-09 09:48:00,21050.0,900,Sell,230464674
2024-08-09 09:48:02,21050.0,600,Sell,230464709
2024-08-09 09:48:13,21100.0,1000,Buy,230464923
2024-08-09 09:48:20,21050.0,500,Sell,230465074
2024-08-09 09:48:25,21050.0,1900,Sell,230465184
2024-08-09 09:48:31,21050.0,1000,Sell,230465311
2024-08-09 09:48:39,21100.0,400,Buy,230465438
2024-08-09 09:48:49,21050.0,200,Sell,230465623
2024-08-09 09:48:58,21100.0,100,Buy,230465806
2024-08-09 09:48:59,21100.0,200,Buy,230465812
2024-08-09 09:49:02,21050.0,900,Sell,230465884
2024-08-09 09:49:11,21050.0,100,Sell,230466167
2024-08-09 09:49:17,21050.0,100,Sell,230466294
2024-08-09 09:49:21,21050.0,900,Sell,230466343
2024-08-09 09:49:23,21050.0,200,Sell,230466390
2024-08-09 09:49:24,21050.0,500,Sell,230466395
2024-08-09 09:49:29,21050.0,500,Sell,230466496
2024-08-09 09:49:33,21050.0,900,Sell,230466592
2024-08-09 09:49:35,21100.0,200,Buy,230466628
2024-08-09 09:49:42,21050.0,100,Sell,230466749
2024-08-09 09:49:44,21100.0,2000,Buy,230466783
2024-08-09 09:49:47,21100.0,300,Buy,230466854
2024-08-09 09:50:01,21050.0,8500,Sell,230467142
2024-08-09 09:50:02,21100.0,100,Buy,230467183
2024-08-09 09:50:03,21050.0,500,Sell,230467221
2024-08-09 09:50:03,21050.0,500,Sell,230467220
2024-08-09 09:50:21,21050.0,200,Sell,230467575
2024-08-09 09:50:27,21050.0,800,Sell,230467768
2024-08-09 09:50:28,21050.0,100,Sell,230467779
2024-08-09 09:50:28,21050.0,900,Sell,230467781
2024-08-09 09:50:31,21050.0,1000,Sell,230467869
2024-08-09 09:50:36,21050.0,900,Sell,230467975
2024-08-09 09:50:43,21050.0,900,Sell,230468152
2024-08-09 09:50:51,21050.0,2400,Sell,230468335
2024-08-09 09:50:51,21050.0,500,Sell,230468336
2024-08-09 09:50:51,21050.0,100,Sell,230468337
2024-08-09 09:51:00,21050.0,500,Sell,230468627
2024-08-09 09:51:02,21050.0,900,Sell,230468669
2024-08-09 09:51:06,21050.0,500,Sell,230468782
2024-08-09 09:51:06,21050.0,100,Sell,230468783
2024-08-09 09:51:06,21050.0,900,Sell,230468781
2024-08-09 09:51:11,21050.0,100,Sell,230468904
2024-08-09 09:51:13,21050.0,300,Sell,230468936
2024-08-09 09:51:13,21050.0,1000,Sell,230468937
2024-08-09 09:51:13,21050.0,300,Sell,230468938
2024-08-09 09:51:13,21050.0,300,Sell,230468939
2024-08-09 09:51:18,21050.0,700,Sell,230469034
2024-08-09 09:51:18,21050.0,9300,Sell,230469035
2024-08-09 09:51:30,21050.0,700,Sell,230469345
2024-08-09 09:51:30,21050.0,100,Sell,230469346
2024-08-09 09:51:35,21050.0,300,Sell,230469473
2024-08-09 09:51:35,21050.0,500,Sell,230469474
2024-08-09 09:51:37,21050.0,1000,Sell,230469527
2024-08-09 09:51:45,21100.0,400,Buy,230469680
2024-08-09 09:51:47,21100.0,10000,Buy,230469716
2024-08-09 09:52:09,21050.0,900,Sell,230470312
2024-08-09 09:52:12,21050.0,600,Sell,230470378
2024-08-09 09:52:12,21050.0,800,Sell,230470379
2024-08-09 09:52:12,21050.0,100,Sell,230470380
2024-08-09 09:52:33,21100.0,200,Buy,230470873
2024-08-09 09:52:39,21050.0,900,Sell,230471129
2024-08-09 09:52:39,21050.0,100,Sell,230471130
2024-08-09 09:52:40,21050.0,1100,Sell,230471148
2024-08-09 09:52:40,21050.0,200,Sell,230471146
2024-08-09 09:52:40,21050.0,2000,Sell,230471147
2024-08-09 09:52:40,21050.0,300,Sell,230471145
2024-08-09 09:52:40,21050.0,500,Sell,230471141
2024-08-09 09:52:40,21050.0,100,Sell,230471143
2024-08-09 09:52:40,21050.0,300,Sell,230471142
2024-08-09 09:52:40,21050.0,100,Sell,230471140
2024-08-09 09:52:40,21050.0,100,Sell,230471144
2024-08-09 09:52:42,21050.0,800,Sell,230471217
2024-08-09 09:52:44,21100.0,2100,Buy,230471298
2024-08-09 09:52:50,21100.0,200,Buy,230471433
2024-08-09 09:52:55,21050.0,7600,Sell,230471607
2024-08-09 09:53:11,21050.0,1000,Sell,230472034
2024-08-09 09:53:13,21050.0,1200,Sell,230472135
2024-08-09 09:53:13,21050.0,600,Sell,230472134
2024-08-09 09:53:13,21050.0,1200,Sell,230472133
2024-08-09 09:53:13,21050.0,300,Sell,230472131
2024-08-09 09:53:13,21050.0,1300,Sell,230472130
2024-08-09 09:53:13,21050.0,2000,Sell,230472129
2024-08-09 09:53:13,21050.0,100,Sell,230472125
2024-08-09 09:53:13,21050.0,400,Sell,230472127
2024-08-09 09:53:13,21050.0,400,Sell,230472126
2024-08-09 09:53:13,21050.0,200,Sell,230472136
2024-08-09 09:53:13,21050.0,4000,Sell,230472124
2024-08-09 09:53:13,21050.0,900,Sell,230472123
2024-08-09 09:53:13,21050.0,15000,Sell,230472122
2024-08-09 09:53:13,21050.0,1000,Sell,230472128
2024-08-09 09:53:13,21050.0,400,Sell,230472137
2024-08-09 09:53:13,21050.0,100,Sell,230472141
2024-08-09 09:53:13,21050.0,100,Sell,230472139
2024-08-09 09:53:13,21050.0,2000,Sell,230472153
2024-08-09 09:53:13,21050.0,100,Sell,230472152
2024-08-09 09:53:13,21050.0,300,Sell,230472151
2024-08-09 09:53:13,21050.0,100,Sell,230472150
2024-08-09 09:53:13,21050.0,200,Sell,230472149
2024-08-09 09:53:13,21050.0,100,Sell,230472148
2024-08-09 09:53:13,21050.0,100,Sell,230472138
2024-08-09 09:53:13,21050.0,100,Sell,230472147
2024-08-09 09:53:13,21050.0,1000,Sell,230472145
2024-08-09 09:53:13,21050.0,200,Sell,230472144
2024-08-09 09:53:13,21050.0,500,Sell,230472143
2024-08-09 09:53:13,21050.0,4000,Sell,230472142
2024-08-09 09:53:13,21050.0,100,Sell,230472121
2024-08-09 09:53:13,21050.0,100,Sell,230472140
2024-08-09 09:53:13,21050.0,100,Sell,230472146
2024-08-09 09:53:13,21050.0,100,Sell,230472120
2024-08-09 09:53:13,21050.0,100,Sell,230472132
2024-08-09 09:53:13,21050.0,1000,Sell,230472118
2024-08-09 09:53:13,21050.0,100,Sell,230472097
2024-08-09 09:53:13,21050.0,400,Sell,230472096
2024-08-09 09:53:13,21050.0,400,Sell,230472095
2024-08-09 09:53:13,21050.0,100,Sell,230472094
2024-08-09 09:53:13,21050.0,300,Sell,230472093
2024-08-09 09:53:13,21050.0,100,Sell,230472092
2024-08-09 09:53:13,21050.0,100,Sell,230472098
2024-08-09 09:53:13,21050.0,5000,Sell,230472091
2024-08-09 09:53:13,21050.0,900,Sell,230472089
2024-08-09 09:53:13,21050.0,100,Sell,230472088
2024-08-09 09:53:13,21050.0,2000,Sell,230472087
2024-08-09 09:53:13,21050.0,400,Sell,230472086
2024-08-09 09:53:13,21050.0,39500,Sell,230472085
2024-08-09 09:53:13,21050.0,5000,Sell,230472119
2024-08-09 09:53:13,21050.0,200,Sell,230472090
2024-08-09 09:53:13,21050.0,2200,Sell,230472100
2024-08-09 09:53:13,21050.0,100,Sell,230472099
2024-08-09 09:53:13,21050.0,2500,Sell,230472102
2024-08-09 09:53:13,21050.0,1000,Sell,230472117
2024-08-09 09:53:13,21050.0,100,Sell,230472116
2024-08-09 09:53:13,21050.0,2000,Sell,230472115
2024-08-09 09:53:13,21050.0,1500,Sell,230472114
2024-08-09 09:53:13,21050.0,4000,Sell,230472113
2024-08-09 09:53:13,21050.0,1000,Sell,230472112
2024-08-09 09:53:13,21050.0,5900,Sell,230472101
2024-08-09 09:53:13,21050.0,400,Sell,230472110
2024-08-09 09:53:13,21050.0,100,Sell,230472111
2024-08-09 09:53:13,21050.0,100,Sell,230472108
2024-08-09 09:53:13,21050.0,900,Sell,230472107
2024-08-09 09:53:13,21050.0,100,Sell,230472106
2024-08-09 09:53:13,21050.0,100,Sell,230472105
2024-08-09 09:53:13,21050.0,100,Sell,230472104
2024-08-09 09:53:13,21050.0,100,Sell,230472103
2024-08-09 09:53:13,21050.0,1000,Sell,230472109
2024-08-09 09:53:14,21050.0,100,Sell,230472164
2024-08-09 09:53:14,21050.0,400,Buy,230472185
2024-08-09 09:53:14,21050.0,100,Sell,230472165
2024-08-09 09:53:14,21050.0,200,Sell,230472163
2024-08-09 09:53:14,21050.0,2000,Sell,230472158
2024-08-09 09:53:14,21050.0,100,Sell,230472161
2024-08-09 09:53:14,21050.0,400,Sell,230472160
2024-08-09 09:53:14,21050.0,100,Sell,230472159
2024-08-09 09:53:14,21050.0,200,Sell,230472162
2024-08-09 09:53:18,21050.0,500,Buy,230472317
2024-08-09 09:53:29,21050.0,100,Buy,230472765
2024-08-09 09:53:30,21050.0,11100,Buy,230472781
2024-08-09 09:53:30,21050.0,800,Buy,230472782
2024-08-09 09:53:30,21050.0,100,Buy,230472783
2024-08-09 09:53:30,21050.0,4400,Buy,230472784
2024-08-09 09:53:36,21050.0,1500,Sell,230472954
2024-08-09 09:53:36,21050.0,100,Sell,230472956
2024-08-09 09:53:41,21050.0,200,Sell,230473089
2024-08-09 09:53:44,21050.0,1000,Sell,230473122
2024-08-09 09:53:46,21050.0,4100,Sell,230473208
2024-08-09 09:53:46,21050.0,2200,Sell,230473206
2024-08-09 09:53:46,21050.0,800,Sell,230473205
2024-08-09 09:53:46,21050.0,2000,Sell,230473207
2024-08-09 09:53:47,21050.0,1500,Sell,230473221
2024-08-09 09:53:49,21050.0,900,Sell,230473253
2024-08-09 09:53:53,21050.0,300,Sell,230473385
2024-08-09 09:53:55,21050.0,500,Sell,230473427
2024-08-09 09:53:59,21050.0,1800,Sell,230473532
2024-08-09 09:54:09,21100.0,500,Buy,230473793
2024-08-09 09:54:12,21050.0,17700,Sell,230473834
2024-08-09 09:54:12,21050.0,2300,Sell,230473835
2024-08-09 09:54:16,21050.0,700,Sell,230473946
2024-08-09 09:54:16,21050.0,200,Sell,230473947
2024-08-09 09:54:23,21050.0,3000,Sell,230474091
2024-08-09 09:54:23,21050.0,200,Sell,230474081
2024-08-09 09:54:23,21050.0,100,Sell,230474080
2024-08-09 09:54:23,21050.0,500,Sell,230474082
2024-08-09 09:54:31,21050.0,2000,Sell,230474256
2024-08-09 09:54:36,21100.0,800,Buy,230474366
2024-08-09 09:54:45,21050.0,7000,Sell,230474554
2024-08-09 09:54:48,21050.0,900,Sell,230474608
2024-08-09 09:54:49,21100.0,2500,Buy,230474644
2024-08-09 09:54:52,21050.0,500,Sell,230474689
2024-08-09 09:54:56,21050.0,3000,Sell,230474802
2024-08-09 09:54:58,21050.0,500,Sell,230474856
2024-08-09 09:54:58,21050.0,900,Sell,230474881
2024-08-09 09:55:06,21100.0,4000,Buy,230475042
2024-08-09 09:55:07,21050.0,500,Sell,230475302
2024-08-09 09:55:17,21100.0,200,Buy,230475652
2024-08-09 09:55:18,21050.0,1000,Sell,230475665
2024-08-09 09:55:19,21100.0,100,Buy,230475725
2024-08-09 09:55:36,21100.0,500,Buy,230476127
2024-08-09 09:55:51,21050.0,200,Sell,230476508
2024-08-09 09:55:51,21050.0,200,Sell,230476509
2024-08-09 09:55:51,21050.0,600,Sell,230476510
2024-08-09 09:56:03,21050.0,800,Sell,230476970
2024-08-09 09:56:09,21050.0,50000,Sell,230477248
2024-08-09 09:56:23,21050.0,300,Sell,230477667
2024-08-09 09:56:23,21050.0,500,Sell,230477668
2024-08-09 09:56:23,21050.0,100,Sell,230477669
2024-08-09 09:56:36,21050.0,900,Sell,230478095
2024-08-09 09:56:43,21050.0,500,Sell,230478237
2024-08-09 09:56:46,21050.0,1900,Sell,230478322
2024-08-09 09:56:53,21050.0,1000,Sell,230478487
2024-08-09 09:56:54,21050.0,500,Sell,230478510
2024-08-09 09:56:59,21100.0,20000,Buy,230478672
2024-08-09 09:57:02,21100.0,500,Buy,230478741
2024-08-09 09:57:15,21100.0,9500,Buy,230479036
2024-08-09 09:57:19,21100.0,100,Buy,230479159
2024-08-09 09:57:26,21050.0,900,Sell,230479381
2024-08-09 09:57:28,21100.0,600,Buy,230479420
2024-08-09 09:57:34,21100.0,8700,Buy,230479572
2024-08-09 09:57:43,21100.0,200,Buy,230479714
2024-08-09 09:57:43,21100.0,100,Buy,230479735
2024-08-09 09:57:56,21100.0,2200,Buy,230480001
2024-08-09 09:57:57,21050.0,900,Sell,230480016
2024-08-09 09:58:17,21050.0,900,Sell,230480528
2024-08-09 09:58:17,21050.0,4000,Sell,230480582
2024-08-09 09:58:27,21050.0,1000,Sell,230480811
2024-08-09 09:58:36,21050.0,200,Sell,230481039
2024-08-09 09:58:44,21100.0,400,Buy,230481214
2024-08-09 09:58:50,21100.0,24600,Buy,230481349
2024-08-09 09:58:58,21100.0,100,Buy,230481582
2024-08-09 09:58:58,21100.0,100,Buy,230481583
2024-08-09 09:58:58,21100.0,800,Buy,230481584
2024-08-09 09:58:58,21100.0,100,Buy,230481585
2024-08-09 09:58:58,21100.0,9100,Buy,230481589
2024-08-09 09:58:58,21100.0,100,Buy,230481587
2024-08-09 09:58:58,21100.0,10000,Buy,230481588
2024-08-09 09:58:58,21100.0,800,Buy,230481581
2024-08-09 09:58:58,21100.0,900,Buy,230481590
2024-08-09 09:58:58,21100.0,500,Buy,230481586
2024-08-09 09:58:58,21100.0,900,Buy,230481580
2024-08-09 09:58:58,21100.0,500,Buy,230481576
2024-08-09 09:58:58,21100.0,200,Buy,230481578
2024-08-09 09:58:58,21100.0,500,Buy,230481577
2024-08-09 09:58:58,21100.0,100,Buy,230481575
2024-08-09 09:58:58,21100.0,500,Buy,230481574
2024-08-09 09:58:58,21100.0,800,Buy,230481573
2024-08-09 09:58:58,21100.0,500,Buy,230481572
2024-08-09 09:58:58,21100.0,400,Buy,230481571
2024-08-09 09:58:58,21100.0,900,Buy,230481569
2024-08-09 09:58:58,21100.0,100,Buy,230481568
2024-08-09 09:58:58,21100.0,100,Buy,230481591
2024-08-09 09:58:58,21100.0,1000,Buy,230481579
2024-08-09 09:58:58,21100.0,300,Buy,230481592
2024-08-09 09:58:58,21100.0,700,Buy,230481614
2024-08-09 09:58:58,21100.0,200,Buy,230481594
2024-08-09 09:58:58,21100.0,3000,Buy,230481616
2024-08-09 09:58:58,21100.0,800,Buy,230481615
2024-08-09 09:58:58,21100.0,100,Buy,230481567
2024-08-09 09:58:58,21100.0,1500,Buy,230481613
2024-08-09 09:58:58,21100.0,600,Buy,230481612
2024-08-09 09:58:58,21100.0,2000,Buy,230481611
2024-08-09 09:58:58,21100.0,300,Buy,230481610
2024-08-09 09:58:58,21100.0,200,Buy,230481609
2024-08-09 09:58:58,21100.0,100,Buy,230481608
2024-08-09 09:58:58,21100.0,800,Buy,230481607
2024-08-09 09:58:58,21100.0,300,Buy,230481593
2024-08-09 09:58:58,21100.0,3500,Buy,230481606
2024-08-09 09:58:58,21100.0,200,Buy,230481604
2024-08-09 09:58:58,21100.0,1000,Buy,230481603
2024-08-09 09:58:58,21100.0,5000,Buy,230481602
2024-08-09 09:58:58,21100.0,300,Buy,230481601
2024-08-09 09:58:58,21100.0,10000,Buy,230481600
2024-08-09 09:58:58,21100.0,800,Buy,230481599
2024-08-09 09:58:58,21100.0,100,Buy,230481598
2024-08-09 09:58:58,21100.0,3000,Buy,230481597
2024-08-09 09:58:58,21100.0,100,Buy,230481596
2024-08-09 09:58:58,21100.0,200,Buy,230481595
2024-08-09 09:58:58,21100.0,800,Buy,230481605
2024-08-09 09:58:58,21100.0,900,Buy,230481566
2024-08-09 09:58:58,21100.0,300,Buy,230481570
2024-08-09 09:58:58,21100.0,5000,Buy,230481564
2024-08-09 09:58:58,21100.0,5000,Buy,230481537
2024-08-09 09:58:58,21100.0,1000,Buy,230481536
2024-08-09 09:58:58,21100.0,900,Buy,230481535
2024-08-09 09:58:58,21100.0,3000,Buy,230481534
2024-08-09 09:58:58,21100.0,100,Buy,230481533
2024-08-09 09:58:58,21100.0,5000,Buy,230481532
2024-08-09 09:58:58,21100.0,200,Buy,230481531
2024-08-09 09:58:58,21100.0,200,Buy,230481530
2024-08-09 09:58:58,21100.0,200,Buy,230481529
2024-08-09 09:58:58,21100.0,3700,Buy,230481528
2024-08-09 09:58:58,21100.0,100,Buy,230481538
2024-08-09 09:58:58,21100.0,1000,Buy,230481527
2024-08-09 09:58:58,21100.0,200,Buy,230481525
2024-08-09 09:58:58,21100.0,500,Buy,230481524
2024-08-09 09:58:58,21100.0,100,Buy,230481523
2024-08-09 09:58:58,21100.0,100,Buy,230481522
2024-08-09 09:58:58,21100.0,300,Buy,230481521
2024-08-09 09:58:58,21100.0,200,Buy,230481520
2024-08-09 09:58:58,21100.0,2000,Buy,230481519
2024-08-09 09:58:58,21100.0,1000,Buy,230481518
2024-08-09 09:58:58,21100.0,23700,Buy,230481517
2024-08-09 09:58:58,21100.0,500,Buy,230481516
2024-08-09 09:58:58,21100.0,100,Buy,230481526
2024-08-09 09:58:58,21100.0,10000,Buy,230481539
2024-08-09 09:58:58,21100.0,1000,Buy,230481540
2024-08-09 09:58:58,21100.0,100,Buy,230481541
2024-08-09 09:58:58,21100.0,1000,Buy,230481563
2024-08-09 09:58:58,21100.0,800,Buy,230481562
2024-08-09 09:58:58,21100.0,119700,Buy,230481515
2024-08-09 09:58:58,21100.0,1000,Buy,230481561
2024-08-09 09:58:58,21100.0,800,Buy,230481560
2024-08-09 09:58:58,21100.0,200,Buy,230481559
2024-08-09 09:58:58,21100.0,10000,Buy,230481558
2024-08-09 09:58:58,21100.0,2400,Buy,230481557
2024-08-09 09:58:58,21100.0,2000,Buy,230481556
2024-08-09 09:58:58,21100.0,800,Buy,230481555
2024-08-09 09:58:58,21100.0,500,Buy,230481554
2024-08-09 09:58:58,21100.0,2000,Buy,230481553
2024-08-09 09:58:58,21100.0,1300,Buy,230481552
2024-08-09 09:58:58,21100.0,500,Buy,230481551
2024-08-09 09:58:58,21100.0,200,Buy,230481550
2024-08-09 09:58:58,21100.0,200,Buy,230481549
2024-08-09 09:58:58,21100.0,100,Buy,230481548
2024-08-09 09:58:58,21100.0,200,Buy,230481547
2024-08-09 09:58:58,21100.0,1000,Buy,230481546
2024-08-09 09:58:58,21100.0,200,Buy,230481545
2024-08-09 09:58:58,21100.0,4000,Buy,230481544
2024-08-09 09:58:58,21100.0,1000,Buy,230481543
2024-08-09 09:58:58,21100.0,500,Buy,230481542
2024-08-09 09:58:58,21100.0,100,Buy,230481565
2024-08-09 09:58:59,21100.0,900,Sell,230481648
2024-08-09 09:59:01,21100.0,20000,Sell,230481692
2024-08-09 09:59:04,21100.0,1600,Sell,230481765
2024-08-09 09:59:24,21100.0,100,Sell,230482344
2024-08-09 09:59:25,21100.0,900,Sell,230482355
2024-08-09 09:59:30,21100.0,1000,Sell,230482449
2024-08-09 09:59:31,21100.0,500,Sell,230482452
2024-08-09 09:59:32,21100.0,1900,Sell,230482630
2024-08-09 09:59:33,21100.0,400,Sell,230482686
2024-08-09 09:59:58,21100.0,800,Sell,230483316
2024-08-09 09:59:59,21100.0,300,Sell,230483327
2024-08-09 10:00:02,21100.0,1000,Sell,230483388
2024-08-09 10:00:27,21100.0,1600,Sell,230483947
2024-08-09 10:00:32,21100.0,800,Sell,230484115
2024-08-09 10:00:34,21150.0,7000,Buy,230484195
2024-08-09 10:00:34,21100.0,1000,Sell,230484199
2024-08-09 10:00:35,21150.0,1000,Buy,230484206
2024-08-09 10:00:55,21100.0,5000,Sell,230484633
2024-08-09 10:00:57,21150.0,100,Buy,230484690
2024-08-09 10:01:01,21150.0,300,Buy,230484754
2024-08-09 10:01:06,21100.0,900,Sell,230484838
2024-08-09 10:01:08,21100.0,20000,Sell,230484860
2024-08-09 10:01:09,21150.0,1000,Buy,230484916
2024-08-09 10:01:09,21150.0,200,Buy,230484917
2024-08-09 10:01:09,21150.0,1000,Buy,230484918
2024-08-09 10:01:09,21150.0,18000,Buy,230484919
2024-08-09 10:01:09,21150.0,200,Buy,230484920
2024-08-09 10:01:09,21150.0,6200,Buy,230484921
2024-08-09 10:01:09,21150.0,1000,Buy,230484928
2024-08-09 10:01:09,21150.0,2500,Buy,230484922
2024-08-09 10:01:09,21150.0,100,Buy,230484923
2024-08-09 10:01:09,21150.0,600,Buy,230484924
2024-08-09 10:01:09,21150.0,100,Buy,230484925
2024-08-09 10:01:09,21150.0,500,Buy,230484926
2024-08-09 10:01:09,21150.0,5000,Buy,230484927
2024-08-09 10:01:09,21150.0,1000,Buy,230484929
2024-08-09 10:01:09,21150.0,100,Buy,230484939
2024-08-09 10:01:09,21150.0,50000,Buy,230484931
2024-08-09 10:01:09,21150.0,100,Buy,230484932
2024-08-09 10:01:09,21150.0,200,Buy,230484933
2024-08-09 10:01:09,21150.0,4400,Buy,230484934
2024-08-09 10:01:09,21150.0,200,Buy,230484935
2024-08-09 10:01:09,21150.0,500,Buy,230484936
2024-08-09 10:01:09,21150.0,200,Buy,230484937
2024-08-09 10:01:09,21150.0,3000,Buy,230484938
2024-08-09 10:01:09,21150.0,600,Buy,230484940
2024-08-09 10:01:09,21150.0,100,Buy,230484941
2024-08-09 10:01:09,21150.0,100,Buy,230484915
2024-08-09 10:01:09,21150.0,100,Buy,230484944
2024-08-09 10:01:09,21150.0,900,Buy,230484945
2024-08-09 10:01:09,21150.0,100,Sell,230484946
2024-08-09 10:01:09,21150.0,100,Buy,230484930
2024-08-09 10:01:09,21150.0,500,Buy,230484914
2024-08-09 10:01:09,21150.0,3000,Buy,230484943
2024-08-09 10:01:09,21150.0,1800,Buy,230484912
2024-08-09 10:01:09,21150.0,500,Buy,230484913
2024-08-09 10:01:09,21150.0,6700,Buy,230484881
2024-08-09 10:01:09,21150.0,300,Buy,230484882
2024-08-09 10:01:09,21150.0,5000,Buy,230484883
2024-08-09 10:01:09,21150.0,3500,Buy,230484884
2024-08-09 10:01:09,21150.0,100,Buy,230484885
2024-08-09 10:01:09,21150.0,5000,Buy,230484886
2024-08-09 10:01:09,21150.0,2000,Buy,230484887
2024-08-09 10:01:09,21150.0,100,Buy,230484889
2024-08-09 10:01:09,21150.0,100,Buy,230484890
2024-08-09 10:01:09,21150.0,500,Buy,230484891
2024-08-09 10:01:09,21150.0,200,Buy,230484892
2024-08-09 10:01:09,21150.0,100,Buy,230484893
2024-08-09 10:01:09,21150.0,500,Buy,230484894
2024-08-09 10:01:09,21150.0,10000,Buy,230484895
2024-08-09 10:01:09,21150.0,1000,Buy,230484942
2024-08-09 10:01:09,21150.0,1000,Buy,230484897
2024-08-09 10:01:09,21150.0,500,Buy,230484910
2024-08-09 10:01:09,21150.0,200,Buy,230484909
2024-08-09 10:01:09,21150.0,100,Buy,230484908
2024-08-09 10:01:09,21150.0,10000,Buy,230484907
2024-08-09 10:01:09,21150.0,100,Buy,230484896
2024-08-09 10:01:09,21150.0,1000,Buy,230484906
2024-08-09 10:01:09,21150.0,2000,Buy,230484905
2024-08-09 10:01:09,21150.0,100,Buy,230484911
2024-08-09 10:01:09,21150.0,1000,Buy,230484903
2024-08-09 10:01:09,21150.0,100,Buy,230484902
2024-08-09 10:01:09,21150.0,100,Buy,230484901
2024-08-09 10:01:09,21150.0,100,Buy,230484900
2024-08-09 10:01:09,21150.0,100,Buy,230484899
2024-08-09 10:01:09,21150.0,100,Buy,230484898
2024-08-09 10:01:09,21150.0,10000,Buy,230484904
2024-08-09 10:01:12,21150.0,300,Sell,230485008
2024-08-09 10:01:16,21150.0,100,Sell,230485082
2024-08-09 10:01:25,21150.0,1000,Sell,230485270
2024-08-09 10:01:26,21150.0,200,Sell,230485314
2024-08-09 10:01:33,21200.0,100,Buy,230485477
2024-08-09 10:01:36,21150.0,1000,Sell,230485525
2024-08-09 10:01:37,21150.0,200,Sell,230485534
2024-08-09 10:01:39,21150.0,800,Sell,230485570
2024-08-09 10:01:41,21150.0,100,Sell,230485608
2024-08-09 10:01:48,21150.0,200,Sell,230485739
2024-08-09 10:01:51,21150.0,1000,Sell,230485815
2024-08-09 10:01:55,21200.0,100,Buy,230485897
2024-08-09 10:01:57,21150.0,6000,Sell,230485980
2024-08-09 10:01:58,21200.0,100,Buy,230486087
2024-08-09 10:01:58,21200.0,100,Buy,230486088
2024-08-09 10:01:58,21200.0,500,Buy,230486097
2024-08-09 10:01:58,21200.0,10000,Buy,230486090
2024-08-09 10:01:58,21200.0,100,Buy,230486091
2024-08-09 10:01:58,21200.0,100,Buy,230486092
2024-08-09 10:01:58,21200.0,200,Buy,230486093
2024-08-09 10:01:58,21200.0,1000,Buy,230486094
2024-08-09 10:01:58,21200.0,2000,Buy,230486095
2024-08-09 10:01:58,21200.0,100,Buy,230486096
2024-08-09 10:01:58,21200.0,200,Buy,230486098
2024-08-09 10:01:58,21200.0,1000,Buy,230486107
2024-08-09 10:01:58,21200.0,100,Buy,230486100
2024-08-09 10:01:58,21200.0,100,Buy,230486101
2024-08-09 10:01:58,21200.0,100,Buy,230486102
2024-08-09 10:01:58,21200.0,2200,Buy,230486103
2024-08-09 10:01:58,21200.0,100,Buy,230486104
2024-08-09 10:01:58,21200.0,100,Buy,230486105
2024-08-09 10:01:58,21200.0,500,Buy,230486106
2024-08-09 10:01:58,21200.0,500,Buy,230486086
2024-08-09 10:01:58,21200.0,400,Buy,230486108
2024-08-09 10:01:58,21200.0,500,Buy,230486109
2024-08-09 10:01:58,21200.0,100,Buy,230486110
2024-08-09 10:01:58,21200.0,100,Buy,230486099
2024-08-09 10:01:58,21200.0,500,Buy,230486083
2024-08-09 10:01:58,21200.0,600,Buy,230486089
2024-08-09 10:01:58,21200.0,2000,Buy,230486081
2024-08-09 10:01:58,21200.0,2000,Buy,230486082
2024-08-09 10:01:58,21200.0,800,Buy,230486055
2024-08-09 10:01:58,21200.0,2500,Buy,230486056
2024-08-09 10:01:58,21200.0,10000,Buy,230486057
2024-08-09 10:01:58,21200.0,200,Buy,230486058
2024-08-09 10:01:58,21200.0,10000,Buy,230486059
2024-08-09 10:01:58,21200.0,10000,Buy,230486060
2024-08-09 10:01:58,21200.0,200,Buy,230486061
2024-08-09 10:01:58,21200.0,5000,Buy,230486062
2024-08-09 10:01:58,21200.0,500,Buy,230486063
2024-08-09 10:01:58,21200.0,1000,Buy,230486064
2024-08-09 10:01:58,21200.0,100,Buy,230486065
2024-08-09 10:01:58,21200.0,500,Buy,230486066
2024-08-09 10:01:58,21200.0,100,Buy,230486084
2024-08-09 10:01:58,21200.0,100,Buy,230486068
2024-08-09 10:01:58,21200.0,500,Buy,230486069
2024-08-09 10:01:58,21200.0,100,Buy,230486070
2024-08-09 10:01:58,21200.0,2000,Buy,230486071
2024-08-09 10:01:58,21200.0,100,Buy,230486072
2024-08-09 10:01:58,21200.0,100,Buy,230486073
2024-08-09 10:01:58,21200.0,100,Buy,230486074
2024-08-09 10:01:58,21200.0,200,Buy,230486075
2024-08-09 10:01:58,21200.0,200,Buy,230486076
2024-08-09 10:01:58,21200.0,100,Buy,230486077
2024-08-09 10:01:58,21200.0,900,Buy,230486079
2024-08-09 10:01:58,21200.0,1000,Buy,230486080
2024-08-09 10:01:58,21200.0,2000,Buy,230486067
2024-08-09 10:01:59,21200.0,2100,Buy,230486115
2024-08-09 10:01:59,21200.0,2000,Buy,230486113
2024-08-09 10:01:59,21200.0,300,Buy,230486112
2024-08-09 10:01:59,21200.0,2000,Buy,230486114
2024-08-09 10:02:04,21200.0,200,Buy,230486232
2024-08-09 10:02:08,21150.0,1000,Sell,230486372
2024-08-09 10:02:12,21150.0,900,Sell,230486416
2024-08-09 10:02:18,21150.0,500,Sell,230486517
2024-08-09 10:02:19,21150.0,1900,Sell,230486573
2024-08-09 10:02:21,21200.0,100,Buy,230486619
2024-08-09 10:02:22,21200.0,1500,Buy,230486627
2024-08-09 10:02:25,21200.0,500,Buy,230486696
2024-08-09 10:02:35,21200.0,20000,Buy,230486886
2024-08-09 10:02:37,21200.0,6200,Buy,230486946
2024-08-09 10:02:37,21200.0,100,Buy,230486945
2024-08-09 10:02:37,21200.0,200,Buy,230486944
2024-08-09 10:02:37,21200.0,3000,Buy,230486943
2024-08-09 10:02:37,21200.0,100,Buy,230486941
2024-08-09 10:02:37,21200.0,3000,Buy,230486940
2024-08-09 10:02:37,21200.0,1500,Buy,230486939
2024-08-09 10:02:37,21200.0,5600,Buy,230486938
2024-08-09 10:02:37,21200.0,300,Buy,230486942
2024-08-09 10:02:41,21150.0,1000,Sell,230487007
2024-08-09 10:02:46,21150.0,800,Sell,230487125
2024-08-09 10:02:50,21200.0,500,Buy,230487193
2024-08-09 10:02:53,21200.0,300,Buy,230487251
2024-08-09 10:02:54,21200.0,900,Buy,230487268
2024-08-09 10:02:54,21200.0,100,Buy,230487269
2024-08-09 10:02:58,21200.0,200,Buy,230487342
2024-08-09 10:02:58,21200.0,800,Buy,230487343
2024-08-09 10:03:02,21200.0,1000,Buy,230487417
2024-08-09 10:03:06,21200.0,300,Buy,230487504
2024-08-09 10:03:06,21200.0,200,Buy,230487503
2024-08-09 10:03:10,21200.0,100,Buy,230487571
2024-08-09 10:03:14,21150.0,1000,Sell,230487661
2024-08-09 10:03:19,21150.0,800,Sell,230487716
2024-08-09 10:03:30,21200.0,400,Buy,230487942
2024-08-09 10:03:30,21200.0,100,Buy,230487941
2024-08-09 10:03:30,21200.0,1000,Buy,230487940
2024-08-09 10:03:30,21200.0,1000,Buy,230487939
2024-08-09 10:03:30,21200.0,7500,Buy,230487938
2024-08-09 10:03:35,21200.0,20000,Buy,230488053
2024-08-09 10:03:42,21200.0,100,Buy,230488183
2024-08-09 10:03:44,21200.0,100,Buy,230488235
2024-08-09 10:03:47,21150.0,1000,Sell,230488273
2024-08-09 10:03:47,21200.0,300,Buy,230488286
2024-08-09 10:03:48,21200.0,100,Buy,230488293
2024-08-09 10:04:00,21200.0,11000,Buy,230488575
2024-08-09 10:04:01,21200.0,1000,Buy,230488595
2024-08-09 10:04:03,21200.0,100,Buy,230488624
2024-08-09 10:04:03,21200.0,2000,Buy,230488623
2024-08-09 10:04:03,21200.0,1300,Buy,230488625
2024-08-09 10:04:03,21200.0,16500,Buy,230488621
2024-08-09 10:04:03,21200.0,500,Buy,230488620
2024-08-09 10:04:03,21200.0,100,Buy,230488622
2024-08-09 10:04:06,21200.0,500,Buy,230488697
2024-08-09 10:04:07,21200.0,10000,Buy,230488702
2024-08-09 10:04:08,21200.0,100,Buy,230488726
2024-08-09 10:04:08,21200.0,100,Buy,230488734
2024-08-09 10:04:08,21200.0,100,Buy,230488735
2024-08-09 10:04:14,21200.0,200,Buy,230488832
2024-08-09 10:04:15,21200.0,100,Buy,230488863
2024-08-09 10:04:17,21200.0,1500,Buy,230488915
2024-08-09 10:04:18,21150.0,1000,Sell,230488936
2024-08-09 10:04:26,21150.0,800,Sell,230489053
2024-08-09 10:04:29,21200.0,300,Buy,230489098
2024-08-09 10:04:31,21200.0,200,Buy,230489141
2024-08-09 10:04:31,21200.0,800,Buy,230489140
2024-08-09 10:04:36,21200.0,200,Buy,230489238
2024-08-09 10:04:40,21200.0,100,Buy,230489354
2024-08-09 10:04:40,21200.0,100,Buy,230489355
2024-08-09 10:04:40,21200.0,800,Buy,230489353
2024-08-09 10:04:49,21200.0,300,Buy,230489595
2024-08-09 10:04:49,21200.0,300,Buy,230489596
2024-08-09 10:04:50,21150.0,900,Sell,230489602
2024-08-09 10:04:54,21200.0,100,Buy,230489706
2024-08-09 10:04:54,21200.0,100,Buy,230489705
2024-08-09 10:04:54,21200.0,5000,Buy,230489707
2024-08-09 10:04:54,21200.0,500,Buy,230489703
2024-08-09 10:04:54,21200.0,7900,Buy,230489702
2024-08-09 10:04:54,21200.0,900,Buy,230489701
2024-08-09 10:04:54,21200.0,900,Buy,230489704
2024-08-09 10:04:55,21250.0,100,Buy,230489726
2024-08-09 10:04:55,21250.0,500,Buy,230489731
2024-08-09 10:04:55,21250.0,1400,Buy,230489732
2024-08-09 10:04:55,21200.0,4600,Sell,230489723
2024-08-09 10:05:04,21200.0,1000,Sell,230489957
2024-08-09 10:05:04,21200.0,1900,Sell,230489958
2024-08-09 10:05:05,21200.0,100,Buy,230489979
2024-08-09 10:05:05,21150.0,500,Sell,230489980
2024-08-09 10:05:07,21200.0,200,Buy,230490003
2024-08-09 10:05:09,21150.0,100,Sell,230490035
2024-08-09 10:05:09,21200.0,100,Buy,230490042
2024-08-09 10:05:18,21200.0,100,Buy,230490223
2024-08-09 10:05:20,21200.0,100,Buy,230490262
2024-08-09 10:05:20,21150.0,1000,Sell,230490261
2024-08-09 10:05:24,21200.0,500,Buy,230490373
2024-08-09 10:05:24,21200.0,500,Buy,230490374
2024-08-09 10:05:25,21200.0,100,Buy,230490398
2024-08-09 10:05:26,21200.0,1300,Buy,230490413
2024-08-09 10:05:26,21200.0,700,Buy,230490414
2024-08-09 10:05:27,21200.0,500,Buy,230490444
2024-08-09 10:05:29,21200.0,500,Buy,230490504
2024-08-09 10:05:31,21200.0,100,Buy,230490576
2024-08-09 10:05:34,21150.0,200,Sell,230490649
2024-08-09 10:05:36,21200.0,100,Buy,230490705
2024-08-09 10:05:40,21150.0,4000,Sell,230490777
2024-08-09 10:05:43,21200.0,100,Buy,230490865
2024-08-09 10:05:45,21200.0,500,Buy,230490913
2024-08-09 10:05:47,21200.0,100,Buy,230490935
2024-08-09 10:05:53,21150.0,900,Sell,230491050
2024-08-09 10:05:54,21150.0,100,Sell,230491053
2024-08-09 10:05:57,21200.0,500,Buy,230491121
2024-08-09 10:05:57,21200.0,100,Buy,230491120
2024-08-09 10:05:57,21200.0,100,Buy,230491119
2024-08-09 10:05:57,21200.0,7900,Buy,230491115
2024-08-09 10:05:57,21200.0,200,Buy,230491117
2024-08-09 10:05:57,21200.0,800,Buy,230491116
2024-08-09 10:05:57,21200.0,5300,Buy,230491114
2024-08-09 10:05:57,21200.0,2000,Buy,230491118
2024-08-09 10:06:06,21200.0,800,Sell,230491392
2024-08-09 10:06:12,21200.0,2000,Sell,230491514
2024-08-09 10:06:24,21200.0,1000,Sell,230491728
2024-08-09 10:06:30,21200.0,800,Sell,230491875
2024-08-09 10:06:30,21200.0,500,Sell,230491877
2024-08-09 10:06:30,21200.0,1600,Sell,230491874
2024-08-09 10:06:30,21200.0,4100,Sell,230491876
2024-08-09 10:06:30,21200.0,200,Sell,230491872
2024-08-09 10:06:30,21200.0,9300,Sell,230491869
2024-08-09 10:06:30,21200.0,500,Sell,230491873
2024-08-09 10:06:30,21200.0,400,Sell,230491871
2024-08-09 10:06:30,21200.0,100,Sell,230491870
2024-08-09 10:06:37,21200.0,100,Sell,230492024
2024-08-09 10:06:39,21200.0,900,Sell,230492083
2024-08-09 10:06:42,21200.0,500,Buy,230492121
2024-08-09 10:06:45,21200.0,500,Sell,230492179
2024-08-09 10:06:54,21250.0,200,Buy,230492374
2024-08-09 10:06:55,21200.0,900,Sell,230492393
2024-08-09 10:06:56,21200.0,800,Sell,230492409
2024-08-09 10:06:56,21200.0,5200,Sell,230492410
2024-08-09 10:06:56,21200.0,400,Sell,230492411
2024-08-09 10:06:56,21200.0,1000,Sell,230492412
2024-08-09 10:07:01,21200.0,100,Buy,230492519
2024-08-09 10:07:04,21200.0,200,Buy,230492582
2024-08-09 10:07:12,21200.0,200,Buy,230492750
2024-08-09 10:07:13,21200.0,900,Buy,230492760
2024-08-09 10:07:13,21200.0,2100,Buy,230492759
2024-08-09 10:07:20,21200.0,2000,Buy,230492930
2024-08-09 10:07:25,21150.0,1000,Sell,230493072
2024-08-09 10:07:26,21200.0,100,Buy,230493093
2024-08-09 10:07:26,21200.0,2000,Buy,230493094
2024-08-09 10:07:26,21200.0,400,Buy,230493095
2024-08-09 10:07:29,21200.0,100,Buy,230493154
2024-08-09 10:07:29,21200.0,1200,Buy,230493162
2024-08-09 10:07:35,21200.0,700,Buy,230493349
2024-08-09 10:07:48,21200.0,100,Buy,230493664
2024-08-09 10:07:48,21200.0,400,Buy,230493665
2024-08-09 10:07:49,21200.0,600,Buy,230493710
2024-08-09 10:07:49,21200.0,400,Buy,230493709
2024-08-09 10:07:52,21200.0,2000,Buy,230493756
2024-08-09 10:07:54,21150.0,500,Sell,230493794
2024-08-09 10:07:58,21150.0,1000,Sell,230493852
2024-08-09 10:08:10,21200.0,100,Buy,230494149
2024-08-09 10:08:23,21200.0,200,Buy,230494424
2024-08-09 10:08:26,21200.0,100,Buy,230494485
2024-08-09 10:08:29,21150.0,1000,Sell,230494536
2024-08-09 10:08:33,21200.0,800,Buy,230494646
2024-08-09 10:08:33,21200.0,1500,Buy,230494644
2024-08-09 10:08:33,21200.0,400,Buy,230494643
2024-08-09 10:08:33,21200.0,2000,Buy,230494645
2024-08-09 10:08:33,21200.0,200,Buy,230494641
2024-08-09 10:08:33,21200.0,100,Buy,230494640
2024-08-09 10:08:33,21200.0,1000,Buy,230494639
2024-08-09 10:08:33,21200.0,4000,Buy,230494642
2024-08-09 10:08:37,21150.0,600,Sell,230494717
2024-08-09 10:08:37,21150.0,7800,Sell,230494722
2024-08-09 10:08:37,21150.0,100,Sell,230494721
2024-08-09 10:08:37,21150.0,300,Sell,230494720
2024-08-09 10:08:37,21150.0,300,Sell,230494719
2024-08-09 10:08:37,21150.0,100,Sell,230494718
2024-08-09 10:08:37,21150.0,100,Sell,230494716
2024-08-09 10:08:37,21150.0,400,Sell,230494711
2024-08-09 10:08:37,21150.0,1700,Sell,230494714
2024-08-09 10:08:37,21150.0,400,Sell,230494713
2024-08-09 10:08:37,21150.0,100,Sell,230494712
2024-08-09 10:08:37,21150.0,200,Sell,230494710
2024-08-09 10:08:37,21150.0,5000,Sell,230494709
2024-08-09 10:08:37,21150.0,1700,Sell,230494708
2024-08-09 10:08:37,21150.0,200,Sell,230494715
2024-08-09 10:08:53,21150.0,100,Sell,230495109
2024-08-09 10:08:54,21150.0,800,Sell,230495179
2024-08-09 10:08:56,21200.0,3000,Buy,230495211
2024-08-09 10:08:56,21200.0,1900,Buy,230495210
2024-08-09 10:08:56,21200.0,100,Buy,230495209
2024-08-09 10:08:58,21200.0,4900,Buy,230495246
2024-08-09 10:08:58,21200.0,1000,Buy,230495247
2024-08-09 10:08:58,21200.0,1000,Buy,230495248
2024-08-09 10:08:58,21200.0,21000,Buy,230495249
2024-08-09 10:08:58,21200.0,900,Buy,230495250
2024-08-09 10:08:58,21200.0,1000,Buy,230495251
2024-08-09 10:08:58,21200.0,1900,Buy,230495252
2024-08-09 10:08:58,21200.0,200,Buy,230495253
2024-08-09 10:08:58,21200.0,100,Buy,230495254
2024-08-09 10:08:58,21200.0,1000,Buy,230495255
2024-08-09 10:08:58,21200.0,100,Buy,230495256
2024-08-09 10:08:58,21200.0,100,Buy,230495257
2024-08-09 10:08:59,21200.0,16800,Sell,230495268
2024-08-09 10:09:02,21150.0,1000,Sell,230495341
2024-08-09 10:09:06,21200.0,100,Buy,230495432
2024-08-09 10:09:06,21200.0,12300,Buy,230495433
2024-08-09 10:09:14,21200.0,7700,Buy,230495567
2024-08-09 10:09:14,21200.0,5000,Buy,230495568
2024-08-09 10:09:17,21200.0,1000,Sell,230495634
2024-08-09 10:09:28,21200.0,900,Sell,230495824
2024-08-09 10:09:34,21200.0,1000,Sell,230495915
2024-08-09 10:09:36,21200.0,100,Sell,230495948
2024-08-09 10:09:52,21200.0,100,Sell,230496262
2024-08-09 10:09:52,21200.0,1000,Sell,230496267
2024-08-09 10:09:54,21250.0,500,Buy,230496295
2024-08-09 10:09:54,21250.0,800,Buy,230496297
2024-08-09 10:09:54,21250.0,10000,Buy,230496296
2024-08-09 10:09:54,21250.0,100,Buy,230496294
2024-08-09 10:09:54,21250.0,1000,Buy,230496292
2024-08-09 10:09:54,21250.0,100,Buy,230496291
2024-08-09 10:09:54,21250.0,3000,Buy,230496290
2024-08-09 10:09:54,21250.0,1000,Buy,230496289
2024-08-09 10:09:54,21250.0,100,Buy,230496293
2024-08-09 10:09:54,21250.0,8400,Buy,230496288
2024-08-09 10:09:56,21200.0,5000,Sell,230496320
2024-08-09 10:10:00,21200.0,800,Sell,230496377
2024-08-09 10:10:06,21200.0,900,Sell,230496475
2024-08-09 10:10:17,21200.0,5000,Sell,230496772
2024-08-09 10:10:33,21200.0,500,Sell,230497106
2024-08-09 10:10:35,21200.0,800,Sell,230497145
2024-08-09 10:10:35,21200.0,100,Sell,230497149
2024-08-09 10:10:37,21200.0,1000,Sell,230497184
2024-08-09 10:10:39,21200.0,1800,Sell,230497227
2024-08-09 10:10:40,21200.0,500,Sell,230497243
2024-08-09 10:10:43,21200.0,3600,Sell,230497275
2024-08-09 10:10:49,21250.0,1000,Buy,230497407
2024-08-09 10:10:54,21200.0,100,Sell,230497488
2024-08-09 10:10:54,21200.0,1200,Sell,230497489
2024-08-09 10:10:54,21200.0,2000,Sell,230497491
2024-08-09 10:10:54,21200.0,400,Sell,230497487
2024-08-09 10:10:54,21200.0,2200,Sell,230497490
2024-08-09 10:10:54,21200.0,400,Sell,230497486
2024-08-09 10:10:54,21200.0,100,Sell,230497484
2024-08-09 10:10:54,21200.0,200,Sell,230497483
2024-08-09 10:10:54,21200.0,100,Sell,230497482
2024-08-09 10:10:54,21200.0,200,Sell,230497481
2024-08-09 10:10:54,21200.0,300,Sell,230497480
2024-08-09 10:10:54,21200.0,100,Sell,230497479
2024-08-09 10:10:54,21200.0,1000,Sell,230497485
2024-08-09 10:10:54,21200.0,13200,Sell,230497478
2024-08-09 10:10:57,21200.0,300,Sell,230497539
2024-08-09 10:10:57,21200.0,200,Sell,230497540
2024-08-09 10:10:58,21200.0,600,Sell,230497563
2024-08-09 10:11:01,21250.0,100,Buy,230497641
2024-08-09 10:11:01,21250.0,100,Buy,230497640
2024-08-09 10:11:01,21250.0,100,Buy,230497639
2024-08-09 10:11:01,21250.0,20000,Buy,230497638
2024-08-09 10:11:01,21250.0,50000,Buy,230497637
2024-08-09 10:11:01,21250.0,100,Buy,230497633
2024-08-09 10:11:01,21250.0,100,Buy,230497635
2024-08-09 10:11:01,21250.0,500,Buy,230497634
2024-08-09 10:11:01,21250.0,100,Buy,230497632
2024-08-09 10:11:01,21250.0,800,Buy,230497636
2024-08-09 10:11:01,21250.0,1000,Buy,230497642
2024-08-09 10:11:01,21250.0,900,Buy,230497631
2024-08-09 10:11:01,21250.0,200,Buy,230497644
2024-08-09 10:11:01,21250.0,500,Buy,230497645
2024-08-09 10:11:01,21250.0,100,Buy,230497646
2024-08-09 10:11:01,21250.0,100,Buy,230497647
2024-08-09 10:11:01,21250.0,2000,Buy,230497648
2024-08-09 10:11:01,21250.0,1000,Buy,230497649
2024-08-09 10:11:01,21250.0,100,Buy,230497650
2024-08-09 10:11:01,21250.0,100,Buy,230497651
2024-08-09 10:11:01,21250.0,1000,Buy,230497652
2024-08-09 10:11:01,21250.0,1000,Buy,230497653
2024-08-09 10:11:01,21250.0,7900,Sell,230497728
2024-08-09 10:11:01,21250.0,3000,Buy,230497643
2024-08-09 10:11:01,21250.0,3600,Buy,230497630
2024-08-09 10:11:01,21250.0,100,Buy,230497624
2024-08-09 10:11:01,21250.0,10000,Buy,230497628
2024-08-09 10:11:01,21250.0,500,Buy,230497629
2024-08-09 10:11:01,21250.0,200,Buy,230497604
2024-08-09 10:11:01,21250.0,1000,Buy,230497605
2024-08-09 10:11:01,21250.0,20000,Buy,230497606
2024-08-09 10:11:01,21250.0,5000,Buy,230497607
2024-08-09 10:11:01,21250.0,200,Buy,230497608
2024-08-09 10:11:01,21250.0,500,Buy,230497609
2024-08-09 10:11:01,21250.0,1000,Buy,230497610
2024-08-09 10:11:01,21250.0,10000,Buy,230497611
2024-08-09 10:11:01,21250.0,500,Buy,230497612
2024-08-09 10:11:01,21250.0,1000,Buy,230497613
2024-08-09 10:11:01,21250.0,500,Buy,230497614
2024-08-09 10:11:01,21250.0,10000,Buy,230497623
2024-08-09 10:11:01,21250.0,500,Buy,230497616
2024-08-09 10:11:01,21250.0,100,Buy,230497626
2024-08-09 10:11:01,21250.0,100,Buy,230497615
2024-08-09 10:11:01,21250.0,20000,Buy,230497622
2024-08-09 10:11:01,21250.0,2000,Buy,230497621
2024-08-09 10:11:01,21250.0,1000,Buy,230497625
2024-08-09 10:11:01,21250.0,300,Buy,230497619
2024-08-09 10:11:01,21250.0,2000,Buy,230497618
2024-08-09 10:11:01,21250.0,3000,Buy,230497617
2024-08-09 10:11:01,21250.0,50000,Buy,230497620
2024-08-09 10:11:01,21250.0,200,Buy,230497627
2024-08-09 10:11:02,21250.0,1100,Sell,230497743
2024-08-09 10:11:04,21250.0,29200,Sell,230497782
2024-08-09 10:11:08,21250.0,900,Sell,230497856
2024-08-09 10:11:10,21250.0,1000,Sell,230497898
2024-08-09 10:11:14,21250.0,300,Sell,230497996
2024-08-09 10:11:16,21300.0,100,Buy,230498098
2024-08-09 10:11:24,21250.0,100,Sell,230498235
2024-08-09 10:11:31,21300.0,800,Buy,230498354
2024-08-09 10:11:31,21250.0,1000,Sell,230498355
2024-08-09 10:11:31,21300.0,400,Buy,230498353
2024-08-09 10:11:32,21300.0,100,Buy,230498367
2024-08-09 10:11:38,21300.0,100,Buy,230498483
2024-08-09 10:11:41,21250.0,1000,Sell,230498537
2024-08-09 10:11:42,21250.0,800,Sell,230498544
2024-08-09 10:11:44,21300.0,1000,Buy,230498576
2024-08-09 10:11:45,21250.0,1000,Sell,230498594
2024-08-09 10:11:52,21250.0,100,Sell,230498755
2024-08-09 10:12:05,21250.0,100,Sell,230498976
2024-08-09 10:12:05,21250.0,200,Sell,230498971
2024-08-09 10:12:05,21250.0,1100,Sell,230498974
2024-08-09 10:12:05,21250.0,300,Sell,230498973
2024-08-09 10:12:05,21250.0,300,Sell,230498972
2024-08-09 10:12:05,21250.0,500,Sell,230498970
2024-08-09 10:12:05,21250.0,3000,Sell,230498975
2024-08-09 10:12:05,21250.0,1100,Sell,230498968
2024-08-09 10:12:05,21250.0,100,Sell,230498967
2024-08-09 10:12:05,21250.0,2900,Sell,230498966
2024-08-09 10:12:05,21250.0,200,Sell,230498965
2024-08-09 10:12:05,21250.0,400,Sell,230498964
2024-08-09 10:12:05,21250.0,29400,Sell,230498963
2024-08-09 10:12:05,21250.0,400,Sell,230498969
2024-08-09 10:12:06,21250.0,400,Sell,230498990
2024-08-09 10:12:07,21250.0,500,Buy,230499013
2024-08-09 10:12:07,21300.0,200,Buy,230499014
2024-08-09 10:12:13,21200.0,300,Sell,230499116
2024-08-09 10:12:13,21200.0,700,Sell,230499117
2024-08-09 10:12:15,21200.0,500,Sell,230499140
2024-08-09 10:12:15,21200.0,400,Sell,230499141
2024-08-09 10:12:18,21250.0,1000,Buy,230499179
2024-08-09 10:12:18,21250.0,2000,Buy,230499177
2024-08-09 10:12:18,21250.0,500,Buy,230499178
2024-08-09 10:12:19,21250.0,2700,Sell,230499191
2024-08-09 10:12:24,21250.0,200,Buy,230499253
2024-08-09 10:12:26,21250.0,1000,Buy,230499307
2024-08-09 10:12:28,21250.0,400,Buy,230499352
2024-08-09 10:12:29,21250.0,500,Buy,230499391
2024-08-09 10:12:46,21250.0,1600,Buy,230499762
2024-08-09 10:12:46,21200.0,1000,Sell,230499761
2024-08-09 10:12:52,21250.0,6300,Buy,230499853
2024-08-09 10:12:52,21250.0,100,Buy,230499855
2024-08-09 10:12:52,21250.0,8600,Buy,230499856
2024-08-09 10:12:54,21250.0,100,Buy,230499885
2024-08-09 10:12:55,21250.0,100,Buy,230499909
2024-08-09 10:12:55,21250.0,500,Buy,230499891
2024-08-09 10:13:05,21250.0,1000,Buy,230500081
2024-08-09 10:13:17,21200.0,300,Sell,230500322
2024-08-09 10:13:17,21200.0,600,Sell,230500321
2024-08-09 10:13:18,21250.0,4400,Buy,230500334
2024-08-09 10:13:24,21250.0,100,Buy,230500388
2024-08-09 10:13:25,21250.0,1000,Buy,230500405
2024-08-09 10:13:27,21250.0,2000,Buy,230500436
2024-08-09 10:13:28,21200.0,100,Sell,230500455
2024-08-09 10:13:28,21200.0,400,Sell,230500456
2024-08-09 10:13:28,21250.0,300,Buy,230500454
2024-08-09 10:13:48,21200.0,900,Sell,230500808
2024-08-09 10:13:49,21200.0,100,Sell,230500834
2024-08-09 10:13:56,21200.0,900,Sell,230500909
2024-08-09 10:13:56,21200.0,200,Sell,230500917
2024-08-09 10:14:00,21200.0,1000,Sell,230500980
2024-08-09 10:14:06,21200.0,500,Sell,230501061
2024-08-09 10:14:06,21200.0,2000,Sell,230501060
2024-08-09 10:14:06,21200.0,46500,Sell,230501058
2024-08-09 10:14:06,21200.0,1000,Sell,230501059
2024-08-09 10:14:06,21250.0,10000,Buy,230501053
2024-08-09 10:14:11,21200.0,1500,Sell,230501112
2024-08-09 10:14:11,21200.0,600,Sell,230501113
2024-08-09 10:14:11,21200.0,2000,Sell,230501114
2024-08-09 10:14:13,21250.0,500,Buy,230501145
2024-08-09 10:14:13,21200.0,1000,Sell,230501153
2024-08-09 10:14:13,21200.0,200,Sell,230501154
2024-08-09 10:14:13,21200.0,200,Sell,230501155
2024-08-09 10:14:18,21200.0,900,Sell,230501267
2024-08-09 10:14:19,21250.0,100,Buy,230501276
2024-08-09 10:14:20,21200.0,100,Sell,230501289
2024-08-09 10:14:23,21200.0,3000,Sell,230501366
2024-08-09 10:14:30,21200.0,800,Sell,230501459
2024-08-09 10:14:32,21200.0,100,Sell,230501497
2024-08-09 10:14:36,21200.0,1000,Sell,230501576
2024-08-09 10:14:42,21200.0,400,Sell,230501633
2024-08-09 10:14:47,21250.0,500,Buy,230501734
2024-08-09 10:14:48,21200.0,1000,Sell,230501750
2024-08-09 10:15:03,21200.0,900,Sell,230502009
2024-08-09 10:15:20,21200.0,1000,Sell,230502260
2024-08-09 10:15:30,21200.0,600,Sell,230502439
2024-08-09 10:15:30,21200.0,200,Sell,230502440
2024-08-09 10:15:30,21200.0,100,Sell,230502441
2024-08-09 10:15:30,21200.0,100,Sell,230502442
2024-08-09 10:15:32,21200.0,200,Sell,230502464
2024-08-09 10:15:37,21200.0,800,Sell,230502558
2024-08-09 10:15:41,21200.0,100,Sell,230502623
2024-08-09 10:15:47,21200.0,200,Sell,230502716
2024-08-09 10:15:51,21200.0,1000,Sell,230502787
2024-08-09 10:15:54,21200.0,5000,Sell,230502830
2024-08-09 10:16:10,21200.0,800,Sell,230503014
2024-08-09 10:16:13,21200.0,1900,Sell,230503076
2024-08-09 10:16:17,21200.0,200,Sell,230503136
2024-08-09 10:16:17,21200.0,300,Sell,230503137
2024-08-09 10:16:23,21200.0,1000,Sell,230503237
2024-08-09 10:16:28,21200.0,200,Sell,230503351
2024-08-09 10:16:33,21200.0,6000,Sell,230503427
2024-08-09 10:16:36,21200.0,7000,Sell,230503458
2024-08-09 10:16:38,21200.0,200,Sell,230503498
2024-08-09 10:16:44,21200.0,300,Sell,230503585
2024-08-09 10:16:44,21200.0,600,Sell,230503586
2024-08-09 10:16:51,21200.0,1400,Sell,230503683
2024-08-09 10:16:52,21200.0,18600,Sell,230503687
2024-08-09 10:16:53,21200.0,300,Sell,230503714
2024-08-09 10:16:53,21200.0,1400,Sell,230503713
2024-08-09 10:16:53,21200.0,100,Sell,230503712
2024-08-09 10:16:53,21200.0,1300,Sell,230503711
2024-08-09 10:16:53,21200.0,500,Sell,230503710
2024-08-09 10:16:53,21200.0,1400,Sell,230503709
2024-08-09 10:16:53,21200.0,100,Sell,230503707
2024-08-09 10:16:53,21200.0,300,Sell,230503706
2024-08-09 10:16:53,21200.0,100,Sell,230503705
2024-08-09 10:16:53,21200.0,31400,Sell,230503694
2024-08-09 10:16:53,21200.0,200,Sell,230503703
2024-08-09 10:16:53,21200.0,1000,Sell,230503695
2024-08-09 10:16:53,21200.0,200,Sell,230503704
2024-08-09 10:16:53,21200.0,300,Sell,230503697
2024-08-09 10:16:53,21200.0,300,Sell,230503698
2024-08-09 10:16:53,21200.0,600,Sell,230503696
2024-08-09 10:16:53,21200.0,400,Sell,230503700
2024-08-09 10:16:53,21200.0,600,Sell,230503701
2024-08-09 10:16:53,21200.0,200,Sell,230503702
2024-08-09 10:16:53,21200.0,500,Sell,230503699
2024-08-09 10:16:53,21200.0,600,Sell,230503708
2024-08-09 10:16:55,21150.0,1000,Sell,230503749
2024-08-09 10:16:59,21200.0,100,Buy,230503820
2024-08-09 10:16:59,21200.0,3000,Buy,230503821
2024-08-09 10:17:11,21200.0,500,Buy,230503943
2024-08-09 10:17:27,21150.0,1000,Sell,230504185
2024-08-09 10:17:35,21200.0,100,Buy,230504324
2024-08-09 10:17:37,21200.0,3000,Buy,230504344
2024-08-09 10:17:38,21200.0,200,Buy,230504355
2024-08-09 10:17:55,21200.0,200,Buy,230504563
2024-08-09 10:17:57,21200.0,24600,Buy,230504612
2024-08-09 10:17:57,21200.0,800,Buy,230504611
2024-08-09 10:17:57,21200.0,100,Buy,230504610
2024-08-09 10:17:57,21200.0,21100,Buy,230504605
2024-08-09 10:17:57,21200.0,100,Buy,230504608
2024-08-09 10:17:57,21200.0,800,Buy,230504607
2024-08-09 10:17:57,21200.0,2000,Buy,230504606
2024-08-09 10:17:57,21200.0,500,Buy,230504609
2024-08-09 10:17:58,21150.0,900,Sell,230504697
2024-08-09 10:18:02,21200.0,2300,Buy,230504755
2024-08-09 10:18:04,21200.0,23100,Buy,230504794
2024-08-09 10:18:04,21200.0,1000,Buy,230504795
2024-08-09 10:18:04,21200.0,5000,Buy,230504796
2024-08-09 10:18:06,21200.0,500,Sell,230504828
2024-08-09 10:18:06,21200.0,1500,Sell,230504819
2024-08-09 10:18:10,21200.0,18900,Sell,230504874
2024-08-09 10:18:28,21200.0,100,Buy,230505106
2024-08-09 10:18:29,21150.0,1000,Sell,230505149
2024-08-09 10:18:37,21200.0,1000,Buy,230505238
2024-08-09 10:18:37,21200.0,4400,Buy,230505239
2024-08-09 10:18:37,21200.0,900,Buy,230505240
2024-08-09 10:18:37,21200.0,8000,Buy,230505241
2024-08-09 10:18:40,21200.0,600,Sell,230505286
2024-08-09 10:18:45,21200.0,1000,Sell,230505364
2024-08-09 10:18:58,21200.0,800,Sell,230505585
2024-08-09 10:18:58,21200.0,100,Sell,230505588
2024-08-09 10:19:01,21200.0,1900,Sell,230505636
2024-08-09 10:19:01,21200.0,1000,Sell,230505649
2024-08-09 10:19:03,21200.0,9800,Sell,230505663
2024-08-09 10:19:03,21200.0,200,Sell,230505664
2024-08-09 10:19:05,21200.0,500,Sell,230505682
2024-08-09 10:19:07,21200.0,1300,Sell,230505725
2024-08-09 10:19:07,21200.0,200,Sell,230505726
2024-08-09 10:19:10,21200.0,400,Sell,230505764
2024-08-09 10:19:17,21200.0,200,Sell,230505884
2024-08-09 10:19:19,21200.0,100,Sell,230505907
2024-08-09 10:19:30,21200.0,200,Sell,230506050
2024-08-09 10:19:31,21200.0,900,Sell,230506057
2024-08-09 10:19:33,21200.0,500,Sell,230506095
2024-08-09 10:19:34,21200.0,1000,Sell,230506101
2024-08-09 10:19:35,21250.0,200,Buy,230506130
2024-08-09 10:19:38,21200.0,300,Sell,230506183
2024-08-09 10:19:38,21250.0,10000,Buy,230506190
2024-08-09 10:19:52,21200.0,500,Sell,230506359
2024-08-09 10:19:57,21250.0,500,Buy,230506451
2024-08-09 10:20:00,21200.0,2200,Sell,230506481
2024-08-09 10:20:05,21200.0,800,Sell,230506547
2024-08-09 10:20:06,21200.0,900,Sell,230506568
2024-08-09 10:20:06,21200.0,1500,Sell,230506570
2024-08-09 10:20:11,21200.0,200,Sell,230506705
2024-08-09 10:20:11,21200.0,2000,Sell,230506704
2024-08-09 10:20:11,21200.0,100,Sell,230506703
2024-08-09 10:20:11,21200.0,400,Sell,230506702
2024-08-09 10:20:11,21200.0,100,Sell,230506699
2024-08-09 10:20:11,21200.0,500,Sell,230506701
2024-08-09 10:20:11,21200.0,800,Sell,230506700
2024-08-09 10:20:11,21200.0,5000,Sell,230506698
2024-08-09 10:20:11,21200.0,100,Sell,230506692
2024-08-09 10:20:11,21200.0,500,Sell,230506696
2024-08-09 10:20:11,21200.0,300,Sell,230506688
2024-08-09 10:20:11,21200.0,100,Sell,230506689
2024-08-09 10:20:11,21200.0,100,Sell,230506690
2024-08-09 10:20:11,21200.0,600,Sell,230506697
2024-08-09 10:20:11,21200.0,1300,Sell,230506693
2024-08-09 10:20:11,21200.0,200,Sell,230506695
2024-08-09 10:20:11,21200.0,100,Sell,230506691
2024-08-09 10:20:11,21200.0,200,Sell,230506694
2024-08-09 10:20:37,21150.0,900,Sell,230507069
2024-08-09 10:20:38,21150.0,500,Sell,230507072
2024-08-09 10:20:38,21150.0,300,Sell,230507073
2024-08-09 10:20:39,21200.0,100,Buy,230507088
2024-08-09 10:21:07,21200.0,100,Buy,230507531
2024-08-09 10:21:07,21150.0,200,Sell,230507527
2024-08-09 10:21:07,21150.0,100,Sell,230507526
2024-08-09 10:21:07,21150.0,700,Sell,230507525
2024-08-09 10:21:30,21200.0,7800,Buy,230507857
2024-08-09 10:21:30,21200.0,7200,Buy,230507856
2024-08-09 10:21:34,21150.0,100,Sell,230507903
2024-08-09 10:21:39,21200.0,100,Buy,230507990
2024-08-09 10:21:39,21150.0,200,Sell,230507992
2024-08-09 10:21:40,21150.0,400,Sell,230508026
2024-08-09 10:21:40,21150.0,100,Sell,230508027
2024-08-09 10:21:40,21150.0,500,Sell,230508028
2024-08-09 10:21:44,21150.0,200,Sell,230508088
2024-08-09 10:21:44,21150.0,500,Sell,230508086
2024-08-09 10:21:44,21150.0,100,Sell,230508087
2024-08-09 10:21:46,21150.0,1900,Sell,230508122
2024-08-09 10:21:52,21150.0,500,Sell,230508205
2024-08-09 10:22:11,21150.0,400,Sell,230508572
2024-08-09 10:22:11,21150.0,400,Sell,230508573
2024-08-09 10:22:11,21150.0,100,Sell,230508574
2024-08-09 10:22:11,21150.0,100,Sell,230508575
2024-08-09 10:22:19,21150.0,100,Sell,230508682
2024-08-09 10:22:19,21150.0,400,Sell,230508683
2024-08-09 10:22:19,21150.0,200,Sell,230508684
2024-08-09 10:22:19,21150.0,200,Sell,230508685
2024-08-09 10:22:22,21150.0,300,Sell,230508733
2024-08-09 10:22:34,21150.0,500,Sell,230508873
2024-08-09 10:22:43,21150.0,900,Sell,230509002
2024-08-09 10:22:52,21150.0,100,Sell,230509164
2024-08-09 10:22:52,21150.0,700,Sell,230509165
2024-08-09 10:22:52,21200.0,100,Buy,230509163
2024-08-09 10:22:53,21200.0,100,Buy,230509193
2024-08-09 10:23:09,21200.0,100,Buy,230509373
2024-08-09 10:23:13,21150.0,400,Sell,230509426
2024-08-09 10:23:13,21150.0,200,Sell,230509427
2024-08-09 10:23:13,21150.0,100,Sell,230509428
2024-08-09 10:23:13,21150.0,300,Sell,230509429
2024-08-09 10:23:24,21200.0,300,Buy,230509583
2024-08-09 10:23:30,21200.0,100,Buy,230509671
2024-08-09 10:23:36,21150.0,100,Sell,230509835
2024-08-09 10:23:36,21150.0,200,Sell,230509836
2024-08-09 10:23:45,21150.0,800,Sell,230510015
2024-08-09 10:23:45,21150.0,100,Sell,230510014
2024-08-09 10:23:47,21150.0,1100,Sell,230510060
2024-08-09 10:23:47,21150.0,1900,Sell,230510061
2024-08-09 10:23:49,21150.0,600,Sell,230510101
2024-08-09 10:23:49,21150.0,700,Sell,230510102
2024-08-09 10:23:58,21150.0,900,Sell,230510291
2024-08-09 10:24:00,21150.0,1700,Sell,230510325
2024-08-09 10:24:00,21150.0,300,Sell,230510326
2024-08-09 10:24:00,21150.0,1000,Sell,230510327
2024-08-09 10:24:16,21150.0,1000,Sell,230510589
2024-08-09 10:24:33,21150.0,700,Sell,230510876
2024-08-09 10:24:33,21150.0,1200,Sell,230510877
2024-08-09 10:24:33,21150.0,200,Sell,230510867
2024-08-09 10:24:33,21150.0,800,Sell,230510856
2024-08-09 10:24:33,21150.0,1800,Sell,230510868
2024-08-09 10:24:40,21150.0,200,Sell,230511019
2024-08-09 10:24:40,21150.0,300,Sell,230511018
2024-08-09 10:24:48,21150.0,1000,Sell,230511121
2024-08-09 10:24:53,21150.0,1000,Sell,230511174
2024-08-09 10:25:00,21150.0,500,Sell,230511306
2024-08-09 10:25:06,21150.0,900,Sell,230511378
2024-08-09 10:25:12,21200.0,100,Buy,230511519
2024-08-09 10:25:21,21150.0,1000,Sell,230511687
2024-08-09 10:25:39,21150.0,800,Sell,230511939
2024-08-09 10:25:52,21150.0,900,Sell,230512181
2024-08-09 10:26:00,21150.0,500,Sell,230512412
2024-08-09 10:26:08,21150.0,500,Sell,230512530
2024-08-09 10:26:13,21150.0,800,Sell,230512585
2024-08-09 10:26:19,21200.0,600,Buy,230512663
2024-08-09 10:26:19,21200.0,400,Buy,230512662
2024-08-09 10:26:22,21150.0,1000,Sell,230512696
2024-08-09 10:26:40,21150.0,100,Sell,230513032
2024-08-09 10:26:47,21150.0,300,Sell,230513216
2024-08-09 10:26:47,21150.0,600,Sell,230513217
2024-08-09 10:26:55,21150.0,1000,Sell,230513419
2024-08-09 10:26:57,21150.0,900,Sell,230513465
2024-08-09 10:26:57,21150.0,100,Sell,230513464
2024-08-09 10:26:57,21150.0,100,Sell,230513462
2024-08-09 10:26:57,21150.0,100,Sell,230513463
2024-08-09 10:26:57,21150.0,1000,Sell,230513460
2024-08-09 10:26:57,21150.0,500,Sell,230513459
2024-08-09 10:26:57,21150.0,100,Sell,230513458
2024-08-09 10:26:57,21150.0,5600,Sell,230513457
2024-08-09 10:26:57,21150.0,100,Sell,230513461
2024-08-09 10:27:20,21150.0,200,Sell,230514006
2024-08-09 10:27:20,21150.0,600,Sell,230514007
2024-08-09 10:27:20,21150.0,1800,Sell,230514020
2024-08-09 10:27:24,21150.0,100,Sell,230514094
2024-08-09 10:27:27,21150.0,1000,Sell,230514164
2024-08-09 10:27:27,21150.0,600,Sell,230514171
2024-08-09 10:27:31,21150.0,200,Sell,230514245
2024-08-09 10:27:35,21150.0,300,Sell,230514285
2024-08-09 10:27:36,21150.0,300,Sell,230514292
2024-08-09 10:27:40,21200.0,100,Buy,230514349
2024-08-09 10:27:40,21200.0,300,Buy,230514348
2024-08-09 10:27:40,21200.0,600,Buy,230514350
2024-08-09 10:27:40,21200.0,900,Buy,230514347
2024-08-09 10:27:40,21200.0,400,Buy,230514343
2024-08-09 10:27:40,21200.0,100,Buy,230514345
2024-08-09 10:27:40,21200.0,500,Buy,230514346
2024-08-09 10:27:40,21200.0,500,Buy,230514342
2024-08-09 10:27:40,21200.0,1600,Buy,230514344
2024-08-09 10:28:00,21150.0,1000,Sell,230514634
2024-08-09 10:28:05,21150.0,300,Sell,230514719
2024-08-09 10:28:13,21150.0,4500,Sell,230514829
2024-08-09 10:28:13,21150.0,100,Sell,230514828
2024-08-09 10:28:13,21150.0,100,Sell,230514827
2024-08-09 10:28:13,21150.0,3800,Sell,230514823
2024-08-09 10:28:13,21150.0,500,Sell,230514825
2024-08-09 10:28:13,21150.0,20000,Sell,230514826
2024-08-09 10:28:13,21150.0,1000,Sell,230514824
2024-08-09 10:28:16,21150.0,500,Sell,230514851
2024-08-09 10:28:19,21150.0,500,Sell,230514903
2024-08-09 10:28:20,21200.0,100,Buy,230514924
2024-08-09 10:28:24,21150.0,500,Sell,230514970
2024-08-09 10:28:26,21150.0,900,Sell,230515015
2024-08-09 10:28:27,21150.0,500,Sell,230515023
2024-08-09 10:28:30,21150.0,500,Sell,230515053
2024-08-09 10:28:32,21150.0,900,Sell,230515082
2024-08-09 10:28:40,21150.0,2000,Sell,230515176
2024-08-09 10:28:49,21150.0,10500,Sell,230515330
2024-08-09 10:28:49,21150.0,200,Sell,230515329
2024-08-09 10:28:49,21150.0,20000,Sell,230515327
2024-08-09 10:28:49,21150.0,9200,Sell,230515326
2024-08-09 10:28:49,21150.0,100,Sell,230515328
2024-08-09 10:28:55,21150.0,4000,Sell,230515396
2024-08-09 10:28:58,21150.0,500,Sell,230515431
2024-08-09 10:29:00,21150.0,800,Sell,230515462
2024-08-09 10:29:03,21150.0,1000,Sell,230515483
2024-08-09 10:29:32,21200.0,200,Buy,230515886
2024-08-09 10:29:35,21150.0,1000,Sell,230515938
2024-08-09 10:29:49,21150.0,300,Sell,230516175
2024-08-09 10:29:49,21150.0,2000,Sell,230516171
2024-08-09 10:29:49,21150.0,200,Sell,230516174
2024-08-09 10:29:57,21150.0,200,Sell,230516262
2024-08-09 10:29:58,21150.0,200,Sell,230516327
2024-08-09 10:29:58,21150.0,400,Sell,230516326
2024-08-09 10:29:58,21150.0,1100,Sell,230516325
2024-08-09 10:29:58,21150.0,100,Sell,230516324
2024-08-09 10:29:58,21150.0,100,Sell,230516323
2024-08-09 10:29:58,21150.0,100,Sell,230516322
2024-08-09 10:29:58,21150.0,100,Sell,230516321
2024-08-09 10:29:58,21150.0,200,Sell,230516320
2024-08-09 10:29:58,21150.0,400,Sell,230516328
2024-08-09 10:29:58,21150.0,1200,Sell,230516318
2024-08-09 10:29:58,21150.0,100,Sell,230516317
2024-08-09 10:29:58,21150.0,600,Sell,230516316
2024-08-09 10:29:58,21150.0,300,Sell,230516315
2024-08-09 10:29:58,21150.0,500,Sell,230516314
2024-08-09 10:29:58,21150.0,300,Sell,230516319
2024-08-09 10:29:58,21150.0,500,Sell,230516329
2024-08-09 10:29:58,21150.0,10000,Sell,230516341
2024-08-09 10:29:58,21150.0,1000,Sell,230516331
2024-08-09 10:29:58,21150.0,16000,Buy,230516349
2024-08-09 10:29:58,21150.0,200,Sell,230516346
2024-08-09 10:29:58,21150.0,100,Sell,230516345
2024-08-09 10:29:58,21150.0,100,Sell,230516344
2024-08-09 10:29:58,21150.0,12000,Sell,230516343
2024-08-09 10:29:58,21150.0,100,Sell,230516342
2024-08-09 10:29:58,21150.0,100,Sell,230516313
2024-08-09 10:29:58,21150.0,100,Sell,230516330
2024-08-09 10:29:58,21150.0,1600,Sell,230516340
2024-08-09 10:29:58,21150.0,200,Sell,230516338
2024-08-09 10:29:58,21150.0,100,Sell,230516337
2024-08-09 10:29:58,21150.0,1000,Sell,230516336
2024-08-09 10:29:58,21150.0,1000,Sell,230516335
2024-08-09 10:29:58,21150.0,100,Sell,230516334
2024-08-09 10:29:58,21150.0,100,Sell,230516333
2024-08-09 10:29:58,21150.0,1000,Sell,230516332
2024-08-09 10:29:58,21150.0,100,Sell,230516339
2024-08-09 10:29:58,21150.0,200,Sell,230516312
2024-08-09 10:29:58,21150.0,100,Sell,230516303
2024-08-09 10:29:58,21150.0,5000,Sell,230516310
2024-08-09 10:29:58,21150.0,200,Sell,230516288
2024-08-09 10:29:58,21150.0,500,Sell,230516311
2024-08-09 10:29:58,21150.0,700,Sell,230516286
2024-08-09 10:29:58,21150.0,100,Sell,230516285
2024-08-09 10:29:58,21150.0,5000,Sell,230516284
2024-08-09 10:29:58,21150.0,100,Sell,230516283
2024-08-09 10:29:58,21150.0,300,Sell,230516282
2024-08-09 10:29:58,21150.0,100,Sell,230516281
2024-08-09 10:29:58,21150.0,2000,Sell,230516280
2024-08-09 10:29:58,21150.0,800,Sell,230516279
2024-08-09 10:29:58,21150.0,200,Sell,230516278
2024-08-09 10:29:58,21150.0,500,Sell,230516277
2024-08-09 10:29:58,21150.0,1000,Sell,230516276
2024-08-09 10:29:58,21150.0,5000,Sell,230516275
2024-08-09 10:29:58,21150.0,6700,Sell,230516274
2024-08-09 10:29:58,21150.0,100,Sell,230516289
2024-08-09 10:29:58,21150.0,1000,Sell,230516290
2024-08-09 10:29:58,21150.0,1000,Sell,230516287
2024-08-09 10:29:58,21150.0,200,Sell,230516292
2024-08-09 10:29:58,21150.0,8000,Sell,230516309
2024-08-09 10:29:58,21150.0,2000,Sell,230516308
2024-08-09 10:29:58,21150.0,200,Sell,230516307
2024-08-09 10:29:58,21150.0,1000,Sell,230516291
2024-08-09 10:29:58,21150.0,10000,Sell,230516305
2024-08-09 10:29:58,21150.0,100,Sell,230516304
2024-08-09 10:29:58,21150.0,15000,Sell,230516301
2024-08-09 10:29:58,21150.0,4000,Sell,230516306
2024-08-09 10:29:58,21150.0,400,Sell,230516299
2024-08-09 10:29:58,21150.0,200,Sell,230516300
2024-08-09 10:29:58,21150.0,24700,Sell,230516293
2024-08-09 10:29:58,21150.0,100,Sell,230516294
2024-08-09 10:29:58,21150.0,400,Sell,230516295
2024-08-09 10:29:58,21150.0,100,Sell,230516302
2024-08-09 10:29:58,21150.0,1300,Sell,230516297
2024-08-09 10:29:58,21150.0,100,Sell,230516298
2024-08-09 10:29:58,21150.0,500,Sell,230516296
2024-08-09 10:30:06,21150.0,1000,Sell,230516437
2024-08-09 10:30:08,21150.0,1900,Sell,230516473
2024-08-09 10:30:08,21150.0,800,Sell,230516474
2024-08-09 10:30:11,21150.0,300,Sell,230516511
2024-08-09 10:30:11,21150.0,700,Sell,230516512
2024-08-09 10:30:14,21150.0,300,Sell,230516553
2024-08-09 10:30:14,21150.0,200,Sell,230516554
2024-08-09 10:30:16,21150.0,1000,Sell,230516579
2024-08-09 10:30:16,21150.0,100,Sell,230516576
2024-08-09 10:30:17,21150.0,200,Sell,230516593
2024-08-09 10:30:17,21150.0,300,Sell,230516592
2024-08-09 10:30:20,21150.0,200,Sell,230516624
2024-08-09 10:30:20,21150.0,100,Sell,230516627
2024-08-09 10:30:22,21150.0,500,Sell,230516646
2024-08-09 10:30:24,21150.0,500,Sell,230516684
2024-08-09 10:30:29,21150.0,100,Sell,230516729
2024-08-09 10:30:34,21200.0,100,Buy,230516779
2024-08-09 10:30:34,21200.0,100,Buy,230516780
2024-08-09 10:30:34,21200.0,300,Buy,230516781
2024-08-09 10:30:34,21200.0,500,Buy,230516782
2024-08-09 10:30:34,21150.0,1000,Sell,230516777
2024-08-09 10:30:39,21150.0,1000,Sell,230516840
2024-08-09 10:30:42,21150.0,300,Sell,230516879
2024-08-09 10:30:42,21150.0,500,Sell,230516876
2024-08-09 10:30:42,21150.0,400,Sell,230516878
2024-08-09 10:30:42,21150.0,100,Sell,230516874
2024-08-09 10:30:42,21150.0,500,Sell,230516873
2024-08-09 10:30:42,21150.0,800,Sell,230516871
2024-08-09 10:30:42,21150.0,100,Sell,230516875
2024-08-09 10:30:42,21150.0,1000,Sell,230516877
2024-08-09 10:30:51,21150.0,100,Buy,230517075
2024-08-09 10:31:05,21150.0,1000,Buy,230517212
2024-08-09 10:31:07,21150.0,100,Buy,230517237
2024-08-09 10:31:11,21100.0,1000,Sell,230517277
2024-08-09 10:31:14,21100.0,900,Sell,230517317
2024-08-09 10:31:34,21100.0,200,Sell,230517585
2024-08-09 10:31:43,21100.0,900,Sell,230517671
2024-08-09 10:31:45,21100.0,500,Sell,230517698
2024-08-09 10:31:48,21100.0,500,Sell,230517722
2024-08-09 10:31:49,21100.0,800,Sell,230517731
2024-08-09 10:31:53,21150.0,8900,Buy,230517777
2024-08-09 10:31:53,21150.0,1100,Buy,230517776
2024-08-09 10:32:00,21150.0,200,Buy,230517843
2024-08-09 10:32:00,21150.0,200,Buy,230517844
2024-08-09 10:32:00,21150.0,200,Buy,230517845
2024-08-09 10:32:00,21150.0,1000,Buy,230517846
2024-08-09 10:32:00,21150.0,200,Buy,230517847
2024-08-09 10:32:07,21150.0,300,Sell,230517961
2024-08-09 10:32:13,21150.0,1000,Sell,230518037
2024-08-09 10:32:13,21150.0,500,Sell,230518043
2024-08-09 10:32:14,21150.0,600,Sell,230518048
2024-08-09 10:32:16,21150.0,500,Sell,230518080
2024-08-09 10:32:16,21150.0,500,Sell,230518091
2024-08-09 10:32:19,21150.0,500,Sell,230518148
2024-08-09 10:32:22,21150.0,100,Sell,230518200
2024-08-09 10:32:22,21150.0,900,Sell,230518195
2024-08-09 10:32:22,21150.0,1400,Sell,230518198
2024-08-09 10:32:22,21150.0,200,Sell,230518199
2024-08-09 10:32:25,21150.0,400,Buy,230518241
2024-08-09 10:32:31,21150.0,600,Buy,230518304
2024-08-09 10:32:44,21150.0,100,Buy,230518422
2024-08-09 10:32:45,21100.0,1000,Sell,230518458
2024-08-09 10:32:53,21150.0,10000,Buy,230518533
2024-08-09 10:32:53,21100.0,1900,Sell,230518550
2024-08-09 10:32:56,21100.0,900,Sell,230518586
2024-08-09 10:33:02,21100.0,500,Sell,230518663
2024-08-09 10:33:18,21100.0,200,Sell,230518844
2024-08-09 10:33:18,21100.0,200,Sell,230518843
2024-08-09 10:33:18,21100.0,200,Sell,230518842
2024-08-09 10:33:18,21100.0,400,Sell,230518841
2024-08-09 10:33:29,21100.0,700,Sell,230518996
2024-08-09 10:33:29,21100.0,200,Sell,230518997
2024-08-09 10:33:50,21100.0,100,Sell,230519219
2024-08-09 10:33:50,21100.0,100,Sell,230519216
2024-08-09 10:33:50,21100.0,200,Sell,230519217
2024-08-09 10:33:50,21100.0,500,Sell,230519218
2024-08-09 10:34:02,21150.0,500,Buy,230519331
2024-08-09 10:34:03,21100.0,100,Sell,230519332
2024-08-09 10:34:03,21100.0,700,Sell,230519333
2024-08-09 10:34:04,21150.0,200,Buy,230519346
2024-08-09 10:34:04,21150.0,500,Buy,230519345
2024-08-09 10:34:04,21150.0,500,Buy,230519351
2024-08-09 10:34:04,21150.0,100,Buy,230519343
2024-08-09 10:34:04,21150.0,2500,Buy,230519342
2024-08-09 10:34:04,21150.0,3700,Buy,230519341
2024-08-09 10:34:04,21150.0,20000,Buy,230519344
2024-08-09 10:34:20,21150.0,100,Sell,230519568
2024-08-09 10:34:22,21150.0,800,Buy,230519599
2024-08-09 10:34:24,21150.0,300,Sell,230519619
2024-08-09 10:34:27,21150.0,500,Sell,230519656
2024-08-09 10:34:32,21150.0,2000,Sell,230519749
2024-08-09 10:34:36,21150.0,800,Sell,230519814
2024-08-09 10:34:47,21200.0,10000,Buy,230519980
2024-08-09 10:34:51,21150.0,1000,Sell,230520043
2024-08-09 10:35:04,21150.0,500,Sell,230520223
2024-08-09 10:35:10,21150.0,900,Sell,230520282
2024-08-09 10:35:24,21150.0,900,Sell,230520525
2024-08-09 10:35:25,21150.0,1500,Sell,230520549
2024-08-09 10:35:25,21150.0,100,Sell,230520548
2024-08-09 10:35:25,21150.0,2300,Sell,230520546
2024-08-09 10:35:25,21150.0,100,Sell,230520547
2024-08-09 10:35:40,21150.0,1900,Sell,230520729
2024-08-09 10:35:43,21150.0,800,Sell,230520749
2024-08-09 10:35:50,21150.0,500,Sell,230520853
2024-08-09 10:35:54,21150.0,1000,Sell,230520898
2024-08-09 10:36:17,21150.0,900,Sell,230521119
2024-08-09 10:36:24,21150.0,2000,Sell,230521219
2024-08-09 10:36:26,21150.0,1000,Sell,230521245
2024-08-09 10:36:27,21150.0,1000,Sell,230521263
2024-08-09 10:36:44,21150.0,200,Sell,230521498
2024-08-09 10:36:50,21150.0,800,Sell,230521557
2024-08-09 10:36:57,21150.0,900,Sell,230521646
2024-08-09 10:37:08,21200.0,300,Buy,230521785
2024-08-09 10:37:28,21150.0,1000,Sell,230522068
2024-08-09 10:37:36,21150.0,500,Sell,230522182
2024-08-09 10:37:40,21150.0,500,Sell,230522233
2024-08-09 10:37:41,21150.0,100,Sell,230522255
2024-08-09 10:37:57,21150.0,900,Sell,230522441
2024-08-09 10:38:01,21150.0,1000,Sell,230522497
2024-08-09 10:38:15,21150.0,100,Sell,230522687
2024-08-09 10:38:22,21200.0,2000,Buy,230522785
2024-08-09 10:38:31,21150.0,500,Sell,230522909
2024-08-09 10:38:33,21150.0,1000,Sell,230522934
2024-08-09 10:38:35,21150.0,500,Sell,230522961
2024-08-09 10:38:39,21150.0,500,Sell,230522990
2024-08-09 10:38:43,21150.0,100,Sell,230523050
2024-08-09 10:38:56,21150.0,100,Sell,230523213
2024-08-09 10:39:04,21150.0,200,Sell,230523316
2024-08-09 10:39:04,21150.0,700,Sell,230523315
2024-08-09 10:39:05,21150.0,1000,Sell,230523334
2024-08-09 10:39:10,21150.0,100,Sell,230523375
2024-08-09 10:39:21,21200.0,7900,Buy,230523528
2024-08-09 10:39:38,21150.0,1000,Sell,230523861
2024-08-09 10:39:50,21150.0,500,Sell,230524059
2024-08-09 10:40:04,21200.0,100,Buy,230524248
2024-08-09 10:40:10,21150.0,1000,Sell,230524385
2024-08-09 10:40:30,21150.0,200,Sell,230524682
2024-08-09 10:40:30,21150.0,100,Sell,230524683
2024-08-09 10:40:30,21150.0,200,Sell,230524684
2024-08-09 10:40:42,21150.0,1000,Sell,230524817
2024-08-09 10:40:45,21150.0,500,Sell,230524874
2024-08-09 10:40:45,21150.0,300,Sell,230524875
2024-08-09 10:40:45,21150.0,100,Sell,230524876
2024-08-09 10:40:59,21150.0,500,Sell,230525133
2024-08-09 10:41:07,21200.0,100,Buy,230525249
2024-08-09 10:41:08,21200.0,100,Buy,230525272
2024-08-09 10:41:15,21150.0,1000,Sell,230525400
2024-08-09 10:41:17,21150.0,100,Sell,230525469
2024-08-09 10:41:17,21150.0,100,Sell,230525470
2024-08-09 10:41:17,21150.0,500,Sell,230525471
2024-08-09 10:41:17,21150.0,100,Sell,230525472
2024-08-09 10:41:25,21150.0,400,Sell,230525599
2024-08-09 10:41:25,21150.0,100,Sell,230525600
2024-08-09 10:41:28,21150.0,100,Sell,230525670
2024-08-09 10:41:49,21150.0,1000,Sell,230526063
2024-08-09 10:41:52,21150.0,800,Sell,230526102
2024-08-09 10:41:54,21150.0,1000,Sell,230526154
2024-08-09 10:41:54,21150.0,200,Sell,230526153
2024-08-09 10:41:54,21150.0,700,Sell,230526152
