time,price,volume,match_type,id
2024-07-26 09:14:39,22700.0,57200,ATO/ATC,226562435
2024-07-26 09:14:58,22750.0,100,Buy,226562809
2024-07-26 09:14:58,22750.0,200,Buy,226562806
2024-07-26 09:14:58,22750.0,200,Buy,226562807
2024-07-26 09:14:58,22750.0,100,Buy,226562808
2024-07-26 09:15:36,22750.0,100,Sell,226563360
2024-07-26 09:15:36,22750.0,400,Sell,226563359
2024-07-26 09:15:36,22700.0,500,Sell,226563361
2024-07-26 09:15:37,22700.0,1000,Sell,226563373
2024-07-26 09:15:58,22700.0,1000,Sell,226563737
2024-07-26 09:16:10,22700.0,200,Sell,226563932
2024-07-26 09:16:17,22700.0,100,Sell,226564071
2024-07-26 09:16:39,22750.0,5000,Sell,226564357
2024-07-26 09:16:39,22750.0,1000,Sell,226564358
2024-07-26 09:16:39,22700.0,4400,Sell,226564359
2024-07-26 09:16:39,22700.0,200,Sell,226564360
2024-07-26 09:16:40,22700.0,100,Sell,226564381
2024-07-26 09:16:40,22700.0,100,Sell,226564384
2024-07-26 09:16:40,22700.0,4000,Sell,226564385
2024-07-26 09:16:40,22700.0,1000,Sell,226564388
2024-07-26 09:16:40,22700.0,100,Sell,226564387
2024-07-26 09:16:40,22700.0,2000,Sell,226564380
2024-07-26 09:16:40,22700.0,2600,Sell,226564389
2024-07-26 09:16:40,22750.0,100,Buy,226564394
2024-07-26 09:16:40,22700.0,500,Sell,226564386
2024-07-26 09:16:40,22700.0,100,Sell,226564379
2024-07-26 09:16:40,22700.0,1300,Sell,226564383
2024-07-26 09:16:40,22700.0,500,Sell,226564377
2024-07-26 09:16:40,22700.0,1000,Sell,226564378
2024-07-26 09:16:40,22700.0,200,Sell,226564367
2024-07-26 09:16:40,22700.0,500,Sell,226564368
2024-07-26 09:16:40,22700.0,200,Sell,226564369
2024-07-26 09:16:40,22700.0,100,Sell,226564370
2024-07-26 09:16:40,22700.0,300,Sell,226564371
2024-07-26 09:16:40,22700.0,200,Sell,226564382
2024-07-26 09:16:40,22700.0,3000,Sell,226564373
2024-07-26 09:16:40,22700.0,1000,Sell,226564374
2024-07-26 09:16:40,22700.0,300,Sell,226564372
2024-07-26 09:16:40,22700.0,200,Sell,226564375
2024-07-26 09:16:40,22700.0,100,Sell,226564376
2024-07-26 09:17:26,22800.0,1000,Buy,226565187
2024-07-26 09:17:26,22800.0,500,Buy,226565186
2024-07-26 09:17:26,22800.0,100,Buy,226565184
2024-07-26 09:17:26,22800.0,100,Buy,226565183
2024-07-26 09:17:26,22800.0,100,Buy,226565185
2024-07-26 09:17:27,22750.0,100,Sell,226565197
2024-07-26 09:17:47,22750.0,2000,Sell,226565502
2024-07-26 09:17:47,22750.0,200,Sell,226565519
2024-07-26 09:17:47,22750.0,400,Sell,226565518
2024-07-26 09:17:47,22750.0,2000,Sell,226565517
2024-07-26 09:17:47,22750.0,100,Sell,226565516
2024-07-26 09:17:47,22750.0,400,Sell,226565515
2024-07-26 09:17:47,22750.0,500,Sell,226565514
2024-07-26 09:17:47,22750.0,2000,Sell,226565513
2024-07-26 09:17:47,22750.0,600,Sell,226565501
2024-07-26 09:17:47,22750.0,1000,Sell,226565499
2024-07-26 09:17:47,22750.0,2800,Sell,226565493
2024-07-26 09:17:47,22750.0,200,Sell,226565494
2024-07-26 09:17:47,22750.0,500,Sell,226565495
2024-07-26 09:17:47,22750.0,1000,Sell,226565500
2024-07-26 09:17:47,22750.0,1000,Sell,226565497
2024-07-26 09:17:47,22750.0,1000,Sell,226565496
2024-07-26 09:17:47,22750.0,500,Sell,226565498
2024-07-26 09:17:48,22750.0,2400,Buy,226565532
2024-07-26 09:17:52,22750.0,100,Buy,226565607
2024-07-26 09:17:57,22750.0,200,Buy,226565679
2024-07-26 09:18:00,22750.0,1100,Buy,226565707
2024-07-26 09:18:13,22750.0,18900,Sell,226565942
2024-07-26 09:18:13,22750.0,100,Sell,226565943
2024-07-26 09:18:13,22750.0,3000,Sell,226565945
2024-07-26 09:18:13,22750.0,600,Sell,226565946
2024-07-26 09:18:13,22750.0,200,Sell,226565944
2024-07-26 09:18:52,22750.0,1000,Sell,226566706
2024-07-26 09:18:52,22750.0,500,Sell,226566701
2024-07-26 09:18:52,22750.0,300,Sell,226566702
2024-07-26 09:18:52,22750.0,200,Sell,226566703
2024-07-26 09:18:52,22750.0,100,Sell,226566704
2024-07-26 09:18:52,22750.0,100,Sell,226566705
2024-07-26 09:18:53,22750.0,1000,Buy,226566731
2024-07-26 09:19:11,22750.0,900,Buy,226567103
2024-07-26 09:19:13,22750.0,100,Buy,226567146
2024-07-26 09:19:14,22750.0,1100,Buy,226567149
2024-07-26 09:19:17,22750.0,200,Buy,226567188
2024-07-26 09:19:19,22750.0,500,Buy,226567225
2024-07-26 09:19:28,22750.0,5000,Buy,226567421
2024-07-26 09:19:33,22750.0,200,Buy,226567547
2024-07-26 09:19:35,22750.0,1000,Buy,226567572
2024-07-26 09:19:38,22750.0,100,Buy,226567652
2024-07-26 09:19:45,22750.0,200,Buy,226567742
2024-07-26 09:19:53,22750.0,1500,Buy,226567887
2024-07-26 09:19:54,22750.0,500,Buy,226567907
2024-07-26 09:19:55,22750.0,500,Buy,226567910
2024-07-26 09:20:07,22750.0,200,Buy,226568110
2024-07-26 09:20:14,22750.0,200,Buy,226568299
2024-07-26 09:20:20,22750.0,100,Buy,226568407
2024-07-26 09:20:25,22750.0,100,Buy,226568475
2024-07-26 09:20:29,22750.0,100,Buy,226568530
2024-07-26 09:20:39,22750.0,400,Buy,226568680
2024-07-26 09:20:49,22750.0,1000,Buy,226568822
2024-07-26 09:20:59,22750.0,200,Buy,226568991
2024-07-26 09:21:02,22750.0,200,Buy,226569023
2024-07-26 09:21:08,22750.0,5000,Buy,226569190
2024-07-26 09:21:12,22750.0,300,Buy,226569244
2024-07-26 09:21:13,22750.0,300,Buy,226569256
2024-07-26 09:21:13,22750.0,100,Buy,226569255
2024-07-26 09:22:10,22750.0,500,Sell,226570189
2024-07-26 09:22:10,22750.0,900,Sell,226570190
2024-07-26 09:22:10,22750.0,600,Sell,226570188
2024-07-26 09:22:13,22750.0,3700,Sell,226570260
2024-07-26 09:22:13,22750.0,100,Sell,226570259
2024-07-26 09:22:13,22750.0,1000,Sell,226570256
2024-07-26 09:22:13,22750.0,300,Sell,226570258
2024-07-26 09:22:13,22750.0,3000,Sell,226570254
2024-07-26 09:22:13,22750.0,1000,Sell,226570253
2024-07-26 09:22:13,22750.0,400,Sell,226570252
2024-07-26 09:22:13,22750.0,100,Sell,226570251
2024-07-26 09:22:13,22750.0,9000,Sell,226570255
2024-07-26 09:22:13,22750.0,1000,Sell,226570257
2024-07-26 09:22:16,22750.0,100,Buy,226570315
2024-07-26 09:22:18,22750.0,300,Buy,226570351
2024-07-26 09:22:26,22750.0,500,Buy,226570490
2024-07-26 09:22:27,22750.0,200,Buy,226570500
2024-07-26 09:22:38,22750.0,100,Buy,226570743
2024-07-26 09:22:46,22750.0,1000,Buy,226570878
2024-07-26 09:22:47,22750.0,300,Buy,226570889
2024-07-26 09:22:50,22750.0,1000,Buy,226570921
2024-07-26 09:22:53,22750.0,200,Buy,226571001
2024-07-26 09:22:58,22750.0,300,Buy,226571095
2024-07-26 09:23:06,22750.0,6400,Buy,226571263
2024-07-26 09:23:31,22750.0,3600,Sell,226571711
2024-07-26 09:23:31,22750.0,500,Sell,226571712
2024-07-26 09:23:31,22750.0,2500,Sell,226571713
2024-07-26 09:23:31,22750.0,100,Sell,226571714
2024-07-26 09:23:32,22750.0,100,Buy,226571719
2024-07-26 09:23:33,22750.0,200,Buy,226571730
2024-07-26 09:23:39,22750.0,1000,Buy,226571860
2024-07-26 09:23:40,22750.0,1000,Buy,226571869
2024-07-26 09:23:42,22750.0,300,Buy,226571926
2024-07-26 09:23:49,22750.0,1300,Buy,226572062
2024-07-26 09:23:49,22750.0,700,Buy,226572061
2024-07-26 09:24:00,22750.0,100,Buy,226572309
2024-07-26 09:24:00,22750.0,100,Buy,226572310
2024-07-26 09:24:15,22700.0,400,Sell,226572541
2024-07-26 09:24:18,22750.0,5700,Buy,226572599
2024-07-26 09:24:36,22750.0,400,Buy,226572911
2024-07-26 09:24:36,22750.0,100,Buy,226572912
2024-07-26 09:24:44,22750.0,1000,Buy,226573132
2024-07-26 09:24:48,22750.0,1000,Buy,226573225
2024-07-26 09:24:55,22750.0,200,Buy,226573343
2024-07-26 09:24:58,22750.0,100,Buy,226573418
2024-07-26 09:25:58,22750.0,400,Buy,226574433
2024-07-26 09:26:00,22750.0,100,Buy,226574479
2024-07-26 09:26:03,22750.0,300,Buy,226574531
2024-07-26 09:26:06,22750.0,100,Buy,226574587
2024-07-26 09:26:22,22750.0,500,Buy,226574859
2024-07-26 09:26:23,22750.0,300,Buy,226574894
2024-07-26 09:26:26,22750.0,400,Buy,226574934
2024-07-26 09:26:43,22750.0,800,Buy,226575269
2024-07-26 09:26:49,22750.0,100,Buy,226575346
2024-07-26 09:27:07,22750.0,900,Buy,226575659
2024-07-26 09:27:07,22750.0,17100,Buy,226575657
2024-07-26 09:27:07,22750.0,2000,Buy,226575658
2024-07-26 09:27:10,22750.0,200,Buy,226575711
2024-07-26 09:27:12,22750.0,100,Buy,226575750
2024-07-26 09:27:21,22750.0,1000,Buy,226575930
2024-07-26 09:27:27,22750.0,300,Buy,226576044
2024-07-26 09:27:41,22750.0,500,Buy,226576364
2024-07-26 09:27:49,22750.0,1000,Buy,226576484
2024-07-26 09:28:06,22750.0,500,Buy,226576795
2024-07-26 09:28:18,22750.0,1000,Buy,226576988
2024-07-26 09:28:32,22750.0,200,Buy,226577304
2024-07-26 09:29:11,22750.0,100,Buy,226577925
2024-07-26 09:29:32,22750.0,500,Buy,226578370
2024-07-26 09:29:33,22750.0,100,Buy,226578399
2024-07-26 09:29:47,22750.0,500,Buy,226578671
2024-07-26 09:29:55,22700.0,3000,Sell,226578841
2024-07-26 09:30:13,22700.0,1000,Sell,226579200
2024-07-26 09:30:17,22750.0,3000,Buy,226579291
2024-07-26 09:30:19,22700.0,2000,Sell,226579328
2024-07-26 09:30:24,22750.0,100,Buy,226579408
2024-07-26 09:30:37,22750.0,1000,Buy,226579691
2024-07-26 09:31:14,22700.0,1200,Sell,226580494
2024-07-26 09:31:20,22700.0,14800,Sell,226580658
2024-07-26 09:31:20,22700.0,8000,Sell,226580659
2024-07-26 09:31:27,22700.0,1000,Sell,226580818
2024-07-26 09:31:31,22750.0,3000,Buy,226580929
2024-07-26 09:31:45,22700.0,500,Sell,226581271
2024-07-26 09:31:50,22750.0,500,Buy,226581385
2024-07-26 09:31:56,22700.0,100,Sell,226581501
2024-07-26 09:31:56,22700.0,500,Sell,226581506
2024-07-26 09:31:56,22700.0,1000,Sell,226581505
2024-07-26 09:31:56,22700.0,500,Sell,226581504
2024-07-26 09:31:56,22700.0,100,Sell,226581503
2024-07-26 09:31:56,22700.0,200,Sell,226581502
2024-07-26 09:31:56,22700.0,100,Sell,226581500
2024-07-26 09:31:56,22700.0,3000,Sell,226581507
2024-07-26 09:31:56,22700.0,1800,Sell,226581498
2024-07-26 09:31:56,22700.0,500,Sell,226581491
2024-07-26 09:31:56,22700.0,100,Sell,226581492
2024-07-26 09:31:56,22700.0,100,Sell,226581493
2024-07-26 09:31:56,22700.0,100,Sell,226581499
2024-07-26 09:31:56,22700.0,200,Sell,226581495
2024-07-26 09:31:56,22700.0,200,Sell,226581496
2024-07-26 09:31:56,22700.0,1000,Sell,226581497
2024-07-26 09:31:56,22700.0,500,Sell,226581494
2024-07-26 09:32:03,22700.0,100,Sell,226581717
2024-07-26 09:32:03,22700.0,100,Sell,226581718
2024-07-26 09:32:14,22700.0,1000,Sell,226581911
2024-07-26 09:32:14,22700.0,100,Sell,226581912
2024-07-26 09:32:14,22700.0,100,Sell,226581913
2024-07-26 09:32:14,22700.0,200,Sell,226581914
2024-07-26 09:32:14,22700.0,100,Sell,226581915
2024-07-26 09:32:14,22700.0,100,Sell,226581916
2024-07-26 09:32:14,22700.0,1000,Sell,226581917
2024-07-26 09:32:14,22700.0,100,Sell,226581918
2024-07-26 09:32:14,22700.0,4400,Sell,226581919
2024-07-26 09:32:14,22700.0,100,Sell,226581922
2024-07-26 09:32:14,22700.0,100,Sell,226581921
2024-07-26 09:32:14,22700.0,500,Sell,226581910
2024-07-26 09:32:14,22700.0,5000,Sell,226581923
2024-07-26 09:32:14,22700.0,800,Sell,226581924
2024-07-26 09:32:14,22700.0,2000,Sell,226581925
2024-07-26 09:32:14,22700.0,500,Sell,226581926
2024-07-26 09:32:14,22700.0,1000,Sell,226581927
2024-07-26 09:32:14,22700.0,500,Sell,226581928
2024-07-26 09:32:14,22700.0,5000,Sell,226581920
2024-07-26 09:32:14,22700.0,1000,Sell,226581909
2024-07-26 09:32:14,22700.0,3400,Sell,226581929
2024-07-26 09:32:14,22700.0,100,Sell,226581907
2024-07-26 09:32:14,22700.0,100,Sell,226581908
2024-07-26 09:32:14,22700.0,1000,Sell,226581889
2024-07-26 09:32:14,22700.0,200,Sell,226581890
2024-07-26 09:32:14,22700.0,2000,Sell,226581891
2024-07-26 09:32:14,22700.0,100,Sell,226581892
2024-07-26 09:32:14,22700.0,500,Sell,226581893
2024-07-26 09:32:14,22700.0,100,Sell,226581894
2024-07-26 09:32:14,22700.0,200,Sell,226581895
2024-07-26 09:32:14,22700.0,900,Sell,226581888
2024-07-26 09:32:14,22700.0,900,Sell,226581896
2024-07-26 09:32:14,22700.0,300,Sell,226581898
2024-07-26 09:32:14,22700.0,100,Sell,226581899
2024-07-26 09:32:14,22700.0,200,Sell,226581900
2024-07-26 09:32:14,22700.0,1000,Sell,226581901
2024-07-26 09:32:14,22700.0,100,Sell,226581902
2024-07-26 09:32:14,22700.0,100,Sell,226581903
2024-07-26 09:32:14,22700.0,100,Sell,226581904
2024-07-26 09:32:14,22700.0,20000,Sell,226581905
2024-07-26 09:32:14,22700.0,10000,Sell,226581906
2024-07-26 09:32:14,22700.0,5000,Sell,226581897
2024-07-26 09:32:22,22700.0,2000,Sell,226582069
2024-07-26 09:32:30,22700.0,4400,Sell,226582231
2024-07-26 09:32:30,22700.0,100,Sell,226582230
2024-07-26 09:32:30,22700.0,100,Sell,226582227
2024-07-26 09:32:30,22700.0,300,Sell,226582228
2024-07-26 09:32:30,22700.0,4600,Sell,226582226
2024-07-26 09:32:30,22700.0,500,Sell,226582229
2024-07-26 09:32:32,22700.0,600,Sell,226582272
2024-07-26 09:32:32,22700.0,2200,Sell,226582273
2024-07-26 09:32:32,22700.0,100,Sell,226582274
2024-07-26 09:32:32,22700.0,300,Sell,226582275
2024-07-26 09:32:32,22700.0,1000,Sell,226582276
2024-07-26 09:32:32,22700.0,200,Sell,226582277
2024-07-26 09:32:36,22700.0,1800,Sell,226582374
2024-07-26 09:32:36,22700.0,200,Sell,226582375
2024-07-26 09:32:43,22700.0,1000,Sell,226582500
2024-07-26 09:32:43,22700.0,100,Sell,226582504
2024-07-26 09:32:43,22700.0,200,Sell,226582503
2024-07-26 09:32:43,22700.0,500,Sell,226582502
2024-07-26 09:32:43,22700.0,500,Sell,226582501
2024-07-26 09:32:43,22700.0,100,Sell,226582499
2024-07-26 09:32:43,22700.0,500,Sell,226582505
2024-07-26 09:32:43,22700.0,100,Sell,226582497
2024-07-26 09:32:43,22700.0,600,Sell,226582498
2024-07-26 09:32:43,22700.0,2000,Sell,226582493
2024-07-26 09:32:43,22700.0,1800,Sell,226582492
2024-07-26 09:32:43,22700.0,100,Sell,226582495
2024-07-26 09:32:43,22700.0,2000,Sell,226582494
2024-07-26 09:32:43,22700.0,500,Sell,226582496
2024-07-26 09:32:45,22700.0,500,Sell,226582546
2024-07-26 09:32:45,22700.0,600,Sell,226582547
2024-07-26 09:32:45,22700.0,100,Sell,226582548
2024-07-26 09:32:45,22700.0,20400,Sell,226582549
2024-07-26 09:32:49,22700.0,100,Sell,226582642
2024-07-26 09:32:49,22700.0,1000,Sell,226582640
2024-07-26 09:32:49,22700.0,100,Sell,226582643
2024-07-26 09:32:49,22700.0,200,Sell,226582638
2024-07-26 09:32:49,22700.0,1100,Sell,226582637
2024-07-26 09:32:49,22700.0,500,Sell,226582639
2024-07-26 09:32:49,22700.0,200,Sell,226582641
2024-07-26 09:32:50,22750.0,100,Buy,226582645
2024-07-26 09:32:51,22700.0,1500,Sell,226582666
2024-07-26 09:32:51,22700.0,1500,Sell,226582667
2024-07-26 09:32:55,22700.0,100,Sell,226582764
2024-07-26 09:32:56,22700.0,100,Sell,226582775
2024-07-26 09:32:56,22700.0,400,Sell,226582776
2024-07-26 09:32:56,22700.0,200,Sell,226582777
2024-07-26 09:32:56,22700.0,2000,Sell,226582778
2024-07-26 09:32:56,22700.0,300,Sell,226582779
2024-07-26 09:33:01,22700.0,3000,Sell,226582842
2024-07-26 09:33:04,22700.0,1000,Sell,226582884
2024-07-26 09:33:05,22700.0,10000,Sell,226582885
2024-07-26 09:33:07,22700.0,100,Sell,226582936
2024-07-26 09:33:07,22700.0,200,Sell,226582937
2024-07-26 09:33:07,22700.0,200,Sell,226582938
2024-07-26 09:33:07,22700.0,4400,Sell,226582939
2024-07-26 09:33:07,22700.0,1000,Sell,226582940
2024-07-26 09:33:07,22700.0,15700,Sell,226582935
2024-07-26 09:33:09,22700.0,100,Sell,226582962
2024-07-26 09:33:09,22700.0,100,Sell,226582963
2024-07-26 09:33:09,22700.0,2300,Sell,226582964
2024-07-26 09:33:11,22700.0,3000,Sell,226583001
2024-07-26 09:33:13,22700.0,200,Sell,226583034
2024-07-26 09:33:14,22700.0,1500,Sell,226583038
2024-07-26 09:33:14,22700.0,100,Sell,226583039
2024-07-26 09:33:14,22700.0,100,Sell,226583040
2024-07-26 09:33:14,22700.0,5000,Sell,226583041
2024-07-26 09:33:14,22700.0,500,Sell,226583042
2024-07-26 09:33:16,22700.0,5000,Buy,226583083
2024-07-26 09:33:20,22700.0,100,Buy,226583176
2024-07-26 09:33:26,22650.0,100,Sell,226583279
2024-07-26 09:33:26,22650.0,1600,Sell,226583290
2024-07-26 09:33:26,22650.0,200,Sell,226583289
2024-07-26 09:33:26,22650.0,100,Sell,226583288
2024-07-26 09:33:26,22650.0,500,Sell,226583287
2024-07-26 09:33:26,22650.0,2000,Sell,226583286
2024-07-26 09:33:26,22650.0,100,Sell,226583285
2024-07-26 09:33:26,22650.0,500,Sell,226583284
2024-07-26 09:33:26,22650.0,200,Sell,226583283
2024-07-26 09:33:26,22650.0,100,Sell,226583282
2024-07-26 09:33:26,22650.0,600,Sell,226583281
2024-07-26 09:33:26,22650.0,100,Sell,226583280
2024-07-26 09:33:26,22650.0,100,Sell,226583278
2024-07-26 09:33:26,22650.0,100,Sell,226583274
2024-07-26 09:33:26,22650.0,1000,Sell,226583276
2024-07-26 09:33:26,22650.0,100,Sell,226583264
2024-07-26 09:33:26,22650.0,400,Sell,226583277
2024-07-26 09:33:26,22650.0,300,Sell,226583266
2024-07-26 09:33:26,22650.0,1000,Sell,226583267
2024-07-26 09:33:26,22650.0,5000,Sell,226583268
2024-07-26 09:33:26,22650.0,100,Sell,226583269
2024-07-26 09:33:26,22650.0,500,Sell,226583265
2024-07-26 09:33:26,22650.0,7000,Sell,226583271
2024-07-26 09:33:26,22650.0,1000,Sell,226583272
2024-07-26 09:33:26,22650.0,300,Sell,226583273
2024-07-26 09:33:26,22650.0,1800,Sell,226583275
2024-07-26 09:33:26,22650.0,200,Sell,226583270
2024-07-26 09:33:36,22700.0,600,Buy,226583464
2024-07-26 09:33:39,22700.0,1000,Buy,226583500
2024-07-26 09:33:39,22650.0,100,Sell,226583519
2024-07-26 09:33:44,22650.0,2100,Sell,226583585
2024-07-26 09:33:45,22650.0,500,Sell,226583618
2024-07-26 09:33:45,22650.0,2400,Sell,226583622
2024-07-26 09:33:45,22650.0,10000,Sell,226583621
2024-07-26 09:33:45,22650.0,100,Sell,226583620
2024-07-26 09:33:45,22650.0,700,Sell,226583619
2024-07-26 09:33:45,22650.0,200,Sell,226583617
2024-07-26 09:33:45,22650.0,500,Sell,226583612
2024-07-26 09:33:45,22650.0,100,Sell,226583615
2024-07-26 09:33:45,22650.0,6200,Sell,226583610
2024-07-26 09:33:45,22650.0,300,Sell,226583611
2024-07-26 09:33:45,22650.0,1000,Sell,226583616
2024-07-26 09:33:45,22650.0,200,Sell,226583614
2024-07-26 09:33:45,22650.0,200,Sell,226583613
2024-07-26 09:33:49,22700.0,800,Buy,226583723
2024-07-26 09:33:52,22650.0,12500,Sell,226583764
2024-07-26 09:33:52,22650.0,1000,Sell,226583763
2024-07-26 09:33:52,22650.0,200,Sell,226583761
2024-07-26 09:33:52,22650.0,1000,Sell,226583762
2024-07-26 09:33:52,22650.0,500,Sell,226583758
2024-07-26 09:33:52,22650.0,200,Sell,226583757
2024-07-26 09:33:52,22650.0,200,Sell,226583756
2024-07-26 09:33:52,22650.0,400,Sell,226583755
2024-07-26 09:33:52,22650.0,1000,Sell,226583759
2024-07-26 09:33:52,22650.0,5000,Sell,226583760
2024-07-26 09:34:06,22650.0,900,Sell,226583955
2024-07-26 09:34:07,22650.0,6600,Sell,226583979
2024-07-26 09:34:07,22650.0,100,Sell,226583980
2024-07-26 09:34:07,22650.0,200,Sell,226583981
2024-07-26 09:34:07,22650.0,3100,Sell,226583982
2024-07-26 09:34:11,22650.0,1500,Sell,226584068
2024-07-26 09:34:21,22700.0,100,Buy,226584258
2024-07-26 09:34:24,22650.0,100,Sell,226584302
2024-07-26 09:34:24,22650.0,500,Sell,226584303
2024-07-26 09:34:24,22650.0,1000,Sell,226584304
2024-07-26 09:34:24,22650.0,400,Sell,226584301
2024-07-26 09:34:35,22650.0,1000,Sell,226584457
2024-07-26 09:34:35,22650.0,2000,Sell,226584458
2024-07-26 09:34:42,22650.0,500,Sell,226584613
2024-07-26 09:34:42,22650.0,4000,Sell,226584614
2024-07-26 09:34:42,22650.0,100,Sell,226584615
2024-07-26 09:34:42,22650.0,2000,Sell,226584616
2024-07-26 09:34:42,22650.0,3400,Sell,226584617
2024-07-26 09:34:47,22650.0,400,Sell,226584703
2024-07-26 09:34:49,22650.0,100,Sell,226584731
2024-07-26 09:34:49,22650.0,100,Sell,226584732
2024-07-26 09:34:49,22650.0,600,Sell,226584733
2024-07-26 09:34:49,22650.0,200,Sell,226584730
2024-07-26 09:35:06,22650.0,500,Sell,226585114
2024-07-26 09:35:06,22650.0,2000,Sell,226585115
2024-07-26 09:35:12,22650.0,100,Sell,226585208
2024-07-26 09:35:12,22650.0,100,Sell,226585207
2024-07-26 09:35:12,22650.0,100,Sell,226585206
2024-07-26 09:35:12,22650.0,1000,Sell,226585205
2024-07-26 09:35:12,22650.0,100,Sell,226585202
2024-07-26 09:35:12,22650.0,100,Sell,226585203
2024-07-26 09:35:12,22650.0,100,Sell,226585204
2024-07-26 09:35:12,22650.0,2200,Sell,226585199
2024-07-26 09:35:12,22650.0,200,Sell,226585201
2024-07-26 09:35:12,22650.0,200,Sell,226585200
2024-07-26 09:35:20,22600.0,700,Sell,226585383
2024-07-26 09:35:20,22600.0,400,Sell,226585387
2024-07-26 09:35:32,22650.0,400,Buy,226585630
2024-07-26 09:35:33,22650.0,500,Buy,226585645
2024-07-26 09:35:47,22650.0,100,Buy,226585870
2024-07-26 09:35:48,22650.0,100,Buy,226585892
2024-07-26 09:35:54,22650.0,800,Buy,226585975
2024-07-26 09:35:56,22650.0,1000,Buy,226586024
2024-07-26 09:36:02,22600.0,2000,Sell,226586132
2024-07-26 09:36:06,22650.0,100,Buy,226586198
2024-07-26 09:36:06,22650.0,400,Buy,226586199
2024-07-26 09:36:06,22650.0,200,Buy,226586200
2024-07-26 09:36:13,22650.0,800,Buy,226586307
2024-07-26 09:36:18,22650.0,500,Sell,226586386
2024-07-26 09:36:28,22650.0,500,Sell,226586531
2024-07-26 09:36:28,22650.0,700,Sell,226586529
2024-07-26 09:36:28,22650.0,500,Sell,226586530
2024-07-26 09:36:30,22650.0,400,Buy,226586552
2024-07-26 09:36:34,22650.0,600,Sell,226586654
2024-07-26 09:36:34,22650.0,100,Sell,226586655
2024-07-26 09:36:37,22650.0,5700,Buy,226586684
2024-07-26 09:36:41,22650.0,2000,Buy,226586743
2024-07-26 09:36:53,22650.0,1000,Buy,226586961
2024-07-26 09:36:57,22600.0,500,Sell,226587005
2024-07-26 09:36:57,22650.0,1000,Buy,226587007
2024-07-26 09:37:02,22600.0,100,Sell,226587069
2024-07-26 09:37:09,22650.0,200,Buy,226587219
2024-07-26 09:37:09,22650.0,500,Buy,226587216
2024-07-26 09:37:27,22650.0,200,Buy,226587516
2024-07-26 09:37:29,22650.0,1100,Buy,226587590
2024-07-26 09:37:34,22650.0,100,Buy,226587659
2024-07-26 09:37:48,22650.0,100,Buy,226587894
2024-07-26 09:37:50,22600.0,1300,Sell,226587932
2024-07-26 09:37:50,22600.0,400,Sell,226587933
2024-07-26 09:37:53,22650.0,100,Buy,226587985
2024-07-26 09:37:54,22650.0,100,Buy,226588009
2024-07-26 09:37:54,22650.0,200,Buy,226588014
2024-07-26 09:38:08,22650.0,200,Buy,226588283
2024-07-26 09:38:09,22650.0,100,Buy,226588303
2024-07-26 09:38:09,22650.0,200,Buy,226588287
2024-07-26 09:38:09,22650.0,100,Buy,226588286
2024-07-26 09:38:11,22650.0,2000,Buy,226588320
2024-07-26 09:38:11,22650.0,300,Buy,226588329
2024-07-26 09:38:14,22650.0,2000,Buy,226588345
2024-07-26 09:38:29,22650.0,1000,Buy,226588534
2024-07-26 09:38:38,22650.0,200,Buy,226588701
2024-07-26 09:38:46,22650.0,500,Buy,226588787
2024-07-26 09:38:46,22600.0,1000,Sell,226588788
2024-07-26 09:38:51,22650.0,100,Buy,226588838
2024-07-26 09:39:18,22600.0,2000,Sell,226589215
2024-07-26 09:39:20,22650.0,100,Buy,226589245
2024-07-26 09:39:25,22650.0,1000,Buy,226589307
2024-07-26 09:40:20,22650.0,100,Buy,226590177
2024-07-26 09:40:37,22600.0,100,Sell,226590478
2024-07-26 09:40:38,22650.0,100,Buy,226590519
2024-07-26 09:40:40,22650.0,600,Buy,226590565
2024-07-26 09:40:40,22650.0,400,Buy,226590566
2024-07-26 09:40:41,22650.0,100,Buy,226590567
2024-07-26 09:40:41,22650.0,1900,Buy,226590568
2024-07-26 09:40:41,22650.0,100,Buy,226590569
2024-07-26 09:40:47,22600.0,1000,Sell,226590680
2024-07-26 09:40:52,22600.0,100,Sell,226590773
2024-07-26 09:40:52,22600.0,200,Sell,226590772
2024-07-26 09:40:52,22600.0,100,Sell,226590771
2024-07-26 09:40:52,22600.0,500,Sell,226590769
2024-07-26 09:40:52,22600.0,100,Sell,226590770
2024-07-26 09:40:54,22600.0,100,Sell,226590864
2024-07-26 09:40:54,22600.0,1400,Sell,226590865
2024-07-26 09:40:58,22650.0,200,Buy,226590905
2024-07-26 09:41:13,22600.0,300,Sell,226591126
2024-07-26 09:41:20,22650.0,100,Buy,226591251
2024-07-26 09:41:21,22650.0,100,Buy,226591271
2024-07-26 09:41:25,22650.0,100,Buy,226591355
2024-07-26 09:41:27,22650.0,200,Buy,226591372
2024-07-26 09:41:27,22650.0,300,Buy,226591367
2024-07-26 09:41:28,22650.0,1000,Buy,226591391
2024-07-26 09:41:38,22650.0,100,Buy,226591497
2024-07-26 09:41:42,22650.0,100,Buy,226591587
2024-07-26 09:42:01,22650.0,500,Buy,226591859
2024-07-26 09:42:01,22650.0,100,Buy,226591861
2024-07-26 09:42:02,22650.0,3000,Buy,226591870
2024-07-26 09:42:13,22650.0,1000,Buy,226592021
2024-07-26 09:42:22,22650.0,1000,Buy,226592154
2024-07-26 09:42:23,22600.0,200,Sell,226592191
2024-07-26 09:42:23,22600.0,100,Sell,226592190
2024-07-26 09:42:23,22600.0,100,Sell,226592189
2024-07-26 09:42:23,22600.0,100,Sell,226592187
2024-07-26 09:42:23,22600.0,600,Sell,226592185
2024-07-26 09:42:23,22600.0,100,Sell,226592188
2024-07-26 09:42:23,22600.0,1000,Sell,226592186
2024-07-26 09:42:41,22650.0,200,Buy,226592529
2024-07-26 09:42:45,22650.0,100,Buy,226592575
2024-07-26 09:42:50,22650.0,200,Buy,226592645
2024-07-26 09:42:56,22650.0,800,Buy,226592708
2024-07-26 09:42:56,22650.0,200,Buy,226592705
2024-07-26 09:42:59,22650.0,2000,Buy,226592751
2024-07-26 09:42:59,22650.0,100,Buy,226592748
2024-07-26 09:43:04,22650.0,5000,Buy,226592787
2024-07-26 09:43:05,22650.0,1000,Buy,226592802
2024-07-26 09:43:10,22600.0,300,Sell,226592848
2024-07-26 09:43:11,22650.0,5000,Buy,226592869
2024-07-26 09:43:17,22650.0,200,Buy,226592969
2024-07-26 09:43:22,22600.0,2000,Sell,226593038
2024-07-26 09:43:22,22650.0,100,Buy,226593044
2024-07-26 09:43:36,22650.0,3000,Buy,226593284
2024-07-26 09:43:42,22650.0,600,Buy,226593357
2024-07-26 09:43:46,22650.0,800,Buy,226593400
2024-07-26 09:43:48,22650.0,1000,Buy,226593443
2024-07-26 09:43:49,22650.0,100,Buy,226593445
2024-07-26 09:43:50,22650.0,1000,Buy,226593465
2024-07-26 09:43:59,22650.0,500,Buy,226593589
2024-07-26 09:44:02,22650.0,11800,Buy,226593631
2024-07-26 09:44:02,22650.0,200,Buy,226593632
2024-07-26 09:44:02,22650.0,8200,Buy,226593630
2024-07-26 09:44:05,22650.0,1000,Buy,226593681
2024-07-26 09:44:05,22650.0,3300,Buy,226593669
2024-07-26 09:44:05,22650.0,10000,Buy,226593668
2024-07-26 09:44:05,22650.0,100,Buy,226593667
2024-07-26 09:44:05,22650.0,3000,Buy,226593666
2024-07-26 09:44:05,22650.0,300,Buy,226593665
2024-07-26 09:44:05,22650.0,100,Buy,226593664
2024-07-26 09:44:05,22650.0,300,Buy,226593663
2024-07-26 09:44:05,22650.0,1000,Buy,226593661
2024-07-26 09:44:05,22650.0,200,Buy,226593660
2024-07-26 09:44:05,22650.0,1500,Buy,226593659
2024-07-26 09:44:05,22650.0,2100,Buy,226593658
2024-07-26 09:44:05,22650.0,500,Buy,226593657
2024-07-26 09:44:05,22650.0,100,Buy,226593656
2024-07-26 09:44:05,22650.0,200,Buy,226593655
2024-07-26 09:44:05,22650.0,2000,Buy,226593654
2024-07-26 09:44:05,22650.0,3200,Buy,226593653
2024-07-26 09:44:05,22650.0,2100,Buy,226593662
2024-07-26 09:44:06,22650.0,1000,Buy,226593689
2024-07-26 09:44:10,22650.0,1000,Buy,226593754
2024-07-26 09:44:12,22650.0,100,Buy,226593792
2024-07-26 09:44:14,22650.0,100,Buy,226593825
2024-07-26 09:44:15,22650.0,2000,Buy,226593836
2024-07-26 09:44:15,22650.0,5500,Buy,226593837
2024-07-26 09:44:15,22650.0,3500,Buy,226593835
2024-07-26 09:44:16,22650.0,300,Buy,226593860
2024-07-26 09:44:17,22650.0,1000,Buy,226593865
2024-07-26 09:44:18,22650.0,3800,Buy,226593893
2024-07-26 09:44:18,22650.0,100,Buy,226593892
2024-07-26 09:44:18,22650.0,200,Buy,226593891
2024-07-26 09:44:18,22650.0,2100,Buy,226593890
2024-07-26 09:44:18,22650.0,1300,Buy,226593889
2024-07-26 09:44:18,22650.0,1500,Buy,226593887
2024-07-26 09:44:18,22650.0,5000,Buy,226593886
2024-07-26 09:44:18,22650.0,300,Buy,226593876
2024-07-26 09:44:18,22650.0,300,Buy,226593888
2024-07-26 09:44:18,22650.0,1000,Buy,226593885
2024-07-26 09:44:18,22650.0,1700,Buy,226593884
2024-07-26 09:44:19,22650.0,1000,Buy,226593906
2024-07-26 09:44:20,22650.0,100,Buy,226593924
2024-07-26 09:44:20,22650.0,100,Buy,226593925
2024-07-26 09:44:22,22650.0,5000,Buy,226593952
2024-07-26 09:44:24,22650.0,600,Buy,226593982
2024-07-26 09:44:25,22650.0,500,Buy,226593991
2024-07-26 09:44:26,22650.0,100,Buy,226594021
2024-07-26 09:44:26,22650.0,900,Buy,226594020
2024-07-26 09:44:28,22650.0,1000,Buy,226594042
2024-07-26 09:44:28,22650.0,2900,Buy,226594044
2024-07-26 09:44:40,22650.0,1100,Sell,226594217
2024-07-26 09:44:40,22650.0,100,Sell,226594218
2024-07-26 09:44:40,22650.0,800,Sell,226594219
2024-07-26 09:44:51,22650.0,200,Sell,226594431
2024-07-26 09:44:57,22700.0,100,Buy,226594547
2024-07-26 09:45:29,22700.0,2000,Buy,226595018
2024-07-26 09:45:38,22700.0,7900,Buy,226595175
2024-07-26 09:45:38,22700.0,1000,Buy,226595159
2024-07-26 09:45:38,22700.0,2100,Buy,226595174
2024-07-26 09:46:39,22700.0,100,Buy,226595991
2024-07-26 09:46:47,22700.0,400,Buy,226596127
2024-07-26 09:46:49,22700.0,500,Buy,226596174
2024-07-26 09:46:57,22700.0,1500,Buy,226596317
2024-07-26 09:47:18,22700.0,100,Buy,226596682
2024-07-26 09:47:22,22700.0,1000,Buy,226596763
2024-07-26 09:47:25,22700.0,1000,Buy,226596829
2024-07-26 09:47:30,22650.0,200,Sell,226596949
2024-07-26 09:47:30,22650.0,800,Sell,226596950
2024-07-26 09:47:35,22700.0,100,Buy,226597026
2024-07-26 09:47:37,22650.0,1100,Sell,226597085
2024-07-26 09:47:37,22650.0,600,Sell,226597086
2024-07-26 09:47:38,22700.0,200,Buy,226597098
2024-07-26 09:47:41,22650.0,4000,Sell,226597122
2024-07-26 09:47:52,22700.0,1000,Buy,226597315
2024-07-26 09:47:55,22700.0,1000,Buy,226597363
2024-07-26 09:47:56,22700.0,6800,Buy,226597382
2024-07-26 09:47:56,22700.0,3200,Buy,226597383
2024-07-26 09:48:19,22700.0,1000,Buy,226597660
2024-07-26 09:48:39,22700.0,1000,Buy,226598013
2024-07-26 09:48:46,22700.0,800,Buy,226598153
2024-07-26 09:49:03,22700.0,400,Buy,226598419
2024-07-26 09:49:06,22700.0,14000,Buy,226598487
2024-07-26 09:49:08,22650.0,500,Sell,226598528
2024-07-26 09:49:36,22650.0,100,Sell,226599065
2024-07-26 09:49:38,22700.0,100,Buy,226599105
2024-07-26 09:50:01,22700.0,200,Buy,226599535
2024-07-26 09:50:02,22700.0,100,Buy,226599548
2024-07-26 09:50:06,22700.0,800,Buy,226599619
2024-07-26 09:50:06,22700.0,900,Buy,226599620
2024-07-26 09:50:26,22700.0,100,Buy,226600003
2024-07-26 09:50:27,22700.0,100,Buy,226600015
2024-07-26 09:50:35,22700.0,100,Buy,226600151
2024-07-26 09:50:37,22700.0,100,Buy,226600203
2024-07-26 09:50:40,22700.0,500,Buy,226600239
2024-07-26 09:50:44,22700.0,100,Buy,226600356
2024-07-26 09:50:44,22700.0,100,Buy,226600357
2024-07-26 09:50:56,22700.0,100,Buy,226600564
2024-07-26 09:50:58,22700.0,200,Buy,226600585
2024-07-26 09:50:58,22700.0,100,Buy,226600584
2024-07-26 09:50:58,22700.0,400,Buy,226600586
2024-07-26 09:50:58,22700.0,200,Buy,226600582
2024-07-26 09:50:58,22700.0,1000,Buy,226600581
2024-07-26 09:50:58,22700.0,100,Buy,226600580
2024-07-26 09:50:58,22700.0,200,Buy,226600583
2024-07-26 09:51:01,22700.0,2000,Buy,226600635
2024-07-26 09:51:11,22700.0,100,Buy,226600773
2024-07-26 09:51:13,22700.0,1900,Buy,226600846
2024-07-26 09:51:13,22700.0,200,Buy,226600845
2024-07-26 09:51:13,22700.0,200,Buy,226600843
2024-07-26 09:51:13,22700.0,1000,Buy,226600844
2024-07-26 09:51:13,22700.0,200,Buy,226600841
2024-07-26 09:51:13,22700.0,100,Buy,226600840
2024-07-26 09:51:13,22700.0,200,Buy,226600839
2024-07-26 09:51:13,22700.0,1000,Buy,226600838
2024-07-26 09:51:13,22700.0,200,Buy,226600842
2024-07-26 09:51:19,22650.0,2000,Sell,226600930
2024-07-26 09:51:22,22700.0,100,Buy,226600967
2024-07-26 09:51:22,22700.0,100,Buy,226600998
2024-07-26 09:51:27,22700.0,4700,Buy,226601062
2024-07-26 09:51:27,22700.0,2000,Buy,226601057
2024-07-26 09:51:27,22700.0,200,Buy,226601060
2024-07-26 09:51:27,22700.0,500,Buy,226601059
2024-07-26 09:51:27,22700.0,6000,Buy,226601058
2024-07-26 09:51:27,22700.0,200,Buy,226601056
2024-07-26 09:51:27,22700.0,2000,Buy,226601061
2024-07-26 09:51:27,22700.0,5000,Buy,226601054
2024-07-26 09:51:27,22700.0,900,Buy,226601048
2024-07-26 09:51:27,22700.0,400,Buy,226601049
2024-07-26 09:51:27,22700.0,600,Buy,226601050
2024-07-26 09:51:27,22700.0,5000,Buy,226601055
2024-07-26 09:51:27,22700.0,200,Buy,226601052
2024-07-26 09:51:27,22700.0,2100,Buy,226601053
2024-07-26 09:51:27,22700.0,200,Buy,226601051
2024-07-26 09:51:32,22700.0,200,Buy,226601186
2024-07-26 09:51:35,22700.0,1000,Buy,226601229
2024-07-26 09:51:37,22700.0,300,Buy,226601261
2024-07-26 09:51:37,22700.0,3000,Buy,226601264
2024-07-26 09:51:38,22700.0,200,Buy,226601285
2024-07-26 09:51:38,22700.0,800,Buy,226601281
2024-07-26 09:51:40,22700.0,100,Buy,226601332
2024-07-26 09:51:40,22700.0,200,Buy,226601336
2024-07-26 09:51:42,22700.0,100,Buy,226601365
2024-07-26 09:51:51,22700.0,1000,Buy,226601544
2024-07-26 09:51:52,22700.0,500,Buy,226601572
2024-07-26 09:51:52,22700.0,100,Buy,226601573
2024-07-26 09:51:52,22700.0,200,Buy,226601574
2024-07-26 09:51:52,22700.0,300,Buy,226601575
2024-07-26 09:51:52,22700.0,2000,Buy,226601576
2024-07-26 09:51:52,22700.0,700,Buy,226601577
2024-07-26 09:51:53,22700.0,100,Buy,226601585
2024-07-26 09:51:54,22700.0,200,Buy,226601599
2024-07-26 09:51:54,22700.0,1200,Buy,226601598
2024-07-26 09:51:54,22700.0,200,Buy,226601596
2024-07-26 09:51:54,22700.0,200,Buy,226601595
2024-07-26 09:51:54,22700.0,2100,Buy,226601597
2024-07-26 09:52:22,22750.0,200,Buy,226602064
2024-07-26 09:52:29,22750.0,1000,Buy,226602172
2024-07-26 09:52:40,22750.0,6600,Buy,226602430
2024-07-26 09:52:40,22750.0,13400,Buy,226602431
2024-07-26 09:52:55,22750.0,500,Buy,226602748
2024-07-26 09:53:04,22750.0,100,Buy,226602988
2024-07-26 09:53:05,22750.0,300,Buy,226603009
2024-07-26 09:53:14,22750.0,100,Buy,226603151
2024-07-26 09:53:17,22750.0,200,Buy,226603238
2024-07-26 09:53:19,22750.0,200,Buy,226603275
2024-07-26 09:53:30,22750.0,1000,Buy,226603492
2024-07-26 09:53:39,22750.0,1000,Buy,226603716
2024-07-26 09:53:42,22700.0,2000,Sell,226603789
2024-07-26 09:54:04,22700.0,10000,Sell,226604249
2024-07-26 09:54:06,22700.0,200,Sell,226604301
2024-07-26 09:54:14,22700.0,2100,Sell,226604413
2024-07-26 09:54:34,22700.0,5000,Sell,226604822
2024-07-26 09:54:34,22700.0,100,Sell,226604823
2024-07-26 09:54:37,22750.0,500,Buy,226604866
2024-07-26 09:54:53,22750.0,100,Buy,226605166
2024-07-26 09:55:00,22750.0,200,Buy,226605299
2024-07-26 09:55:20,22750.0,1000,Buy,226605654
2024-07-26 09:55:27,22700.0,100,Sell,226605820
2024-07-26 09:55:29,22750.0,700,Buy,226605850
2024-07-26 09:55:47,22750.0,6400,Buy,226606245
2024-07-26 09:55:47,22750.0,3100,Buy,226606243
2024-07-26 09:55:47,22750.0,500,Buy,226606244
2024-07-26 09:56:02,22750.0,100,Buy,226606532
2024-07-26 09:56:19,22750.0,100,Buy,226606887
2024-07-26 09:56:34,22750.0,400,Buy,226607132
2024-07-26 09:56:45,22750.0,8000,Buy,226607281
2024-07-26 09:57:17,22750.0,400,Buy,226607838
2024-07-26 09:57:23,22750.0,300,Buy,226607966
2024-07-26 09:57:29,22750.0,100,Buy,226608069
2024-07-26 09:57:30,22750.0,6600,Buy,226608089
2024-07-26 09:57:30,22750.0,8400,Buy,226608090
2024-07-26 09:57:32,22750.0,2500,Buy,226608127
2024-07-26 09:57:32,22750.0,300,Buy,226608139
2024-07-26 09:57:33,22750.0,100,Buy,226608160
2024-07-26 09:57:36,22750.0,200,Buy,226608191
2024-07-26 09:58:02,22700.0,500,Sell,226608769
2024-07-26 09:58:02,22700.0,200,Sell,226608768
2024-07-26 09:58:02,22700.0,400,Sell,226608765
2024-07-26 09:58:02,22700.0,300,Sell,226608766
2024-07-26 09:58:02,22700.0,2600,Sell,226608761
2024-07-26 09:58:02,22700.0,100,Sell,226608767
2024-07-26 09:58:02,22700.0,100,Sell,226608759
2024-07-26 09:58:02,22700.0,1000,Sell,226608758
2024-07-26 09:58:02,22700.0,400,Sell,226608757
2024-07-26 09:58:02,22700.0,500,Sell,226608756
2024-07-26 09:58:02,22700.0,4600,Sell,226608755
2024-07-26 09:58:02,22700.0,800,Sell,226608760
2024-07-26 09:58:05,22750.0,7600,Buy,226608819
2024-07-26 09:58:06,22750.0,3300,Buy,226608827
2024-07-26 09:58:06,22750.0,100,Buy,226608828
2024-07-26 09:58:06,22750.0,2000,Buy,226608829
2024-07-26 09:58:06,22750.0,2200,Buy,226608830
2024-07-26 09:58:06,22750.0,7600,Buy,226608836
2024-07-26 09:58:07,22750.0,1900,Buy,226608861
2024-07-26 09:58:16,22700.0,4500,Sell,226608974
2024-07-26 09:58:16,22700.0,500,Sell,226608975
2024-07-26 09:58:20,22700.0,1200,Sell,226609038
2024-07-26 09:58:20,22700.0,200,Sell,226609039
2024-07-26 09:58:20,22700.0,600,Sell,226609040
2024-07-26 09:58:37,22750.0,100,Buy,226609307
2024-07-26 09:58:59,22700.0,100,Sell,226609726
2024-07-26 09:59:17,22700.0,200,Sell,226609929
2024-07-26 09:59:26,22700.0,2300,Sell,226610074
2024-07-26 09:59:26,22700.0,200,Sell,226610073
2024-07-26 09:59:26,22700.0,100,Sell,226610072
2024-07-26 09:59:26,22700.0,100,Sell,226610071
2024-07-26 09:59:26,22700.0,500,Sell,226610069
2024-07-26 09:59:26,22700.0,100,Sell,226610070
2024-07-26 09:59:26,22700.0,100,Sell,226610067
2024-07-26 09:59:26,22700.0,2000,Sell,226610066
2024-07-26 09:59:26,22700.0,900,Sell,226610065
2024-07-26 09:59:26,22700.0,200,Sell,226610064
2024-07-26 09:59:26,22700.0,10100,Sell,226610063
2024-07-26 09:59:26,22700.0,5000,Sell,226610068
2024-07-26 09:59:39,22700.0,7700,Sell,226610292
2024-07-26 09:59:39,22700.0,100,Sell,226610293
2024-07-26 09:59:39,22700.0,5000,Sell,226610294
2024-07-26 09:59:39,22700.0,500,Sell,226610295
2024-07-26 09:59:39,22700.0,200,Sell,226610296
2024-07-26 09:59:39,22700.0,8100,Sell,226610297
2024-07-26 09:59:42,22700.0,2100,Sell,226610337
2024-07-26 09:59:46,22750.0,200,Buy,226610399
2024-07-26 09:59:49,22700.0,4000,Sell,226610451
2024-07-26 09:59:49,22700.0,600,Sell,226610450
2024-07-26 09:59:49,22700.0,4800,Sell,226610447
2024-07-26 09:59:49,22700.0,500,Sell,226610448
2024-07-26 09:59:49,22700.0,100,Sell,226610449
2024-07-26 09:59:54,22700.0,200,Sell,226610576
2024-07-26 09:59:56,22700.0,500,Sell,226610623
2024-07-26 09:59:56,22700.0,500,Sell,226610622
2024-07-26 09:59:56,22700.0,100,Sell,226610621
2024-07-26 09:59:56,22700.0,10000,Sell,226610620
2024-07-26 09:59:56,22700.0,100,Sell,226610619
2024-07-26 09:59:56,22700.0,1000,Sell,226610617
2024-07-26 09:59:56,22700.0,1000,Sell,226610618
2024-07-26 09:59:56,22700.0,500,Sell,226610616
2024-07-26 09:59:56,22700.0,200,Sell,226610612
2024-07-26 09:59:56,22700.0,100,Sell,226610614
2024-07-26 09:59:56,22700.0,300,Sell,226610613
2024-07-26 09:59:56,22700.0,200,Sell,226610611
2024-07-26 09:59:56,22700.0,200,Sell,226610610
2024-07-26 09:59:56,22700.0,500,Sell,226610609
2024-07-26 09:59:56,22700.0,200,Sell,226610608
2024-07-26 09:59:56,22700.0,800,Sell,226610607
2024-07-26 09:59:56,22700.0,2500,Sell,226610615
2024-07-26 10:00:04,22700.0,700,Buy,226610751
2024-07-26 10:00:06,22700.0,100,Buy,226610780
2024-07-26 10:00:08,22700.0,300,Buy,226610789
2024-07-26 10:00:09,22700.0,100,Buy,226610810
2024-07-26 10:00:16,22700.0,100,Buy,226610957
2024-07-26 10:00:20,22700.0,100,Buy,226611012
2024-07-26 10:00:29,22700.0,1500,Buy,226611156
2024-07-26 10:00:34,22700.0,8500,Sell,226611215
2024-07-26 10:00:34,22700.0,100,Sell,226611216
2024-07-26 10:00:35,22700.0,100,Buy,226611225
2024-07-26 10:00:35,22700.0,1000,Buy,226611238
2024-07-26 10:00:37,22700.0,1000,Buy,226611269
2024-07-26 10:00:55,22700.0,1100,Buy,226611524
2024-07-26 10:00:55,22700.0,10900,Buy,226611523
2024-07-26 10:00:59,22700.0,100,Buy,226611580
2024-07-26 10:01:03,22700.0,100,Buy,226611620
2024-07-26 10:01:07,22700.0,300,Buy,226611690
2024-07-26 10:01:07,22700.0,100,Buy,226611689
2024-07-26 10:01:11,22700.0,700,Buy,226611737
2024-07-26 10:01:12,22700.0,100,Buy,226611740
2024-07-26 10:01:23,22700.0,100,Buy,226611877
2024-07-26 10:01:31,22650.0,800,Sell,226611999
2024-07-26 10:01:31,22650.0,200,Sell,226612000
2024-07-26 10:01:41,22650.0,200,Sell,226612196
2024-07-26 10:01:41,22650.0,300,Sell,226612195
2024-07-26 10:01:41,22650.0,100,Sell,226612194
2024-07-26 10:01:41,22650.0,200,Sell,226612193
2024-07-26 10:01:41,22650.0,800,Sell,226612188
2024-07-26 10:01:41,22650.0,5000,Sell,226612191
2024-07-26 10:01:41,22650.0,500,Sell,226612189
2024-07-26 10:01:41,22650.0,200,Sell,226612192
2024-07-26 10:01:41,22650.0,300,Sell,226612190
2024-07-26 10:01:48,22700.0,900,Buy,226612329
2024-07-26 10:01:48,22700.0,100,Buy,226612330
2024-07-26 10:01:49,22700.0,100,Buy,226612344
2024-07-26 10:01:49,22700.0,200,Buy,226612345
2024-07-26 10:01:49,22700.0,300,Buy,226612346
2024-07-26 10:02:03,22650.0,7600,Sell,226612657
2024-07-26 10:02:13,22700.0,400,Buy,226612833
2024-07-26 10:02:22,22650.0,100,Sell,226612947
2024-07-26 10:02:22,22650.0,500,Sell,226612948
2024-07-26 10:02:22,22700.0,100,Buy,226612961
2024-07-26 10:02:42,22700.0,2200,Buy,226613291
2024-07-26 10:03:00,22700.0,20000,Buy,226613713
2024-07-26 10:03:00,22700.0,2000,Sell,226613716
2024-07-26 10:03:00,22700.0,22800,Buy,226613715
2024-07-26 10:03:00,22700.0,8200,Buy,226613714
2024-07-26 10:03:00,22700.0,2000,Buy,226613712
2024-07-26 10:03:00,22700.0,10000,Buy,226613710
2024-07-26 10:03:00,22700.0,200,Buy,226613711
2024-07-26 10:03:00,22700.0,300,Buy,226613709
2024-07-26 10:03:00,22700.0,17000,Buy,226613708
2024-07-26 10:03:23,22700.0,200,Sell,226614169
2024-07-26 10:03:31,22700.0,3000,Sell,226614262
2024-07-26 10:03:42,22700.0,14300,Sell,226614472
2024-07-26 10:03:42,22700.0,100,Sell,226614473
2024-07-26 10:03:42,22700.0,1000,Sell,226614474
2024-07-26 10:03:42,22700.0,1000,Sell,226614476
2024-07-26 10:03:42,22700.0,1000,Sell,226614477
2024-07-26 10:03:42,22700.0,5000,Sell,226614478
2024-07-26 10:03:42,22700.0,1000,Sell,226614475
2024-07-26 10:03:43,22700.0,5000,Buy,226614500
2024-07-26 10:03:48,22700.0,100,Buy,226614545
2024-07-26 10:03:53,22700.0,100,Buy,226614626
2024-07-26 10:03:53,22700.0,2000,Buy,226614627
2024-07-26 10:03:58,22700.0,1300,Buy,226614690
2024-07-26 10:04:03,22700.0,7600,Buy,226614771
2024-07-26 10:04:03,22700.0,2100,Buy,226614770
2024-07-26 10:04:03,22700.0,21100,Buy,226614769
2024-07-26 10:04:07,22700.0,1000,Sell,226614842
2024-07-26 10:04:33,22700.0,200,Sell,226615209
2024-07-26 10:04:35,22700.0,400,Sell,226615232
2024-07-26 10:04:58,22700.0,2400,Sell,226615498
2024-07-26 10:04:58,22700.0,6000,Sell,226615499
2024-07-26 10:04:58,22700.0,500,Sell,226615500
2024-07-26 10:04:58,22700.0,13500,Sell,226615501
2024-07-26 10:05:10,22700.0,500,Sell,226615702
2024-07-26 10:05:10,22700.0,500,Sell,226615703
2024-07-26 10:05:10,22700.0,1000,Sell,226615704
2024-07-26 10:05:34,22700.0,200,Sell,226616027
2024-07-26 10:05:42,22700.0,200,Sell,226616203
2024-07-26 10:05:48,22700.0,500,Sell,226616265
2024-07-26 10:06:19,22700.0,1000,Sell,226616754
2024-07-26 10:06:21,22700.0,7100,Sell,226616796
2024-07-26 10:06:21,22700.0,100,Sell,226616797
2024-07-26 10:06:21,22700.0,200,Sell,226616798
2024-07-26 10:06:21,22700.0,500,Sell,226616799
2024-07-26 10:06:21,22700.0,1000,Sell,226616800
2024-07-26 10:06:21,22700.0,6000,Sell,226616801
2024-07-26 10:06:21,22700.0,500,Sell,226616802
2024-07-26 10:06:21,22700.0,600,Sell,226616803
2024-07-26 10:06:25,22700.0,5000,Buy,226616893
2024-07-26 10:06:31,22700.0,300,Buy,226616966
2024-07-26 10:06:36,22700.0,300,Buy,226617017
2024-07-26 10:06:47,22700.0,200,Buy,226617162
2024-07-26 10:07:23,22700.0,2000,Buy,226617628
2024-07-26 10:07:23,22700.0,100,Buy,226617631
2024-07-26 10:07:26,22700.0,500,Buy,226617669
2024-07-26 10:07:30,22700.0,200,Buy,226617721
2024-07-26 10:08:19,22700.0,100,Buy,226618348
2024-07-26 10:08:32,22700.0,100,Buy,226618554
2024-07-26 10:08:33,22650.0,2700,Sell,226618584
2024-07-26 10:08:33,22650.0,500,Sell,226618583
2024-07-26 10:08:33,22650.0,1000,Sell,226618582
2024-07-26 10:08:33,22650.0,100,Sell,226618581
2024-07-26 10:08:33,22650.0,1000,Sell,226618580
2024-07-26 10:08:33,22650.0,100,Sell,226618578
2024-07-26 10:08:33,22650.0,100,Sell,226618577
2024-07-26 10:08:33,22650.0,100,Sell,226618576
2024-07-26 10:08:33,22650.0,200,Sell,226618575
2024-07-26 10:08:33,22650.0,1600,Sell,226618574
2024-07-26 10:08:33,22650.0,200,Sell,226618579
2024-07-26 10:08:38,22700.0,1800,Buy,226618696
2024-07-26 10:08:50,22700.0,100,Buy,226618868
2024-07-26 10:08:53,22700.0,2000,Buy,226618923
2024-07-26 10:09:09,22650.0,400,Sell,226619165
2024-07-26 10:09:16,22650.0,200,Sell,226619331
2024-07-26 10:09:16,22650.0,1900,Sell,226619330
2024-07-26 10:09:47,22700.0,1000,Buy,226619890
2024-07-26 10:09:47,22650.0,800,Sell,226619878
2024-07-26 10:09:47,22650.0,100,Sell,226619879
2024-07-26 10:09:47,22650.0,100,Sell,226619880
2024-07-26 10:09:48,22700.0,500,Buy,226619900
2024-07-26 10:09:51,22650.0,300,Sell,226619958
2024-07-26 10:10:14,22700.0,900,Buy,226620353
2024-07-26 10:10:40,22700.0,1000,Buy,226620640
2024-07-26 10:10:52,22700.0,1000,Buy,226620791
2024-07-26 10:10:53,22700.0,1100,Buy,226620796
2024-07-26 10:11:19,22700.0,200,Buy,226621145
2024-07-26 10:11:59,22700.0,100,Buy,226621946
2024-07-26 10:12:19,22700.0,300,Buy,226622300
2024-07-26 10:12:25,22700.0,200,Buy,226622383
2024-07-26 10:12:33,22700.0,11000,Buy,226622475
2024-07-26 10:12:33,22700.0,1000,Buy,226622474
2024-07-26 10:12:33,22700.0,2100,Buy,226622472
2024-07-26 10:12:33,22700.0,200,Buy,226622473
2024-07-26 10:12:33,22700.0,700,Buy,226622471
2024-07-26 10:12:35,22700.0,100,Buy,226622506
2024-07-26 10:12:41,22650.0,5000,Sell,226622602
2024-07-26 10:12:42,22700.0,500,Buy,226622620
2024-07-26 10:12:57,22700.0,1000,Buy,226622820
2024-07-26 10:13:02,22700.0,500,Buy,226622896
2024-07-26 10:13:18,22700.0,500,Buy,226623201
2024-07-26 10:13:19,22700.0,400,Buy,226623208
2024-07-26 10:13:19,22650.0,100,Sell,226623211
2024-07-26 10:13:22,22650.0,2000,Sell,226623247
2024-07-26 10:13:23,22700.0,1000,Buy,226623263
2024-07-26 10:13:24,22700.0,100,Buy,226623271
2024-07-26 10:13:25,22700.0,2500,Buy,226623286
2024-07-26 10:13:33,22650.0,500,Sell,226623404
2024-07-26 10:13:34,22700.0,200,Buy,226623444
2024-07-26 10:13:44,22700.0,500,Buy,226623589
2024-07-26 10:14:15,22700.0,300,Buy,226624440
2024-07-26 10:14:24,22700.0,100,Buy,226624644
2024-07-26 10:14:32,22700.0,100,Buy,226624752
2024-07-26 10:15:15,22650.0,2000,Sell,226625397
2024-07-26 10:15:15,22650.0,1000,Sell,226625396
2024-07-26 10:15:15,22700.0,100,Buy,226625386
2024-07-26 10:15:15,22650.0,2000,Sell,226625394
2024-07-26 10:15:15,22650.0,1000,Sell,226625395
2024-07-26 10:15:19,22700.0,500,Buy,226625454
2024-07-26 10:15:19,22700.0,100,Buy,226625455
2024-07-26 10:15:32,22700.0,200,Buy,226625664
2024-07-26 10:15:52,22700.0,300,Buy,226625979
2024-07-26 10:15:52,22700.0,2000,Buy,226625977
2024-07-26 10:15:52,22700.0,200,Buy,226625978
2024-07-26 10:15:52,22700.0,200,Buy,226625975
2024-07-26 10:15:52,22650.0,2000,Sell,226625970
2024-07-26 10:15:52,22700.0,2000,Buy,226625976
2024-07-26 10:15:52,22700.0,300,Buy,226625974
2024-07-26 10:15:54,22650.0,1000,Sell,226625989
2024-07-26 10:15:54,22650.0,400,Sell,226625999
2024-07-26 10:15:54,22650.0,500,Sell,226625998
2024-07-26 10:15:54,22650.0,1000,Sell,226625997
2024-07-26 10:15:54,22650.0,3000,Sell,226625996
2024-07-26 10:15:54,22650.0,100,Sell,226626000
2024-07-26 10:15:54,22650.0,200,Sell,226625994
2024-07-26 10:15:54,22650.0,200,Sell,226625993
2024-07-26 10:15:54,22650.0,400,Sell,226625992
2024-07-26 10:15:54,22650.0,100,Sell,226625991
2024-07-26 10:15:54,22650.0,500,Sell,226625990
2024-07-26 10:15:54,22650.0,200,Sell,226625995
2024-07-26 10:15:58,22700.0,1900,Buy,226626056
2024-07-26 10:15:58,22700.0,200,Buy,226626055
2024-07-26 10:15:58,22700.0,1000,Buy,226626054
2024-07-26 10:15:58,22700.0,500,Buy,226626053
2024-07-26 10:15:58,22700.0,200,Buy,226626051
2024-07-26 10:15:58,22700.0,1000,Buy,226626050
2024-07-26 10:15:58,22700.0,200,Buy,226626052
2024-07-26 10:16:18,22650.0,100,Sell,226626345
2024-07-26 10:16:28,22700.0,100,Buy,226626584
2024-07-26 10:16:42,22700.0,100,Buy,226626760
2024-07-26 10:16:42,22650.0,100,Sell,226626754
2024-07-26 10:16:42,22650.0,100,Sell,226626751
2024-07-26 10:16:42,22650.0,700,Sell,226626752
2024-07-26 10:16:42,22650.0,500,Sell,226626753
2024-07-26 10:16:42,22650.0,100,Sell,226626750
2024-07-26 10:16:51,22700.0,200,Buy,226626924
2024-07-26 10:17:38,22700.0,700,Buy,226627615
2024-07-26 10:17:43,22700.0,200,Buy,226627665
2024-07-26 10:17:43,22700.0,2100,Buy,226627666
2024-07-26 10:17:43,22700.0,200,Buy,226627667
2024-07-26 10:17:43,22700.0,7500,Buy,226627668
2024-07-26 10:18:19,22700.0,600,Buy,226628128
2024-07-26 10:18:26,22700.0,100,Buy,226628205
2024-07-26 10:18:42,22700.0,500,Buy,226628353
2024-07-26 10:18:54,22700.0,300,Buy,226628531
2024-07-26 10:19:07,22700.0,1000,Buy,226628741
2024-07-26 10:19:07,22700.0,600,Buy,226628748
2024-07-26 10:19:09,22700.0,300,Buy,226628757
2024-07-26 10:19:17,22700.0,2300,Buy,226628885
2024-07-26 10:19:19,22700.0,100,Buy,226628902
2024-07-26 10:19:29,22700.0,1000,Buy,226628997
2024-07-26 10:19:30,22650.0,1000,Sell,226629012
2024-07-26 10:19:30,22650.0,1100,Sell,226629013
2024-07-26 10:19:49,22700.0,400,Buy,226629272
2024-07-26 10:19:54,22650.0,100,Sell,226629311
2024-07-26 10:20:11,22650.0,2400,Sell,226629684
2024-07-26 10:20:12,22650.0,2100,Sell,226629687
2024-07-26 10:20:39,22700.0,100,Buy,226630048
2024-07-26 10:20:59,22700.0,400,Buy,226630398
2024-07-26 10:20:59,22700.0,1000,Buy,226630396
2024-07-26 10:21:07,22700.0,100,Buy,226630544
2024-07-26 10:21:16,22700.0,100,Buy,226630659
2024-07-26 10:21:19,22700.0,7600,Buy,226630689
2024-07-26 10:21:19,22700.0,6400,Buy,226630688
2024-07-26 10:21:19,22700.0,100,Buy,226630706
2024-07-26 10:21:19,22700.0,6300,Buy,226630696
2024-07-26 10:21:19,22700.0,2100,Buy,226630695
2024-07-26 10:21:19,22700.0,500,Buy,226630711
2024-07-26 10:21:19,22700.0,200,Buy,226630693
2024-07-26 10:21:19,22700.0,1000,Buy,226630692
2024-07-26 10:21:19,22700.0,200,Buy,226630691
2024-07-26 10:21:19,22700.0,1000,Buy,226630690
2024-07-26 10:21:19,22700.0,5200,Buy,226630694
2024-07-26 10:21:26,22700.0,100,Buy,226630818
2024-07-26 10:21:35,22700.0,1000,Buy,226631010
2024-07-26 10:21:46,22700.0,10000,Buy,226631178
2024-07-26 10:21:47,22700.0,1000,Buy,226631184
2024-07-26 10:21:55,22700.0,100,Buy,226631278
2024-07-26 10:21:57,22700.0,100,Buy,226631360
2024-07-26 10:21:57,22700.0,100,Buy,226631364
2024-07-26 10:21:57,22700.0,200,Buy,226631363
2024-07-26 10:21:57,22700.0,4700,Buy,226631362
2024-07-26 10:21:57,22700.0,300,Buy,226631361
2024-07-26 10:21:57,22700.0,200,Buy,226631359
2024-07-26 10:21:57,22700.0,400,Buy,226631357
2024-07-26 10:21:57,22700.0,100,Buy,226631351
2024-07-26 10:21:57,22700.0,2000,Buy,226631358
2024-07-26 10:21:57,22700.0,200,Buy,226631356
2024-07-26 10:21:57,22700.0,5800,Buy,226631355
2024-07-26 10:22:01,22700.0,100,Buy,226631435
2024-07-26 10:22:03,22650.0,500,Sell,226631451
2024-07-26 10:22:11,22700.0,1000,Buy,226631538
2024-07-26 10:22:12,22700.0,1100,Buy,226631548
2024-07-26 10:22:12,22700.0,200,Buy,226631549
2024-07-26 10:22:12,22700.0,700,Buy,226631550
2024-07-26 10:22:25,22700.0,1500,Buy,226631746
2024-07-26 10:22:25,22700.0,200,Buy,226631745
2024-07-26 10:22:25,22700.0,300,Buy,226631744
2024-07-26 10:22:25,22700.0,1000,Buy,226631743
2024-07-26 10:22:31,22700.0,1000,Buy,226631823
2024-07-26 10:22:38,22700.0,200,Buy,226631910
2024-07-26 10:22:44,22700.0,1000,Buy,226632083
2024-07-26 10:22:46,22700.0,3900,Buy,226632125
2024-07-26 10:22:46,22700.0,200,Buy,226632126
2024-07-26 10:22:46,22700.0,900,Buy,226632127
2024-07-26 10:22:49,22700.0,600,Buy,226632189
2024-07-26 10:22:49,22700.0,2100,Buy,226632187
2024-07-26 10:22:49,22700.0,100,Buy,226632186
2024-07-26 10:22:49,22700.0,200,Buy,226632188
2024-07-26 10:22:51,22700.0,1000,Buy,226632221
2024-07-26 10:22:53,22650.0,500,Sell,226632241
2024-07-26 10:22:53,22700.0,1000,Buy,226632245
2024-07-26 10:22:54,22700.0,100,Buy,226632259
2024-07-26 10:22:56,22700.0,800,Sell,226632272
2024-07-26 10:22:56,22700.0,1000,Sell,226632273
2024-07-26 10:22:58,22700.0,200,Buy,226632306
2024-07-26 10:22:59,22700.0,3500,Buy,226632312
2024-07-26 10:23:07,22700.0,200,Sell,226632413
2024-07-26 10:23:15,22700.0,1200,Sell,226632522
2024-07-26 10:23:24,22700.0,100,Sell,226632641
2024-07-26 10:23:34,22700.0,2000,Sell,226632764
2024-07-26 10:23:34,22700.0,1000,Sell,226632765
2024-07-26 10:23:34,22700.0,100,Sell,226632766
2024-07-26 10:23:34,22700.0,500,Sell,226632767
2024-07-26 10:23:34,22700.0,2000,Sell,226632763
2024-07-26 10:23:43,22700.0,200,Buy,226632917
2024-07-26 10:23:46,22700.0,100,Buy,226632980
2024-07-26 10:23:54,22700.0,300,Buy,226633115
2024-07-26 10:23:57,22700.0,400,Buy,226633170
2024-07-26 10:24:16,22700.0,300,Buy,226633465
2024-07-26 10:24:33,22700.0,700,Buy,226633756
2024-07-26 10:24:33,22700.0,300,Buy,226633757
2024-07-26 10:25:04,22700.0,100,Buy,226634138
2024-07-26 10:25:08,22700.0,1600,Buy,226634206
2024-07-26 10:25:08,22700.0,500,Buy,226634207
2024-07-26 10:25:08,22700.0,200,Buy,226634208
2024-07-26 10:25:08,22700.0,200,Buy,226634209
2024-07-26 10:25:11,22700.0,300,Buy,226634227
2024-07-26 10:25:17,22700.0,100,Buy,226634305
2024-07-26 10:25:37,22700.0,500,Buy,226634655
2024-07-26 10:25:40,22700.0,400,Buy,226634685
2024-07-26 10:25:44,22700.0,100,Buy,226634742
2024-07-26 10:25:49,22700.0,500,Buy,226634849
2024-07-26 10:25:49,22700.0,1500,Buy,226634850
2024-07-26 10:25:54,22700.0,1000,Buy,226634929
2024-07-26 10:26:02,22700.0,100,Buy,226634989
2024-07-26 10:26:03,22700.0,1000,Buy,226635045
2024-07-26 10:26:04,22700.0,1000,Buy,226635053
2024-07-26 10:26:11,22700.0,400,Buy,226635142
2024-07-26 10:26:22,22700.0,2500,Buy,226635296
2024-07-26 10:26:28,22700.0,1000,Buy,226635450
2024-07-26 10:26:32,22700.0,200,Buy,226635492
2024-07-26 10:26:37,22700.0,500,Buy,226635550
2024-07-26 10:26:50,22700.0,1000,Buy,226635767
2024-07-26 10:27:13,22700.0,2000,Buy,226636048
2024-07-26 10:27:38,22700.0,1000,Buy,226636394
2024-07-26 10:27:48,22700.0,2000,Buy,226636486
2024-07-26 10:27:56,22700.0,200,Buy,226636564
2024-07-26 10:28:01,22700.0,400,Buy,226636613
2024-07-26 10:28:01,22700.0,4600,Buy,226636612
2024-07-26 10:28:11,22700.0,200,Buy,226636822
2024-07-26 10:28:17,22700.0,200,Buy,226636915
2024-07-26 10:28:31,22700.0,600,Buy,226637127
2024-07-26 10:28:40,22700.0,1000,Buy,226637245
2024-07-26 10:28:43,22700.0,500,Buy,226637277
2024-07-26 10:28:50,22700.0,1000,Buy,226637356
2024-07-26 10:28:51,22650.0,400,Sell,226637377
2024-07-26 10:28:54,22700.0,100,Buy,226637430
2024-07-26 10:28:59,22700.0,1200,Buy,226637513
2024-07-26 10:28:59,22700.0,3600,Buy,226637511
2024-07-26 10:28:59,22700.0,200,Buy,226637512
2024-07-26 10:29:03,22650.0,1300,Sell,226637564
2024-07-26 10:29:04,22700.0,200,Buy,226637570
2024-07-26 10:29:05,22700.0,600,Buy,226637584
2024-07-26 10:29:05,22700.0,200,Buy,226637585
2024-07-26 10:29:05,22700.0,4200,Buy,226637586
2024-07-26 10:29:11,22700.0,1200,Buy,226637646
2024-07-26 10:29:12,22700.0,1000,Buy,226637649
2024-07-26 10:29:27,22700.0,300,Buy,226637951
2024-07-26 10:29:35,22700.0,900,Buy,226638031
2024-07-26 10:29:35,22700.0,200,Buy,226638032
2024-07-26 10:29:35,22700.0,1100,Buy,226638021
2024-07-26 10:29:35,22700.0,2100,Buy,226638017
2024-07-26 10:29:35,22700.0,500,Buy,226638019
2024-07-26 10:29:35,22700.0,200,Buy,226638020
2024-07-26 10:29:35,22700.0,900,Buy,226638016
2024-07-26 10:29:35,22700.0,200,Buy,226638018
2024-07-26 10:29:46,22700.0,900,Sell,226638210
2024-07-26 10:29:46,22700.0,1200,Sell,226638211
2024-07-26 10:30:05,22700.0,200,Sell,226638434
2024-07-26 10:30:11,22700.0,300,Sell,226638507
2024-07-26 10:30:14,22750.0,100,Buy,226638539
2024-07-26 10:30:15,22700.0,100,Sell,226638556
2024-07-26 10:30:46,22700.0,300,Sell,226638868
2024-07-26 10:30:46,22700.0,100,Sell,226638869
2024-07-26 10:30:46,22700.0,500,Sell,226638870
2024-07-26 10:30:46,22700.0,3000,Sell,226638871
2024-07-26 10:30:46,22700.0,1100,Sell,226638867
2024-07-26 10:30:53,22750.0,500,Buy,226638968
2024-07-26 10:31:01,22700.0,300,Sell,226639156
2024-07-26 10:31:08,22700.0,2000,Sell,226639294
2024-07-26 10:31:14,22700.0,200,Sell,226639394
2024-07-26 10:31:53,22700.0,100,Sell,226639888
2024-07-26 10:31:53,22700.0,400,Sell,226639886
2024-07-26 10:31:53,22700.0,500,Sell,226639887
2024-07-26 10:31:57,22700.0,700,Sell,226639935
2024-07-26 10:32:24,22700.0,200,Sell,226640367
2024-07-26 10:32:29,22750.0,1000,Buy,226640424
2024-07-26 10:32:46,22700.0,3300,Sell,226640707
2024-07-26 10:32:46,22700.0,700,Sell,226640705
2024-07-26 10:32:46,22700.0,100,Sell,226640704
2024-07-26 10:32:46,22700.0,100,Sell,226640706
2024-07-26 10:32:46,22700.0,200,Sell,226640702
2024-07-26 10:32:46,22700.0,10000,Sell,226640701
2024-07-26 10:32:46,22700.0,5000,Sell,226640700
2024-07-26 10:32:46,22700.0,500,Sell,226640699
2024-07-26 10:32:46,22700.0,100,Sell,226640703
2024-07-26 10:33:04,22700.0,100,Sell,226640947
2024-07-26 10:33:05,22700.0,58500,Sell,226640977
2024-07-26 10:33:05,22700.0,700,Sell,226640976
2024-07-26 10:33:05,22700.0,500,Sell,226640975
2024-07-26 10:33:05,22700.0,1100,Sell,226640974
2024-07-26 10:33:05,22700.0,100,Sell,226640973
2024-07-26 10:33:05,22700.0,900,Sell,226640972
2024-07-26 10:33:05,22700.0,1000,Sell,226640969
2024-07-26 10:33:05,22700.0,100,Sell,226640971
2024-07-26 10:33:05,22700.0,1000,Sell,226640970
2024-07-26 10:33:05,22700.0,100,Sell,226640967
2024-07-26 10:33:05,22700.0,1000,Sell,226640966
2024-07-26 10:33:05,22700.0,1600,Sell,226640965
2024-07-26 10:33:05,22700.0,1000,Sell,226640964
2024-07-26 10:33:05,22700.0,300,Sell,226640963
2024-07-26 10:33:05,22700.0,500,Sell,226640962
2024-07-26 10:33:05,22700.0,26600,Sell,226640961
2024-07-26 10:33:05,22700.0,5000,Sell,226640968
2024-07-26 10:33:18,22700.0,50000,Sell,226641097
2024-07-26 10:33:21,22750.0,500,Buy,226641125
2024-07-26 10:33:31,22700.0,100,Sell,226641305
2024-07-26 10:33:31,22700.0,200,Sell,226641304
2024-07-26 10:33:31,22700.0,5000,Sell,226641302
2024-07-26 10:33:31,22700.0,500,Sell,226641303
2024-07-26 10:33:32,22700.0,100,Buy,226641308
2024-07-26 10:33:32,22700.0,10000,Buy,226641314
2024-07-26 10:33:50,22700.0,2000,Buy,226641553
2024-07-26 10:33:51,22700.0,400,Buy,226641562
2024-07-26 10:33:54,22700.0,100,Buy,226641656
2024-07-26 10:33:57,22700.0,3000,Buy,226641696
2024-07-26 10:34:03,22700.0,500,Buy,226641763
2024-07-26 10:34:14,22700.0,5000,Buy,226641873
2024-07-26 10:34:20,22700.0,100,Buy,226641910
2024-07-26 10:34:20,22700.0,300,Buy,226641911
2024-07-26 10:34:21,22700.0,100,Buy,226641936
2024-07-26 10:34:53,22700.0,400,Buy,226642524
2024-07-26 10:34:57,22700.0,100,Buy,226642611
2024-07-26 10:34:58,22700.0,1000,Buy,226642626
2024-07-26 10:35:08,22700.0,200,Buy,226642857
2024-07-26 10:35:13,22700.0,100,Buy,226642922
2024-07-26 10:35:14,22700.0,1000,Buy,226642944
2024-07-26 10:35:15,22700.0,100,Buy,226642963
2024-07-26 10:35:23,22700.0,100,Buy,226643047
2024-07-26 10:35:25,22700.0,100,Buy,226643075
2024-07-26 10:35:30,22700.0,400,Buy,226643159
2024-07-26 10:35:32,22700.0,1000,Buy,226643197
2024-07-26 10:35:39,22700.0,3100,Buy,226643290
2024-07-26 10:35:39,22700.0,200,Buy,226643291
2024-07-26 10:35:39,22700.0,1700,Buy,226643292
2024-07-26 10:35:44,22700.0,600,Buy,226643379
2024-07-26 10:35:45,22700.0,300,Buy,226643391
2024-07-26 10:36:04,22700.0,500,Buy,226643685
2024-07-26 10:36:14,22700.0,100,Buy,226643877
2024-07-26 10:36:17,22700.0,1000,Buy,226643899
2024-07-26 10:36:22,22700.0,400,Buy,226643958
2024-07-26 10:36:29,22700.0,1000,Buy,226644113
2024-07-26 10:36:38,22700.0,300,Buy,226644249
2024-07-26 10:36:40,22700.0,900,Buy,226644297
2024-07-26 10:36:51,22700.0,1600,Buy,226644414
2024-07-26 10:36:59,22700.0,500,Buy,226644506
2024-07-26 10:37:14,22700.0,500,Buy,226644668
2024-07-26 10:37:21,22700.0,400,Buy,226644785
2024-07-26 10:37:30,22700.0,500,Buy,226644890
2024-07-26 10:37:52,22700.0,100,Buy,226645129
2024-07-26 10:37:54,22700.0,200,Buy,226645160
2024-07-26 10:37:56,22700.0,100,Buy,226645199
2024-07-26 10:37:57,22700.0,1200,Buy,226645214
2024-07-26 10:37:58,22700.0,4600,Buy,226645219
2024-07-26 10:38:03,22700.0,100,Buy,226645292
2024-07-26 10:38:04,22700.0,100,Buy,226645312
2024-07-26 10:38:38,22700.0,2000,Buy,226645776
2024-07-26 10:39:01,22700.0,7700,Buy,226645995
2024-07-26 10:39:15,22700.0,500,Buy,226646158
2024-07-26 10:39:19,22700.0,2000,Buy,226646213
2024-07-26 10:39:20,22700.0,100,Buy,226646226
2024-07-26 10:39:27,22700.0,300,Buy,226646390
2024-07-26 10:39:33,22700.0,200,Buy,226646482
2024-07-26 10:39:37,22700.0,1500,Buy,226646537
2024-07-26 10:39:37,22700.0,500,Buy,226646536
2024-07-26 10:39:45,22700.0,100,Buy,226646643
2024-07-26 10:39:47,22700.0,100,Buy,226646666
2024-07-26 10:39:53,22650.0,200,Sell,226646742
2024-07-26 10:40:05,22700.0,100,Buy,226646901
2024-07-26 10:40:16,22650.0,100,Sell,226647013
2024-07-26 10:40:42,22650.0,2100,Sell,226647548
2024-07-26 10:40:54,22700.0,1900,Buy,226647720
2024-07-26 10:40:54,22650.0,5000,Sell,226647740
2024-07-26 10:41:03,22700.0,100,Buy,226647873
2024-07-26 10:41:14,22650.0,100,Sell,226648048
2024-07-26 10:41:23,22650.0,200,Sell,226648201
2024-07-26 10:41:29,22700.0,2000,Buy,226648256
2024-07-26 10:41:29,22700.0,1400,Buy,226648259
2024-07-26 10:41:29,22700.0,6200,Buy,226648255
2024-07-26 10:41:29,22700.0,200,Buy,226648257
2024-07-26 10:41:29,22700.0,200,Buy,226648258
2024-07-26 10:41:40,22700.0,100,Buy,226648424
2024-07-26 10:41:42,22700.0,600,Buy,226648437
2024-07-26 10:41:42,22700.0,300,Buy,226648438
2024-07-26 10:41:42,22700.0,9100,Buy,226648439
2024-07-26 10:41:48,22700.0,100,Buy,226648647
2024-07-26 10:41:48,22700.0,100,Buy,226648655
2024-07-26 10:41:52,22700.0,1100,Buy,226648716
2024-07-26 10:41:52,22700.0,2000,Buy,226648715
2024-07-26 10:41:52,22700.0,1000,Buy,226648713
2024-07-26 10:41:52,22700.0,200,Buy,226648714
2024-07-26 10:41:52,22700.0,700,Buy,226648712
2024-07-26 10:41:59,22700.0,300,Buy,226648815
2024-07-26 10:42:12,22700.0,100,Buy,226648999
2024-07-26 10:42:16,22650.0,100,Sell,226649082
2024-07-26 10:42:31,22700.0,1000,Buy,226649354
2024-07-26 10:42:39,22700.0,7100,Buy,226649441
2024-07-26 10:42:39,22700.0,2100,Buy,226649440
2024-07-26 10:42:39,22700.0,600,Buy,226649438
2024-07-26 10:42:39,22700.0,200,Buy,226649439
2024-07-26 10:42:43,22700.0,100,Buy,226649527
2024-07-26 10:42:47,22700.0,300,Buy,226649577
2024-07-26 10:43:02,22700.0,200,Buy,226649795
2024-07-26 10:43:08,22700.0,200,Buy,226649874
2024-07-26 10:43:09,22700.0,2100,Buy,226649887
2024-07-26 10:43:09,22700.0,900,Buy,226649888
2024-07-26 10:43:45,22700.0,6000,Buy,226650324
2024-07-26 10:43:58,22700.0,800,Buy,226650570
2024-07-26 10:43:58,22700.0,700,Buy,226650568
2024-07-26 10:43:58,22700.0,200,Buy,226650569
2024-07-26 10:44:21,22700.0,200,Buy,226650990
2024-07-26 10:44:21,22700.0,200,Buy,226650991
2024-07-26 10:44:21,22700.0,100,Buy,226650992
2024-07-26 10:44:21,22700.0,100,Buy,226650993
2024-07-26 10:44:21,22700.0,3200,Buy,226650994
2024-07-26 10:44:21,22700.0,1200,Buy,226650989
2024-07-26 10:44:22,22700.0,1000,Buy,226651007
2024-07-26 10:44:27,22700.0,2000,Buy,226651073
2024-07-26 10:44:30,22700.0,100,Buy,226651116
2024-07-26 10:44:32,22700.0,600,Buy,226651141
2024-07-26 10:44:42,22700.0,100,Buy,226651259
2024-07-26 10:44:42,22700.0,700,Buy,226651257
2024-07-26 10:44:42,22700.0,200,Buy,226651258
2024-07-26 10:44:48,22700.0,500,Buy,226651375
2024-07-26 10:44:54,22700.0,1500,Buy,226651453
2024-07-26 10:44:54,22700.0,8500,Buy,226651454
2024-07-26 10:45:03,22700.0,400,Buy,226651553
2024-07-26 10:45:05,22700.0,100,Buy,226651581
2024-07-26 10:45:06,22700.0,200,Buy,226651592
2024-07-26 10:45:09,22700.0,2500,Buy,226651619
2024-07-26 10:45:11,22700.0,2000,Buy,226651652
2024-07-26 10:45:12,22650.0,300,Sell,226651679
2024-07-26 10:45:13,22700.0,1000,Buy,226651715
2024-07-26 10:45:13,22700.0,2100,Buy,226651714
2024-07-26 10:45:13,22700.0,5000,Buy,226651713
2024-07-26 10:45:13,22700.0,700,Buy,226651712
2024-07-26 10:45:13,22700.0,200,Buy,226651711
2024-07-26 10:45:13,22700.0,100,Buy,226651710
2024-07-26 10:45:13,22700.0,7600,Buy,226651708
2024-07-26 10:45:13,22700.0,200,Buy,226651716
2024-07-26 10:45:13,22700.0,300,Buy,226651701
2024-07-26 10:45:13,22700.0,100,Buy,226651700
2024-07-26 10:45:13,22700.0,100,Buy,226651699
2024-07-26 10:45:13,22700.0,200,Buy,226651698
2024-07-26 10:45:13,22700.0,2000,Buy,226651709
2024-07-26 10:45:13,22700.0,7200,Buy,226651707
2024-07-26 10:45:26,22700.0,400,Sell,226651841
2024-07-26 10:45:55,22750.0,3000,Buy,226652225
2024-07-26 10:46:01,22700.0,100,Sell,226652289
2024-07-26 10:46:10,22700.0,2000,Sell,226652373
2024-07-26 10:46:19,22700.0,200,Sell,226652497
2024-07-26 10:46:41,22700.0,1000,Sell,226652765
2024-07-26 10:47:19,22700.0,200,Sell,226653235
2024-07-26 10:47:19,22700.0,200,Sell,226653236
2024-07-26 10:47:29,22700.0,200,Sell,226653423
2024-07-26 10:47:32,22700.0,2100,Sell,226653464
2024-07-26 10:47:33,22700.0,5000,Sell,226653478
2024-07-26 10:47:45,22700.0,100,Sell,226653652
2024-07-26 10:47:55,22700.0,1000,Sell,226653792
2024-07-26 10:48:06,22700.0,1700,Sell,226653947
2024-07-26 10:48:24,22700.0,1000,Sell,226654253
2024-07-26 10:48:39,22700.0,200,Sell,226654563
2024-07-26 10:48:54,22700.0,500,Sell,226654762
2024-07-26 10:48:54,22700.0,1500,Sell,226654763
2024-07-26 10:49:03,22700.0,500,Sell,226654862
2024-07-26 10:49:03,22700.0,400,Sell,226654863
2024-07-26 10:49:03,22700.0,100,Sell,226654864
2024-07-26 10:49:34,22700.0,500,Sell,226655383
2024-07-26 10:49:34,22700.0,100,Sell,226655382
2024-07-26 10:49:34,22700.0,100,Sell,226655381
2024-07-26 10:49:34,22700.0,200,Sell,226655379
2024-07-26 10:49:34,22700.0,900,Sell,226655377
2024-07-26 10:49:34,22700.0,100,Sell,226655380
2024-07-26 10:49:34,22700.0,300,Sell,226655378
2024-07-26 10:49:38,22750.0,200,Buy,226655491
2024-07-26 10:49:45,22750.0,900,Buy,226655605
2024-07-26 10:50:16,22750.0,1300,Buy,226656129
2024-07-26 10:50:29,22750.0,600,Buy,226656334
2024-07-26 10:50:41,22750.0,100,Buy,226656538
2024-07-26 10:50:46,22750.0,100,Buy,226656595
2024-07-26 10:51:04,22750.0,100,Buy,226656859
2024-07-26 10:51:23,22750.0,800,Buy,226657150
2024-07-26 10:51:27,22750.0,1000,Buy,226657213
2024-07-26 10:51:42,22750.0,100,Buy,226657454
2024-07-26 10:51:43,22750.0,2100,Buy,226657476
2024-07-26 10:51:43,22750.0,200,Buy,226657475
2024-07-26 10:51:43,22750.0,10000,Buy,226657470
2024-07-26 10:51:43,22750.0,22400,Buy,226657469
2024-07-26 10:51:43,22750.0,22400,Buy,226657465
2024-07-26 10:51:43,22750.0,200,Buy,226657467
2024-07-26 10:51:43,22750.0,5000,Buy,226657466
2024-07-26 10:51:43,22750.0,8300,Buy,226657477
2024-07-26 10:51:43,22750.0,10000,Buy,226657468
2024-07-26 10:51:43,22750.0,500,Buy,226657464
2024-07-26 10:51:45,22700.0,200,Sell,226657524
2024-07-26 10:51:58,22750.0,10000,Buy,226657740
2024-07-26 10:51:58,22750.0,5000,Buy,226657741
2024-07-26 10:51:58,22750.0,100,Buy,226657742
2024-07-26 10:51:58,22750.0,30000,Buy,226657743
2024-07-26 10:51:58,22750.0,1000,Buy,226657744
2024-07-26 10:51:58,22750.0,2000,Buy,226657745
2024-07-26 10:51:58,22750.0,500,Buy,226657746
2024-07-26 10:51:58,22750.0,100,Buy,226657747
2024-07-26 10:51:58,22750.0,200,Buy,226657748
2024-07-26 10:51:58,22750.0,1700,Buy,226657739
2024-07-26 10:52:00,22750.0,1900,Buy,226657782
2024-07-26 10:52:00,22750.0,100,Buy,226657780
2024-07-26 10:52:00,22750.0,1500,Buy,226657781
2024-07-26 10:52:02,22750.0,500,Buy,226657852
2024-07-26 10:52:02,22750.0,300,Buy,226657851
2024-07-26 10:52:02,22750.0,300,Buy,226657850
2024-07-26 10:52:02,22750.0,200,Buy,226657849
2024-07-26 10:52:02,22750.0,100,Buy,226657848
2024-07-26 10:52:02,22750.0,900,Buy,226657847
2024-07-26 10:52:02,22750.0,100,Buy,226657844
2024-07-26 10:52:02,22750.0,300,Buy,226657843
2024-07-26 10:52:02,22750.0,200,Buy,226657842
2024-07-26 10:52:02,22750.0,400,Buy,226657841
2024-07-26 10:52:02,22750.0,200,Buy,226657840
2024-07-26 10:52:02,22750.0,1100,Buy,226657839
2024-07-26 10:52:02,22750.0,100,Buy,226657838
2024-07-26 10:52:02,22750.0,100,Buy,226657827
2024-07-26 10:52:02,22750.0,1000,Buy,226657828
2024-07-26 10:52:02,22750.0,18700,Buy,226657830
2024-07-26 10:52:02,22750.0,19300,Buy,226657831
2024-07-26 10:52:02,22750.0,200,Buy,226657829
2024-07-26 10:52:02,22750.0,200,Buy,226657833
2024-07-26 10:52:02,22750.0,2000,Buy,226657834
2024-07-26 10:52:02,22750.0,22800,Buy,226657835
2024-07-26 10:52:02,22750.0,200,Buy,226657836
2024-07-26 10:52:02,22750.0,2100,Buy,226657837
2024-07-26 10:52:02,22750.0,1000,Buy,226657832
2024-07-26 10:52:04,22750.0,1000,Buy,226657887
2024-07-26 10:52:04,22750.0,3400,Buy,226657894
2024-07-26 10:52:04,22750.0,19000,Buy,226657892
2024-07-26 10:52:04,22750.0,2000,Buy,226657891
2024-07-26 10:52:04,22750.0,200,Buy,226657890
2024-07-26 10:52:04,22750.0,10000,Buy,226657889
2024-07-26 10:52:04,22750.0,200,Buy,226657886
2024-07-26 10:52:04,22750.0,2100,Buy,226657888
2024-07-26 10:52:04,22750.0,100,Buy,226657884
2024-07-26 10:52:04,22750.0,1500,Buy,226657878
2024-07-26 10:52:04,22750.0,5000,Buy,226657883
2024-07-26 10:52:04,22750.0,900,Buy,226657882
2024-07-26 10:52:04,22750.0,2100,Buy,226657881
2024-07-26 10:52:04,22750.0,300,Buy,226657880
2024-07-26 10:52:04,22750.0,100,Buy,226657879
2024-07-26 10:52:04,22750.0,500,Buy,226657885
2024-07-26 10:52:07,22750.0,22400,Sell,226657947
2024-07-26 10:52:07,22750.0,200,Sell,226657952
2024-07-26 10:52:30,22750.0,3600,Sell,226658228
2024-07-26 10:52:51,22750.0,11200,Sell,226658478
2024-07-26 10:53:00,22750.0,2100,Sell,226658633
2024-07-26 10:53:12,22750.0,2800,Sell,226658813
2024-07-26 10:53:12,22750.0,1000,Sell,226658814
2024-07-26 10:53:12,22750.0,1000,Sell,226658815
2024-07-26 10:53:12,22750.0,2000,Sell,226658816
2024-07-26 10:53:12,22750.0,1900,Sell,226658817
2024-07-26 10:53:12,22750.0,2500,Sell,226658812
2024-07-26 10:53:17,22750.0,200,Sell,226658879
2024-07-26 10:53:21,22750.0,3700,Sell,226658928
2024-07-26 10:53:21,22750.0,100,Sell,226658931
2024-07-26 10:53:21,22750.0,200,Sell,226658930
2024-07-26 10:53:21,22750.0,200,Sell,226658927
2024-07-26 10:53:21,22750.0,1200,Sell,226658929
2024-07-26 10:53:21,22750.0,2000,Sell,226658925
2024-07-26 10:53:21,22750.0,100,Sell,226658922
2024-07-26 10:53:21,22750.0,1000,Sell,226658923
2024-07-26 10:53:21,22750.0,53600,Sell,226658926
2024-07-26 10:53:21,22750.0,1200,Sell,226658924
2024-07-26 10:53:21,22750.0,12900,Sell,226658921
2024-07-26 10:53:27,22750.0,1000,Buy,226659006
2024-07-26 10:53:37,22750.0,1500,Buy,226659131
2024-07-26 10:53:38,22750.0,3500,Buy,226659140
2024-07-26 10:53:51,22750.0,100,Buy,226659320
2024-07-26 10:53:51,22750.0,200,Buy,226659324
2024-07-26 10:53:53,22750.0,17500,Buy,226659388
2024-07-26 10:53:53,22750.0,2000,Buy,226659389
2024-07-26 10:53:56,22800.0,100,Buy,226659414
2024-07-26 10:54:00,22800.0,100,Buy,226659479
2024-07-26 10:54:31,22800.0,100,Buy,226659871
2024-07-26 10:54:31,22800.0,1900,Buy,226659870
2024-07-26 10:54:42,22800.0,300,Buy,226659997
2024-07-26 10:55:03,22800.0,1000,Buy,226660304
2024-07-26 10:55:12,22800.0,100,Buy,226660411
2024-07-26 10:55:27,22800.0,500,Buy,226660616
2024-07-26 10:55:37,22800.0,6400,Buy,226660751
2024-07-26 10:55:46,22800.0,1300,Buy,226660857
2024-07-26 10:55:46,22800.0,1600,Buy,226660855
2024-07-26 10:55:46,22800.0,100,Buy,226660856
2024-07-26 10:55:49,22750.0,14500,Sell,226660922
2024-07-26 10:55:49,22750.0,500,Sell,226660921
2024-07-26 10:55:52,22800.0,1000,Buy,226660968
2024-07-26 10:56:04,22800.0,100,Buy,226661189
2024-07-26 10:56:11,22800.0,800,Buy,226661249
2024-07-26 10:56:31,22800.0,200,Buy,226661534
2024-07-26 10:57:42,22800.0,100,Buy,226662313
2024-07-26 10:58:12,22800.0,100,Buy,226662622
2024-07-26 10:58:15,22800.0,100,Buy,226662660
2024-07-26 10:58:50,22800.0,100,Buy,226663129
2024-07-26 10:58:59,22750.0,2000,Sell,226663284
2024-07-26 10:59:03,22800.0,100,Buy,226663320
2024-07-26 10:59:41,22800.0,200,Buy,226663824
2024-07-26 11:01:04,22750.0,100,Sell,226664924
2024-07-26 11:01:12,22750.0,2100,Sell,226665002
2024-07-26 11:01:24,22750.0,200,Sell,226665196
2024-07-26 11:01:30,22750.0,7100,Sell,226665309
2024-07-26 11:01:30,22750.0,2000,Sell,226665308
2024-07-26 11:01:30,22750.0,100,Sell,226665307
2024-07-26 11:01:30,22750.0,500,Sell,226665306
2024-07-26 11:01:30,22750.0,1000,Sell,226665305
2024-07-26 11:01:30,22750.0,10000,Sell,226665304
2024-07-26 11:01:30,22750.0,200,Sell,226665303
2024-07-26 11:01:30,22750.0,900,Sell,226665302
2024-07-26 11:01:30,22750.0,200,Sell,226665300
2024-07-26 11:01:30,22750.0,500,Sell,226665299
2024-07-26 11:01:30,22750.0,10000,Sell,226665301
2024-07-26 11:01:30,22750.0,5000,Sell,226665297
2024-07-26 11:01:30,22750.0,1100,Sell,226665288
2024-07-26 11:01:30,22750.0,700,Sell,226665289
2024-07-26 11:01:30,22750.0,400,Sell,226665290
2024-07-26 11:01:30,22750.0,1000,Sell,226665291
2024-07-26 11:01:30,22750.0,1000,Sell,226665298
2024-07-26 11:01:30,22750.0,500,Sell,226665293
2024-07-26 11:01:30,22750.0,30000,Sell,226665294
2024-07-26 11:01:30,22750.0,100,Sell,226665295
2024-07-26 11:01:30,22750.0,1900,Sell,226665296
2024-07-26 11:01:30,22750.0,2000,Sell,226665292
2024-07-26 11:01:36,22750.0,500,Sell,226665399
2024-07-26 11:01:36,22750.0,100,Sell,226665397
2024-07-26 11:01:56,22800.0,100,Buy,226665650
2024-07-26 11:02:07,22800.0,1400,Buy,226665806
2024-07-26 11:02:08,22750.0,100,Sell,226665817
2024-07-26 11:02:08,22750.0,100,Sell,226665818
2024-07-26 11:02:08,22750.0,500,Sell,226665819
2024-07-26 11:02:08,22750.0,100,Sell,226665820
2024-07-26 11:02:08,22750.0,2000,Sell,226665821
2024-07-26 11:02:08,22750.0,7600,Sell,226665822
2024-07-26 11:02:08,22750.0,2300,Sell,226665816
2024-07-26 11:02:15,22750.0,500,Buy,226665940
2024-07-26 11:03:16,22750.0,6800,Buy,226666780
2024-07-26 11:03:16,22750.0,13200,Buy,226666781
2024-07-26 11:03:47,22750.0,200,Buy,226667309
2024-07-26 11:04:16,22700.0,38000,Sell,226667721
2024-07-26 11:04:16,22700.0,100,Sell,226667722
2024-07-26 11:04:16,22700.0,500,Sell,226667720
2024-07-26 11:04:16,22700.0,1000,Sell,226667724
2024-07-26 11:04:16,22700.0,1000,Sell,226667725
2024-07-26 11:04:16,22700.0,500,Sell,226667726
2024-07-26 11:04:16,22700.0,400,Sell,226667727
2024-07-26 11:04:16,22700.0,100,Sell,226667728
2024-07-26 11:04:16,22700.0,5000,Sell,226667729
2024-07-26 11:04:16,22700.0,5000,Sell,226667730
2024-07-26 11:04:16,22700.0,2500,Sell,226667732
2024-07-26 11:04:16,22700.0,1000,Sell,226667733
2024-07-26 11:04:16,22700.0,100,Sell,226667734
2024-07-26 11:04:16,22700.0,10000,Sell,226667735
2024-07-26 11:04:16,22700.0,200,Sell,226667736
2024-07-26 11:04:16,22700.0,1000,Sell,226667737
2024-07-26 11:04:16,22700.0,500,Sell,226667738
2024-07-26 11:04:16,22700.0,8300,Sell,226667739
2024-07-26 11:04:16,22700.0,10000,Sell,226667731
2024-07-26 11:04:16,22700.0,100,Sell,226667719
2024-07-26 11:04:16,22700.0,400,Sell,226667723
2024-07-26 11:04:16,22700.0,300,Sell,226667717
2024-07-26 11:04:16,22700.0,500,Sell,226667718
2024-07-26 11:04:16,22700.0,300,Sell,226667698
2024-07-26 11:04:16,22700.0,20000,Sell,226667700
2024-07-26 11:04:16,22700.0,100,Sell,226667701
2024-07-26 11:04:16,22700.0,1000,Sell,226667702
2024-07-26 11:04:16,22700.0,10000,Sell,226667703
2024-07-26 11:04:16,22700.0,100,Sell,226667704
2024-07-26 11:04:16,22700.0,2200,Sell,226667705
2024-07-26 11:04:16,22700.0,100,Sell,226667706
2024-07-26 11:04:16,22700.0,1000,Sell,226667699
2024-07-26 11:04:16,22700.0,1000,Sell,226667708
2024-07-26 11:04:16,22700.0,100,Sell,226667709
2024-07-26 11:04:16,22700.0,300,Sell,226667710
2024-07-26 11:04:16,22700.0,15000,Sell,226667711
2024-07-26 11:04:16,22700.0,300,Sell,226667712
2024-07-26 11:04:16,22700.0,10000,Sell,226667713
2024-07-26 11:04:16,22700.0,100,Sell,226667714
2024-07-26 11:04:16,22700.0,1500,Sell,226667716
2024-07-26 11:04:16,22700.0,50000,Sell,226667715
2024-07-26 11:04:16,22700.0,400,Sell,226667707
2024-07-26 11:04:42,22700.0,9400,Sell,226668125
2024-07-26 11:04:42,22700.0,1700,Sell,226668123
2024-07-26 11:04:42,22700.0,100,Sell,226668124
2024-07-26 11:04:44,22700.0,300,Sell,226668187
2024-07-26 11:04:44,22700.0,100,Sell,226668190
2024-07-26 11:04:44,22700.0,600,Sell,226668188
2024-07-26 11:04:44,22700.0,100,Sell,226668189
2024-07-26 11:04:44,22700.0,1000,Sell,226668186
2024-07-26 11:04:44,22700.0,1000,Sell,226668191
2024-07-26 11:04:44,22700.0,500,Sell,226668196
2024-07-26 11:04:44,22700.0,1000,Sell,226668193
2024-07-26 11:04:44,22700.0,2000,Sell,226668194
2024-07-26 11:04:44,22700.0,2000,Sell,226668195
2024-07-26 11:04:44,22700.0,5000,Sell,226668197
2024-07-26 11:04:44,22700.0,500,Sell,226668185
2024-07-26 11:04:44,22700.0,1000,Sell,226668192
2024-07-26 11:04:44,22700.0,10000,Sell,226668184
2024-07-26 11:04:44,22700.0,1000,Sell,226668172
2024-07-26 11:04:44,22700.0,100,Sell,226668182
2024-07-26 11:04:44,22700.0,100,Sell,226668181
2024-07-26 11:04:44,22700.0,100,Sell,226668180
2024-07-26 11:04:44,22700.0,500,Sell,226668179
2024-07-26 11:04:44,22700.0,1000,Sell,226668178
2024-07-26 11:04:44,22700.0,100,Sell,226668177
2024-07-26 11:04:44,22700.0,100,Sell,226668176
2024-07-26 11:04:44,22700.0,1000,Sell,226668175
2024-07-26 11:04:44,22700.0,200,Sell,226668174
2024-07-26 11:04:44,22700.0,5000,Sell,226668173
2024-07-26 11:04:44,22700.0,1000,Sell,226668171
2024-07-26 11:04:44,22700.0,1000,Sell,226668170
2024-07-26 11:04:44,22700.0,100,Sell,226668169
2024-07-26 11:04:44,22700.0,600,Sell,226668168
2024-07-26 11:04:44,22700.0,300,Sell,226668183
2024-07-26 11:04:44,22700.0,1000,Sell,226668198
2024-07-26 11:04:44,22700.0,1000,Sell,226668199
2024-07-26 11:04:48,22700.0,100,Buy,226668238
2024-07-26 11:05:02,22700.0,300,Buy,226668385
2024-07-26 11:05:10,22700.0,500,Buy,226668481
2024-07-26 11:05:12,22700.0,500,Buy,226668500
2024-07-26 11:05:40,22700.0,2000,Buy,226668899
2024-07-26 11:05:54,22700.0,500,Buy,226669255
2024-07-26 11:05:57,22700.0,4500,Buy,226669393
2024-07-26 11:06:04,22700.0,100,Buy,226669806
2024-07-26 11:06:04,22700.0,600,Buy,226669813
2024-07-26 11:06:04,22700.0,200,Buy,226669814
2024-07-26 11:06:27,22700.0,100,Buy,226670134
2024-07-26 11:06:36,22700.0,800,Buy,226670242
2024-07-26 11:06:43,22700.0,100,Buy,226670358
2024-07-26 11:06:53,22700.0,100,Buy,226670506
2024-07-26 11:06:53,22700.0,1000,Buy,226670513
2024-07-26 11:07:04,22700.0,5400,Buy,226670917
2024-07-26 11:07:04,22700.0,100,Buy,226670916
2024-07-26 11:07:04,22700.0,249300,Buy,226670914
2024-07-26 11:07:04,22700.0,200,Buy,226670915
2024-07-26 11:07:22,22700.0,5800,Buy,226671201
2024-07-26 11:07:22,22700.0,2100,Buy,226671202
2024-07-26 11:07:22,22700.0,200,Buy,226671203
2024-07-26 11:07:22,22700.0,2000,Buy,226671204
2024-07-26 11:07:22,22700.0,200,Buy,226671205
2024-07-26 11:07:43,22750.0,1100,Buy,226671629
2024-07-26 11:08:00,22750.0,100,Buy,226671870
2024-07-26 11:09:05,22750.0,1000,Buy,226672982
2024-07-26 11:09:23,22700.0,2000,Sell,226673245
2024-07-26 11:09:24,22700.0,2000,Sell,226673249
2024-07-26 11:09:32,22700.0,200,Sell,226673415
2024-07-26 11:09:32,22700.0,300,Sell,226673419
2024-07-26 11:09:33,22700.0,1800,Sell,226673429
2024-07-26 11:09:41,22700.0,200,Sell,226673517
2024-07-26 11:09:41,22700.0,300,Sell,226673518
2024-07-26 11:09:45,22700.0,100,Sell,226673579
2024-07-26 11:09:45,22700.0,100,Sell,226673580
2024-07-26 11:09:45,22700.0,100,Sell,226673581
2024-07-26 11:09:45,22700.0,100,Sell,226673582
2024-07-26 11:09:45,22700.0,100,Sell,226673583
2024-07-26 11:09:58,22700.0,100,Sell,226673799
2024-07-26 11:10:26,22700.0,500,Sell,226674232
2024-07-26 11:10:41,22700.0,200,Sell,226674389
2024-07-26 11:10:43,22700.0,200,Sell,226674402
2024-07-26 11:10:43,22700.0,4800,Sell,226674403
2024-07-26 11:10:46,22700.0,200,Sell,226674441
2024-07-26 11:10:46,22700.0,1000,Sell,226674442
2024-07-26 11:10:46,22700.0,900,Sell,226674443
2024-07-26 11:10:49,22700.0,5000,Sell,226674458
2024-07-26 11:11:30,22750.0,200,Buy,226675002
2024-07-26 11:11:30,22750.0,100,Buy,226675001
2024-07-26 11:11:30,22750.0,600,Buy,226675003
2024-07-26 11:11:30,22750.0,2100,Buy,226674999
2024-07-26 11:11:30,22750.0,200,Buy,226675000
2024-07-26 11:11:30,22750.0,4400,Buy,226674998
2024-07-26 11:11:34,22700.0,200,Sell,226675050
2024-07-26 11:11:51,22750.0,4400,Buy,226675240
2024-07-26 11:11:51,22750.0,1000,Buy,226675243
2024-07-26 11:11:51,22700.0,200,Sell,226675238
2024-07-26 11:11:51,22750.0,200,Buy,226675241
2024-07-26 11:11:51,22750.0,2000,Buy,226675242
2024-07-26 11:11:52,22700.0,1000,Sell,226675276
2024-07-26 11:12:08,22700.0,2100,Sell,226675466
2024-07-26 11:12:55,22750.0,2000,Buy,226676064
2024-07-26 11:12:55,22750.0,8000,Buy,226676065
2024-07-26 11:12:55,22750.0,200,Buy,226676066
2024-07-26 11:12:55,22750.0,6000,Buy,226676067
2024-07-26 11:12:55,22750.0,3800,Buy,226676068
2024-07-26 11:13:39,22750.0,3800,Buy,226676562
2024-07-26 11:13:39,22750.0,6200,Buy,226676545
2024-07-26 11:14:06,22750.0,10000,Buy,226676907
2024-07-26 11:14:25,22750.0,100,Buy,226677130
2024-07-26 11:14:40,22750.0,2200,Buy,226677299
2024-07-26 11:14:46,22750.0,1000,Buy,226677337
2024-07-26 11:15:03,22750.0,100,Buy,226677544
2024-07-26 11:16:14,22750.0,100,Buy,226678288
2024-07-26 11:16:19,22750.0,500,Buy,226678344
2024-07-26 11:17:05,22750.0,200,Buy,226678842
2024-07-26 11:17:05,22750.0,100,Buy,226678848
2024-07-26 11:17:12,22700.0,600,Sell,226678942
2024-07-26 11:17:22,22750.0,200,Buy,226679077
2024-07-26 11:17:52,22700.0,400,Sell,226679420
2024-07-26 11:17:52,22700.0,800,Sell,226679421
2024-07-26 11:17:59,22750.0,1700,Buy,226679520
2024-07-26 11:17:59,22750.0,2100,Buy,226679521
2024-07-26 11:17:59,22750.0,200,Buy,226679522
2024-07-26 11:17:59,22750.0,4000,Buy,226679523
2024-07-26 11:17:59,22750.0,500,Buy,226679524
2024-07-26 11:17:59,22750.0,1000,Buy,226679525
2024-07-26 11:17:59,22750.0,100,Buy,226679526
2024-07-26 11:17:59,22750.0,100,Buy,226679527
2024-07-26 11:18:00,22700.0,200,Sell,226679532
2024-07-26 11:18:00,22700.0,1400,Sell,226679533
2024-07-26 11:18:41,22750.0,300,Buy,226680055
2024-07-26 11:18:58,22750.0,100,Buy,226680182
2024-07-26 11:19:19,22700.0,200,Sell,226680395
2024-07-26 11:20:18,22700.0,2000,Sell,226681013
2024-07-26 11:20:27,22700.0,10000,Sell,226681087
2024-07-26 11:20:38,22700.0,400,Sell,226681170
2024-07-26 11:20:40,22700.0,100,Sell,226681189
2024-07-26 11:21:08,22700.0,300,Sell,226681547
2024-07-26 11:21:39,22750.0,5000,Buy,226681864
2024-07-26 11:21:40,22700.0,100,Sell,226681880
2024-07-26 11:21:41,22700.0,2100,Sell,226681893
2024-07-26 11:21:58,22700.0,200,Sell,226682110
2024-07-26 11:22:18,22700.0,6000,Sell,226682305
2024-07-26 11:22:18,22700.0,5200,Sell,226682304
2024-07-26 11:22:29,22700.0,200,Sell,226682467
2024-07-26 11:23:03,22700.0,2000,Sell,226682824
2024-07-26 11:23:03,22750.0,500,Buy,226682823
2024-07-26 11:23:18,22700.0,100,Sell,226682998
2024-07-26 11:24:25,22700.0,1700,Sell,226683656
2024-07-26 11:24:25,22700.0,100,Sell,226683657
2024-07-26 11:24:25,22700.0,200,Sell,226683658
2024-07-26 11:24:37,22700.0,100,Sell,226683786
2024-07-26 11:24:37,22700.0,100,Sell,226683787
2024-07-26 11:24:44,22700.0,100,Sell,226683845
2024-07-26 11:25:04,22750.0,100,Buy,226684006
2024-07-26 11:25:28,22750.0,300,Buy,226684201
2024-07-26 11:25:45,22750.0,1800,Buy,226684573
2024-07-26 11:25:55,22750.0,100,Buy,226684681
2024-07-26 11:26:17,22750.0,1900,Buy,226684925
2024-07-26 11:26:28,22750.0,500,Buy,226685017
2024-07-26 11:26:34,22750.0,2000,Buy,226685112
2024-07-26 11:26:36,22700.0,800,Sell,226685185
2024-07-26 11:26:44,22700.0,1000,Sell,226685268
2024-07-26 11:26:44,22700.0,500,Sell,226685269
2024-07-26 11:26:44,22700.0,1000,Sell,226685270
2024-07-26 11:26:44,22700.0,2500,Sell,226685271
2024-07-26 11:26:48,22750.0,1900,Buy,226685348
2024-07-26 11:27:20,22750.0,1800,Buy,226685738
2024-07-26 11:27:35,22700.0,400,Sell,226685895
2024-07-26 11:27:51,22750.0,2000,Buy,226686078
2024-07-26 11:28:23,22750.0,200,Buy,226686488
2024-07-26 11:28:24,22750.0,900,Buy,226686503
2024-07-26 11:28:36,22700.0,500,Sell,226686603
2024-07-26 11:28:43,22750.0,3100,Buy,226686683
2024-07-26 11:28:52,22700.0,10000,Sell,226686920
2024-07-26 11:29:23,22700.0,2000,Sell,226687376
2024-07-26 12:59:37,22750.0,100,Buy,226687577
2024-07-26 12:59:39,22700.0,300,Sell,226688327
2024-07-26 12:59:40,22700.0,100,Sell,226688539
2024-07-26 12:59:40,22750.0,100,Buy,226688540
2024-07-26 12:59:40,22700.0,500,Sell,226688541
2024-07-26 12:59:41,22750.0,200,Buy,226688876
2024-07-26 12:59:41,22700.0,300,Sell,226688877
2024-07-26 12:59:41,22700.0,1000,Sell,226688878
2024-07-26 12:59:43,22700.0,100,Sell,226689743
2024-07-26 12:59:43,22700.0,7000,Sell,226689742
2024-07-26 12:59:43,22700.0,400,Sell,226689741
2024-07-26 12:59:43,22700.0,13000,Sell,226689739
2024-07-26 12:59:43,22700.0,1000,Sell,226689491
2024-07-26 12:59:43,22750.0,200,Buy,226689490
2024-07-26 12:59:43,22700.0,1400,Sell,226689740
2024-07-26 12:59:44,22700.0,100,Sell,226690046
2024-07-26 12:59:44,22700.0,100,Sell,226690047
2024-07-26 12:59:45,22700.0,500,Sell,226690269
2024-07-26 12:59:45,22750.0,100,Buy,226690270
2024-07-26 12:59:47,22700.0,700,Sell,226690612
2024-07-26 12:59:47,22700.0,100,Sell,226690611
2024-07-26 12:59:47,22700.0,500,Sell,226690610
2024-07-26 12:59:47,22750.0,1300,Buy,226690569
2024-07-26 12:59:47,22700.0,200,Sell,226690608
2024-07-26 12:59:47,22700.0,500,Sell,226690609
2024-07-26 12:59:47,22750.0,1700,Buy,226690568
2024-07-26 12:59:47,22700.0,1000,Sell,226690570
2024-07-26 12:59:48,22700.0,1000,Sell,226690665
2024-07-26 12:59:49,22750.0,100,Buy,226690761
2024-07-26 12:59:49,22700.0,2000,Sell,226690787
2024-07-26 12:59:52,22700.0,1000,Sell,226691198
2024-07-26 12:59:52,22700.0,200,Sell,226691199
2024-07-26 12:59:53,22700.0,2000,Sell,226691315
2024-07-26 12:59:54,22700.0,500,Sell,226691445
2024-07-26 12:59:57,22700.0,200,Sell,226691789
2024-07-26 12:59:57,22750.0,600,Buy,226691790
2024-07-26 13:00:01,22700.0,100,Sell,226691926
2024-07-26 13:00:04,22700.0,100,Sell,226692100
2024-07-26 13:00:33,22700.0,200,Sell,226692641
2024-07-26 13:00:33,22700.0,1000,Sell,226692640
2024-07-26 13:00:33,22700.0,1000,Sell,226692639
2024-07-26 13:00:33,22700.0,2000,Sell,226692638
2024-07-26 13:00:33,22750.0,100,Buy,226692645
2024-07-26 13:00:33,22700.0,100,Sell,226692636
2024-07-26 13:00:33,22700.0,1000,Sell,226692637
2024-07-26 13:00:33,22700.0,2200,Sell,226692633
2024-07-26 13:00:33,22700.0,1600,Sell,226692642
2024-07-26 13:00:33,22700.0,2000,Sell,226692635
2024-07-26 13:00:33,22700.0,100,Sell,226692634
2024-07-26 13:00:37,22750.0,1800,Buy,226692708
2024-07-26 13:01:07,22750.0,1900,Buy,226693269
2024-07-26 13:01:40,22750.0,1900,Buy,226694065
2024-07-26 13:01:43,22750.0,800,Buy,226694170
2024-07-26 13:01:53,22750.0,400,Buy,226694388
2024-07-26 13:02:11,22750.0,1900,Buy,226694765
2024-07-26 13:02:41,22750.0,100,Buy,226695358
2024-07-26 13:02:44,22750.0,2000,Buy,226695441
2024-07-26 13:03:16,22750.0,1000,Buy,226696182
2024-07-26 13:03:16,22750.0,1800,Buy,226696186
2024-07-26 13:03:30,22700.0,400,Sell,226696491
2024-07-26 13:03:31,22750.0,2000,Buy,226696497
2024-07-26 13:03:46,22750.0,1900,Buy,226696899
2024-07-26 13:03:48,22750.0,200,Buy,226696922
2024-07-26 13:03:50,22700.0,300,Sell,226696999
2024-07-26 13:03:58,22700.0,700,Sell,226697178
2024-07-26 13:03:58,22700.0,100,Sell,226697179
2024-07-26 13:03:58,22700.0,200,Sell,226697180
2024-07-26 13:03:58,22700.0,100,Sell,226697181
2024-07-26 13:03:58,22700.0,900,Sell,226697182
2024-07-26 13:04:15,22700.0,100,Sell,226697487
2024-07-26 13:04:17,22700.0,2000,Sell,226697527
2024-07-26 13:04:18,22750.0,1900,Buy,226697589
2024-07-26 13:04:50,22750.0,1800,Buy,226698289
2024-07-26 13:04:57,22750.0,400,Buy,226698420
2024-07-26 13:05:21,22750.0,1900,Buy,226698853
2024-07-26 13:05:29,22700.0,100,Sell,226699090
2024-07-26 13:05:43,22700.0,2000,Sell,226699313
2024-07-26 13:05:47,22700.0,300,Sell,226699443
2024-07-26 13:05:53,22750.0,1900,Buy,226699549
2024-07-26 13:06:25,22750.0,2000,Buy,226700172
2024-07-26 13:06:42,22750.0,100,Buy,226700501
2024-07-26 13:06:45,22750.0,1300,Buy,226700555
2024-07-26 13:06:45,22750.0,300,Buy,226700567
2024-07-26 13:06:45,22750.0,200,Buy,226700553
2024-07-26 13:06:45,22750.0,500,Buy,226700554
2024-07-26 13:06:45,22750.0,700,Buy,226700566
2024-07-26 13:06:54,22750.0,1700,Buy,226700808
2024-07-26 13:06:54,22750.0,300,Buy,226700809
2024-07-26 13:06:58,22750.0,1700,Buy,226700915
2024-07-26 13:06:58,22750.0,300,Buy,226700916
2024-07-26 13:07:15,22750.0,1800,Buy,226701214
2024-07-26 13:07:15,22750.0,18200,Buy,226701215
2024-07-26 13:07:17,22700.0,700,Sell,226701242
2024-07-26 13:07:19,22700.0,1000,Sell,226701280
2024-07-26 13:07:31,22750.0,1800,Buy,226701576
2024-07-26 13:08:02,22750.0,1900,Buy,226702308
2024-07-26 13:08:18,22750.0,100,Buy,226702552
2024-07-26 13:08:30,22750.0,100,Buy,226702754
2024-07-26 13:08:34,22750.0,2000,Buy,226702829
2024-07-26 13:08:41,22750.0,2200,Buy,226702949
2024-07-26 13:08:49,22750.0,10000,Buy,226703075
2024-07-26 13:08:59,22750.0,2000,Buy,226703245
2024-07-26 13:09:04,22750.0,1700,Buy,226703336
2024-07-26 13:09:04,22750.0,1000,Buy,226703337
2024-07-26 13:09:04,22750.0,6300,Buy,226703338
2024-07-26 13:09:07,22750.0,1800,Buy,226703426
2024-07-26 13:09:12,22750.0,3100,Buy,226703574
2024-07-26 13:09:12,22750.0,5000,Buy,226703575
2024-07-26 13:09:12,22750.0,4900,Buy,226703576
2024-07-26 13:09:17,22750.0,1700,Buy,226703732
2024-07-26 13:09:17,22750.0,7100,Buy,226703731
2024-07-26 13:09:17,22750.0,1300,Buy,226703730
2024-07-26 13:09:17,22750.0,1100,Buy,226703717
2024-07-26 13:09:17,22750.0,900,Buy,226703728
2024-07-26 13:09:17,22750.0,500,Buy,226703716
2024-07-26 13:09:17,22750.0,100,Buy,226703715
2024-07-26 13:09:17,22750.0,2000,Buy,226703729
2024-07-26 13:09:24,22750.0,300,Buy,226704086
2024-07-26 13:09:38,22750.0,1800,Buy,226704445
2024-07-26 13:10:02,22750.0,500,Buy,226704915
2024-07-26 13:10:02,22750.0,1600,Buy,226704918
2024-07-26 13:10:02,22750.0,20000,Buy,226704916
2024-07-26 13:10:02,22750.0,2000,Buy,226704914
2024-07-26 13:10:02,22750.0,200,Buy,226704917
2024-07-26 13:10:02,22750.0,400,Buy,226704912
2024-07-26 13:10:02,22750.0,2000,Buy,226704910
2024-07-26 13:10:02,22750.0,2000,Buy,226704913
2024-07-26 13:10:02,22750.0,100,Buy,226704911
2024-07-26 13:10:02,22750.0,1200,Buy,226704909
2024-07-26 13:10:09,22750.0,400,Buy,226705150
2024-07-26 13:10:09,22750.0,300,Buy,226705151
2024-07-26 13:10:09,22750.0,200,Buy,226705152
2024-07-26 13:10:09,22750.0,1000,Buy,226705153
2024-07-26 13:10:14,22750.0,10000,Buy,226705268
2024-07-26 13:10:18,22750.0,1300,Buy,226705406
2024-07-26 13:10:22,22750.0,1000,Buy,226705544
2024-07-26 13:10:23,22750.0,100,Buy,226705559
2024-07-26 13:10:23,22750.0,1200,Buy,226705560
2024-07-26 13:10:23,22750.0,6700,Buy,226705557
2024-07-26 13:10:23,22750.0,2000,Buy,226705558
2024-07-26 13:10:27,22750.0,500,Buy,226705684
2024-07-26 13:10:27,22750.0,2000,Buy,226705685
2024-07-26 13:10:27,22750.0,2500,Buy,226705686
2024-07-26 13:10:27,22750.0,200,Buy,226705687
2024-07-26 13:10:27,22750.0,900,Buy,226705688
2024-07-26 13:10:27,22750.0,100,Buy,226705689
2024-07-26 13:10:27,22750.0,2000,Buy,226705690
2024-07-26 13:10:27,22750.0,1000,Buy,226705691
2024-07-26 13:10:27,22750.0,800,Buy,226705683
2024-07-26 13:10:32,22750.0,500,Buy,226705786
2024-07-26 13:10:33,22750.0,8500,Buy,226705809
2024-07-26 13:10:40,22800.0,1900,Buy,226705951
2024-07-26 13:11:11,22800.0,1800,Buy,226706750
2024-07-26 13:11:42,22800.0,700,Buy,226707510
2024-07-26 13:11:42,22800.0,1200,Buy,226707511
2024-07-26 13:12:14,22800.0,2000,Buy,226708194
2024-07-26 13:12:28,22750.0,10000,Sell,226708521
2024-07-26 13:12:29,22800.0,500,Buy,226708547
2024-07-26 13:12:34,22750.0,4000,Sell,226708754
2024-07-26 13:12:39,22800.0,1000,Buy,226708866
2024-07-26 13:12:45,22750.0,500,Sell,226709029
2024-07-26 13:12:47,22800.0,300,Buy,226709083
2024-07-26 13:12:47,22800.0,1000,Buy,226709084
2024-07-26 13:12:47,22800.0,100,Buy,226709086
2024-07-26 13:12:47,22800.0,100,Buy,226709087
2024-07-26 13:12:47,22800.0,500,Buy,226709088
2024-07-26 13:13:00,22800.0,200,Buy,226709376
2024-07-26 13:13:20,22800.0,1900,Buy,226709882
2024-07-26 13:13:48,22800.0,100,Buy,226710539
2024-07-26 13:13:49,22800.0,7000,Buy,226710556
2024-07-26 13:13:51,22800.0,300,Buy,226710592
2024-07-26 13:13:51,22800.0,1600,Buy,226710593
2024-07-26 13:14:23,22800.0,1800,Buy,226711306
2024-07-26 13:14:29,22800.0,100,Buy,226711454
2024-07-26 13:14:31,22800.0,400,Buy,226711529
2024-07-26 13:14:31,22800.0,300,Buy,226711523
2024-07-26 13:14:31,22800.0,100,Buy,226711528
2024-07-26 13:14:31,22800.0,4100,Buy,226711527
2024-07-26 13:14:31,22800.0,100,Buy,226711526
2024-07-26 13:14:31,22800.0,300,Buy,226711525
2024-07-26 13:14:31,22800.0,300,Buy,226711524
2024-07-26 13:14:31,22800.0,100,Buy,226711522
2024-07-26 13:14:31,22800.0,100,Buy,226711510
2024-07-26 13:14:31,22800.0,600,Buy,226711520
2024-07-26 13:14:31,22800.0,1500,Buy,226711509
2024-07-26 13:14:31,22800.0,1000,Buy,226711511
2024-07-26 13:14:31,22800.0,200,Buy,226711512
2024-07-26 13:14:31,22800.0,100,Buy,226711521
2024-07-26 13:14:31,22800.0,200,Buy,226711517
2024-07-26 13:14:31,22800.0,100,Buy,226711519
2024-07-26 13:14:31,22800.0,4800,Buy,226711513
2024-07-26 13:14:31,22800.0,900,Buy,226711518
2024-07-26 13:14:49,22750.0,1800,Sell,226711902
2024-07-26 13:14:50,22800.0,100,Buy,226711998
2024-07-26 13:14:50,22800.0,200,Buy,226711999
2024-07-26 13:14:50,22800.0,1700,Buy,226712000
2024-07-26 13:14:53,22800.0,1800,Buy,226712057
2024-07-26 13:14:54,22800.0,200,Buy,226712067
2024-07-26 13:15:08,22800.0,100,Buy,226712424
2024-07-26 13:15:13,22800.0,900,Buy,226712532
2024-07-26 13:15:21,22800.0,300,Buy,226712720
2024-07-26 13:15:21,22800.0,2000,Buy,226712721
2024-07-26 13:15:21,22800.0,100,Buy,226712722
2024-07-26 13:15:21,22800.0,5000,Buy,226712723
2024-07-26 13:15:21,22800.0,200,Buy,226712724
2024-07-26 13:15:24,22800.0,1900,Buy,226712813
2024-07-26 13:15:33,22800.0,7500,Buy,226713088
2024-07-26 13:15:33,22800.0,100,Buy,226713087
2024-07-26 13:15:42,22800.0,100,Buy,226713347
2024-07-26 13:15:48,22800.0,7600,Buy,226713463
2024-07-26 13:15:51,22800.0,1000,Buy,226713541
2024-07-26 13:15:55,22800.0,1800,Buy,226713644
2024-07-26 13:16:04,22800.0,200,Buy,226713839
2024-07-26 13:16:08,22800.0,3400,Buy,226713972
2024-07-26 13:16:08,22800.0,2100,Buy,226713973
2024-07-26 13:16:08,22800.0,500,Buy,226713974
2024-07-26 13:16:08,22800.0,1600,Buy,226713975
2024-07-26 13:16:21,22800.0,500,Buy,226714218
2024-07-26 13:16:25,22800.0,1900,Buy,226714433
2024-07-26 13:16:31,22800.0,1000,Buy,226714702
2024-07-26 13:16:35,22800.0,7600,Buy,226714782
2024-07-26 13:16:36,22800.0,1000,Buy,226714811
2024-07-26 13:16:45,22750.0,1100,Sell,226715012
2024-07-26 13:16:49,22800.0,200,Buy,226715090
2024-07-26 13:16:57,22800.0,1900,Buy,226715277
2024-07-26 13:17:02,22750.0,1000,Sell,226715461
2024-07-26 13:17:08,22750.0,1000,Sell,226715566
2024-07-26 13:17:26,22800.0,7600,Buy,226716090
2024-07-26 13:17:29,22800.0,1900,Buy,226716172
2024-07-26 13:17:39,22800.0,100,Buy,226716423
2024-07-26 13:17:47,22800.0,3000,Buy,226716585
2024-07-26 13:17:50,22800.0,500,Buy,226716725
2024-07-26 13:17:53,22800.0,100,Buy,226716907
2024-07-26 13:17:55,22800.0,200,Buy,226716940
2024-07-26 13:17:59,22800.0,7600,Buy,226717067
2024-07-26 13:18:00,22800.0,1900,Buy,226717119
2024-07-26 13:18:05,22750.0,1000,Sell,226717268
2024-07-26 13:18:24,22800.0,7600,Buy,226717642
2024-07-26 13:18:32,22800.0,1900,Buy,226717828
2024-07-26 13:18:35,22800.0,100,Buy,226717903
2024-07-26 13:18:38,22800.0,9000,Buy,226717954
2024-07-26 13:18:40,22750.0,100,Sell,226717977
2024-07-26 13:18:43,22800.0,1000,Buy,226718054
2024-07-26 13:18:52,22800.0,7600,Buy,226718254
2024-07-26 13:18:57,22800.0,100,Buy,226718418
2024-07-26 13:19:03,22800.0,1900,Buy,226718526
2024-07-26 13:19:17,22800.0,100,Buy,226718881
2024-07-26 13:19:17,22800.0,3300,Buy,226718896
2024-07-26 13:19:20,22800.0,7600,Buy,226719004
2024-07-26 13:19:26,22800.0,1000,Buy,226719178
2024-07-26 13:19:26,22800.0,200,Buy,226719186
2024-07-26 13:19:26,22800.0,300,Buy,226719187
2024-07-26 13:19:36,22800.0,1900,Buy,226719403
2024-07-26 13:19:37,22800.0,3000,Buy,226719423
2024-07-26 13:19:44,22800.0,3000,Buy,226719566
2024-07-26 13:19:47,22800.0,5000,Buy,226719643
2024-07-26 13:19:48,22800.0,2000,Buy,226719679
2024-07-26 13:19:52,22800.0,1000,Buy,226719762
2024-07-26 13:19:53,22800.0,100,Buy,226719814
2024-07-26 13:19:53,22800.0,1000,Buy,226719815
2024-07-26 13:19:53,22800.0,5000,Buy,226719816
2024-07-26 13:19:53,22800.0,10000,Buy,226719817
2024-07-26 13:19:53,22800.0,2000,Buy,226719818
2024-07-26 13:19:53,22800.0,1000,Buy,226719819
2024-07-26 13:19:53,22800.0,1000,Buy,226719820
2024-07-26 13:19:53,22800.0,2000,Buy,226719821
2024-07-26 13:19:53,22800.0,100,Buy,226719822
2024-07-26 13:19:53,22800.0,1800,Buy,226719823
2024-07-26 13:19:53,22800.0,300,Buy,226719825
2024-07-26 13:19:53,22800.0,500,Buy,226719826
2024-07-26 13:19:53,22800.0,400,Buy,226719827
2024-07-26 13:19:53,22800.0,3100,Buy,226719828
2024-07-26 13:19:53,22800.0,1000,Buy,226719829
2024-07-26 13:19:53,22800.0,2000,Buy,226719830
2024-07-26 13:19:53,22800.0,1500,Buy,226719831
2024-07-26 13:19:53,22800.0,2000,Buy,226719813
2024-07-26 13:19:53,22800.0,2000,Buy,226719824
2024-07-26 13:19:53,22800.0,100,Buy,226719812
2024-07-26 13:19:53,22800.0,500,Buy,226719796
2024-07-26 13:19:53,22800.0,2000,Buy,226719810
2024-07-26 13:19:53,22800.0,3400,Buy,226719791
2024-07-26 13:19:53,22800.0,3000,Buy,226719792
2024-07-26 13:19:53,22800.0,1000,Buy,226719793
2024-07-26 13:19:53,22800.0,500,Buy,226719794
2024-07-26 13:19:53,22800.0,8000,Buy,226719795
2024-07-26 13:19:53,22800.0,2000,Buy,226719790
2024-07-26 13:19:53,22800.0,300,Buy,226719797
2024-07-26 13:19:53,22800.0,1000,Buy,226719798
2024-07-26 13:19:53,22800.0,100,Buy,226719799
2024-07-26 13:19:53,22800.0,1000,Buy,226719811
2024-07-26 13:19:53,22800.0,100,Buy,226719801
2024-07-26 13:19:53,22800.0,2000,Buy,226719809
2024-07-26 13:19:53,22800.0,10000,Buy,226719808
2024-07-26 13:19:53,22800.0,500,Buy,226719807
2024-07-26 13:19:53,22800.0,800,Buy,226719806
2024-07-26 13:19:53,22800.0,500,Buy,226719800
2024-07-26 13:19:53,22800.0,400,Buy,226719804
2024-07-26 13:19:53,22800.0,5000,Buy,226719803
2024-07-26 13:19:53,22800.0,200,Buy,226719802
2024-07-26 13:19:53,22800.0,400,Buy,226719805
2024-07-26 13:19:55,22800.0,100,Buy,226719899
2024-07-26 13:19:56,22800.0,2000,Buy,226719925
2024-07-26 13:19:56,22800.0,3000,Buy,226719927
2024-07-26 13:19:57,22800.0,3400,Buy,226719932
2024-07-26 13:19:57,22800.0,2000,Buy,226719933
2024-07-26 13:19:57,22800.0,300,Buy,226719934
2024-07-26 13:19:57,22850.0,1500,Buy,226719935
2024-07-26 13:19:57,22850.0,300,Buy,226719936
2024-07-26 13:19:57,22850.0,5400,Buy,226719937
2024-07-26 13:20:07,22850.0,1800,Buy,226720347
2024-07-26 13:20:25,22850.0,4800,Buy,226720791
2024-07-26 13:20:25,22850.0,2800,Buy,226720790
2024-07-26 13:20:38,22850.0,1800,Buy,226721126
2024-07-26 13:20:53,22800.0,1000,Sell,226721526
2024-07-26 13:20:53,22800.0,4000,Sell,226721527
2024-07-26 13:20:53,22800.0,5000,Sell,226721525
2024-07-26 13:20:59,22800.0,1000,Sell,226721718
2024-07-26 13:21:05,22850.0,3400,Buy,226721907
2024-07-26 13:21:05,22850.0,4200,Buy,226721908
2024-07-26 13:21:08,22850.0,2000,Buy,226722100
2024-07-26 13:21:22,22800.0,1000,Sell,226722484
2024-07-26 13:21:36,22850.0,7600,Buy,226722956
2024-07-26 13:21:41,22850.0,2000,Buy,226723109
2024-07-26 13:22:08,22850.0,7600,Buy,226723979
2024-07-26 13:22:09,22850.0,100,Buy,226724016
2024-07-26 13:22:14,22850.0,2000,Buy,226724158
2024-07-26 13:22:14,22850.0,1900,Buy,226724156
2024-07-26 13:22:14,22850.0,4600,Buy,226724157
2024-07-26 13:22:27,22850.0,2000,Buy,226724499
2024-07-26 13:22:34,22850.0,1000,Buy,226724725
2024-07-26 13:22:45,22850.0,1900,Buy,226725013
2024-07-26 13:22:45,22800.0,1000,Sell,226725040
2024-07-26 13:22:46,22850.0,1000,Buy,226725053
2024-07-26 13:23:11,22850.0,500,Buy,226725668
2024-07-26 13:23:17,22800.0,3000,Sell,226725859
2024-07-26 13:23:17,22800.0,100,Sell,226725860
2024-07-26 13:23:17,22800.0,1000,Sell,226725861
2024-07-26 13:23:17,22800.0,200,Sell,226725862
2024-07-26 13:23:17,22800.0,200,Sell,226725864
2024-07-26 13:23:17,22850.0,1900,Buy,226725873
2024-07-26 13:23:17,22800.0,500,Sell,226725863
2024-07-26 13:23:21,22850.0,4900,Buy,226726042
2024-07-26 13:23:28,22800.0,1000,Sell,226726253
2024-07-26 13:23:28,22800.0,1800,Sell,226726241
2024-07-26 13:23:28,22800.0,500,Sell,226726242
2024-07-26 13:23:28,22800.0,2700,Sell,226726243
2024-07-26 13:23:48,22800.0,22400,Sell,226726786
2024-07-26 13:23:48,22850.0,1900,Buy,226726783
2024-07-26 13:23:52,22850.0,500,Buy,226726913
2024-07-26 13:24:05,22800.0,1500,Sell,226727327
2024-07-26 13:24:06,22800.0,200,Sell,226727387
2024-07-26 13:24:06,22800.0,100,Sell,226727389
2024-07-26 13:24:06,22800.0,400,Sell,226727390
2024-07-26 13:24:06,22800.0,1900,Sell,226727391
2024-07-26 13:24:06,22800.0,100,Sell,226727392
2024-07-26 13:24:06,22800.0,600,Sell,226727393
2024-07-26 13:24:06,22800.0,200,Sell,226727396
2024-07-26 13:24:06,22800.0,400,Sell,226727399
2024-07-26 13:24:06,22800.0,200,Sell,226727400
2024-07-26 13:24:06,22800.0,100,Sell,226727401
2024-07-26 13:24:06,22800.0,400,Sell,226727402
2024-07-26 13:24:06,22800.0,100,Sell,226727386
2024-07-26 13:24:06,22800.0,400,Sell,226727404
2024-07-26 13:24:06,22800.0,100,Sell,226727394
2024-07-26 13:24:06,22800.0,200,Sell,226727385
2024-07-26 13:24:06,22800.0,400,Sell,226727403
2024-07-26 13:24:06,22800.0,1200,Sell,226727383
2024-07-26 13:24:06,22800.0,200,Sell,226727384
2024-07-26 13:24:06,22800.0,200,Sell,226727358
2024-07-26 13:24:06,22800.0,100,Sell,226727359
2024-07-26 13:24:06,22800.0,200,Sell,226727368
2024-07-26 13:24:06,22800.0,100,Sell,226727369
2024-07-26 13:24:06,22800.0,300,Sell,226727370
2024-07-26 13:24:06,22800.0,100,Sell,226727371
2024-07-26 13:24:06,22800.0,100,Sell,226727372
2024-07-26 13:24:06,22800.0,200,Sell,226727395
2024-07-26 13:24:06,22800.0,100,Sell,226727373
2024-07-26 13:24:06,22800.0,100,Sell,226727381
2024-07-26 13:24:06,22800.0,100,Sell,226727380
2024-07-26 13:24:06,22800.0,2000,Sell,226727379
2024-07-26 13:24:06,22800.0,200,Sell,226727382
2024-07-26 13:24:06,22800.0,100,Sell,226727377
2024-07-26 13:24:06,22800.0,1000,Sell,226727374
2024-07-26 13:24:06,22800.0,100,Sell,226727378
2024-07-26 13:24:07,22800.0,300,Sell,226727406
2024-07-26 13:24:07,22800.0,300,Sell,226727407
2024-07-26 13:24:07,22850.0,300,Buy,226727419
2024-07-26 13:24:11,22800.0,200,Sell,226727506
2024-07-26 13:24:14,22850.0,7300,Buy,226727588
2024-07-26 13:24:14,22850.0,100,Buy,226727589
2024-07-26 13:24:14,22850.0,200,Buy,226727590
2024-07-26 13:24:19,22850.0,1800,Buy,226727709
2024-07-26 13:24:26,22800.0,1000,Sell,226727937
2024-07-26 13:24:29,22800.0,2000,Sell,226727979
2024-07-26 13:24:36,22800.0,900,Buy,226728179
