time,price,volume,match_type,id
2024-08-29 09:14:58,23000.0,32400,ATO/ATC,235599602
2024-08-29 09:14:59,23000.0,100,Sell,235599731
2024-08-29 09:15:44,23000.0,100,Sell,235600320
2024-08-29 09:15:45,23050.0,100,Buy,235600341
2024-08-29 09:15:45,23050.0,10100,Buy,235600340
2024-08-29 09:15:45,23050.0,50000,Buy,235600336
2024-08-29 09:15:45,23050.0,5000,Buy,235600338
2024-08-29 09:15:45,23050.0,100,Buy,235600339
2024-08-29 09:15:45,23050.0,100000,Buy,235600337
2024-08-29 09:16:08,23050.0,100,Sell,235600721
2024-08-29 09:16:32,23100.0,5000,Buy,235601181
2024-08-29 09:16:37,23050.0,100,Sell,235601241
2024-08-29 09:16:39,23100.0,200,Buy,235601261
2024-08-29 09:17:14,23100.0,4800,Buy,235601877
2024-08-29 09:17:14,23100.0,200,Buy,235601878
2024-08-29 09:17:20,23100.0,500,Buy,235602005
2024-08-29 09:17:20,23100.0,4500,Buy,235602006
2024-08-29 09:17:48,23100.0,200,Buy,235602561
2024-08-29 09:17:48,23100.0,900,Buy,235602568
2024-08-29 09:18:13,23100.0,1000,Buy,235603037
2024-08-29 09:18:30,23100.0,100,Buy,235603371
2024-08-29 09:18:38,23100.0,300,Buy,235603544
2024-08-29 09:18:42,23050.0,600,Sell,235603608
2024-08-29 09:18:49,23050.0,100,Sell,235603725
2024-08-29 09:18:54,23100.0,500,Buy,235603810
2024-08-29 09:18:54,23100.0,100,Buy,235603804
2024-08-29 09:18:56,23100.0,2400,Buy,235603840
2024-08-29 09:18:56,23100.0,100,Buy,235603841
2024-08-29 09:18:56,23100.0,400,Buy,235603842
2024-08-29 09:18:56,23100.0,100,Buy,235603843
2024-08-29 09:18:56,23100.0,1000,Buy,235603844
2024-08-29 09:18:56,23100.0,1000,Buy,235603845
2024-08-29 09:18:56,23050.0,100,Sell,235603858
2024-08-29 09:18:58,23050.0,1000,Sell,235603886
2024-08-29 09:19:07,23100.0,100,Buy,235604083
2024-08-29 09:19:09,23100.0,500,Buy,235604185
2024-08-29 09:19:35,23100.0,700,Buy,235604710
2024-08-29 09:19:41,23050.0,1100,Sell,235604877
2024-08-29 09:19:43,23100.0,1000,Buy,235604988
2024-08-29 09:19:50,23050.0,100,Sell,235605089
2024-08-29 09:20:02,23050.0,200,Sell,235605393
2024-08-29 09:20:08,23050.0,5000,Sell,235605570
2024-08-29 09:20:08,23050.0,1200,Sell,235605576
2024-08-29 09:20:08,23050.0,18200,Sell,235605589
2024-08-29 09:20:10,23100.0,100,Buy,235605611
2024-08-29 09:20:12,23050.0,200,Sell,235605643
2024-08-29 09:20:19,23050.0,1000,Sell,235605786
2024-08-29 09:20:22,23050.0,5000,Sell,235605907
2024-08-29 09:20:26,23050.0,2000,Sell,235605976
2024-08-29 09:20:26,23050.0,500,Sell,235605977
2024-08-29 09:20:26,23050.0,2000,Sell,235605978
2024-08-29 09:20:26,23000.0,200,Sell,235605979
2024-08-29 09:20:26,23000.0,1000,Sell,235605984
2024-08-29 09:20:26,23000.0,100,Sell,235605981
2024-08-29 09:20:26,23000.0,200,Sell,235605982
2024-08-29 09:20:26,23050.0,2000,Sell,235605975
2024-08-29 09:20:26,23000.0,2300,Sell,235605983
2024-08-29 09:20:26,23000.0,900,Sell,235605980
2024-08-29 09:20:26,23050.0,500,Sell,235605974
2024-08-29 09:20:26,23050.0,1000,Sell,235605963
2024-08-29 09:20:26,23050.0,200,Sell,235605972
2024-08-29 09:20:26,23050.0,100,Sell,235605973
2024-08-29 09:20:26,23050.0,700,Sell,235605961
2024-08-29 09:20:26,23050.0,3500,Sell,235605964
2024-08-29 09:20:26,23050.0,4000,Sell,235605965
2024-08-29 09:20:26,23050.0,1000,Sell,235605966
2024-08-29 09:20:26,23050.0,5000,Sell,235605962
2024-08-29 09:20:26,23050.0,2000,Sell,235605968
2024-08-29 09:20:26,23050.0,200,Sell,235605969
2024-08-29 09:20:26,23050.0,100,Sell,235605967
2024-08-29 09:20:26,23050.0,1000,Sell,235605970
2024-08-29 09:20:26,23050.0,2000,Sell,235605971
2024-08-29 09:20:31,23100.0,100,Buy,235606088
2024-08-29 09:20:31,23050.0,300,Sell,235606096
2024-08-29 09:20:35,23050.0,600,Sell,235606147
2024-08-29 09:20:41,23050.0,600,Buy,235606280
2024-08-29 09:20:42,23050.0,100,Buy,235606288
2024-08-29 09:20:48,23100.0,100,Buy,235606457
2024-08-29 09:21:02,23050.0,1100,Sell,235606734
2024-08-29 09:21:06,23050.0,3200,Sell,235606814
2024-08-29 09:21:06,23050.0,6800,Sell,235606815
2024-08-29 09:21:12,23100.0,100,Buy,235606916
2024-08-29 09:21:28,23100.0,100,Buy,235607211
2024-08-29 09:21:28,23100.0,2900,Buy,235607212
2024-08-29 09:21:29,23050.0,1000,Sell,235607218
2024-08-29 09:21:33,23100.0,100,Buy,235607370
2024-08-29 09:21:43,23100.0,100,Buy,235607579
2024-08-29 09:21:50,23050.0,5000,Sell,235607720
2024-08-29 09:21:56,23050.0,1000,Sell,235607829
2024-08-29 09:22:01,23100.0,100,Buy,235607950
2024-08-29 09:22:02,23050.0,500,Sell,235607964
2024-08-29 09:22:02,23050.0,10800,Buy,235607973
2024-08-29 09:22:02,23050.0,200,Sell,235607972
2024-08-29 09:22:02,23050.0,100,Sell,235607971
2024-08-29 09:22:02,23050.0,500,Sell,235607970
2024-08-29 09:22:02,23050.0,73200,Sell,235607960
2024-08-29 09:22:02,23050.0,1000,Sell,235607968
2024-08-29 09:22:02,23050.0,1000,Sell,235607967
2024-08-29 09:22:02,23050.0,500,Sell,235607966
2024-08-29 09:22:02,23050.0,500,Sell,235607965
2024-08-29 09:22:02,23050.0,5000,Sell,235607969
2024-08-29 09:22:14,23000.0,400,Sell,235608276
2024-08-29 09:22:14,23050.0,27100,Buy,235608305
2024-08-29 09:22:14,23050.0,30000,Buy,235608306
2024-08-29 09:22:23,23050.0,1100,Sell,235608449
2024-08-29 09:22:23,23050.0,20000,Sell,235608450
2024-08-29 09:22:26,23050.0,1000,Sell,235608527
2024-08-29 09:22:27,23050.0,400,Sell,235608541
2024-08-29 09:22:28,23100.0,100,Buy,235608559
2024-08-29 09:22:29,23050.0,1000,Sell,235608598
2024-08-29 09:22:29,23050.0,100,Sell,235608597
2024-08-29 09:22:29,23050.0,20400,Sell,235608596
2024-08-29 09:22:39,23050.0,100,Buy,235608837
2024-08-29 09:22:39,23050.0,500,Buy,235608855
2024-08-29 09:22:44,23050.0,1000,Buy,235608939
2024-08-29 09:22:44,23050.0,1600,Buy,235608938
2024-08-29 09:22:50,23050.0,2200,Sell,235609042
2024-08-29 09:22:50,23050.0,1000,Sell,235609043
2024-08-29 09:22:50,23050.0,1000,Sell,235609044
2024-08-29 09:22:50,23050.0,200,Sell,235609045
2024-08-29 09:22:50,23050.0,4000,Sell,235609046
2024-08-29 09:22:50,23050.0,2000,Sell,235609047
2024-08-29 09:22:53,23050.0,2000,Buy,235609112
2024-08-29 09:23:00,23050.0,11300,Buy,235609446
2024-08-29 09:23:00,23050.0,1100,Buy,235609447
2024-08-29 09:23:12,23050.0,5000,Sell,235609717
2024-08-29 09:23:14,23100.0,100,Buy,235609764
2024-08-29 09:23:14,23050.0,23700,Sell,235609765
2024-08-29 09:23:17,23050.0,1200,Sell,235609852
2024-08-29 09:23:21,23050.0,4600,Sell,235609977
2024-08-29 09:23:25,23050.0,200,Sell,235610058
2024-08-29 09:23:26,23100.0,100,Buy,235610079
2024-08-29 09:23:30,23050.0,5000,Sell,235610168
2024-08-29 09:23:30,23050.0,100,Sell,235610167
2024-08-29 09:23:30,23050.0,2900,Sell,235610163
2024-08-29 09:23:30,23050.0,5000,Sell,235610165
2024-08-29 09:23:30,23050.0,100,Sell,235610164
2024-08-29 09:23:30,23050.0,20000,Sell,235610166
2024-08-29 09:23:36,23050.0,200,Buy,235610280
2024-08-29 09:23:39,23050.0,400,Buy,235610389
2024-08-29 09:23:44,23050.0,500,Buy,235610469
2024-08-29 09:23:44,23000.0,1100,Sell,235610477
2024-08-29 09:23:46,23050.0,400,Buy,235610542
2024-08-29 09:23:51,23050.0,2900,Buy,235610683
2024-08-29 09:23:51,23050.0,2000,Buy,235610684
2024-08-29 09:23:51,23050.0,1000,Buy,235610685
2024-08-29 09:23:51,23050.0,7900,Buy,235610686
2024-08-29 09:23:51,23050.0,7900,Buy,235610687
2024-08-29 09:23:51,23050.0,1100,Buy,235610688
2024-08-29 09:23:51,23050.0,100,Sell,235610697
2024-08-29 09:23:55,23050.0,100,Sell,235610794
2024-08-29 09:24:00,23100.0,100,Buy,235610923
2024-08-29 09:24:03,23050.0,100,Sell,235611001
2024-08-29 09:24:04,23100.0,6800,Buy,235611046
2024-08-29 09:24:04,23100.0,100,Buy,235611030
2024-08-29 09:24:04,23100.0,2000,Buy,235611031
2024-08-29 09:24:04,23100.0,100,Buy,235611032
2024-08-29 09:24:04,23100.0,100,Buy,235611033
2024-08-29 09:24:04,23100.0,50000,Buy,235611034
2024-08-29 09:24:04,23100.0,100,Buy,235611035
2024-08-29 09:24:04,23100.0,100,Buy,235611036
2024-08-29 09:24:04,23100.0,3000,Buy,235611037
2024-08-29 09:24:04,23100.0,5000,Buy,235611029
2024-08-29 09:24:04,23100.0,100,Buy,235611041
2024-08-29 09:24:04,23100.0,100,Buy,235611042
2024-08-29 09:24:04,23100.0,1000,Buy,235611043
2024-08-29 09:24:04,23100.0,100,Buy,235611044
2024-08-29 09:24:04,23100.0,1000,Buy,235611045
2024-08-29 09:24:04,23100.0,200,Buy,235611038
2024-08-29 09:24:04,23100.0,1000,Buy,235611028
2024-08-29 09:24:04,23100.0,1200,Buy,235611040
2024-08-29 09:24:04,23100.0,300,Buy,235611026
2024-08-29 09:24:04,23100.0,1000,Buy,235611027
2024-08-29 09:24:04,23100.0,6400,Buy,235611010
2024-08-29 09:24:04,23100.0,100,Buy,235611011
2024-08-29 09:24:04,23100.0,900,Buy,235611012
2024-08-29 09:24:04,23100.0,100,Buy,235611013
2024-08-29 09:24:04,23100.0,100,Buy,235611014
2024-08-29 09:24:04,23100.0,10000,Buy,235611015
2024-08-29 09:24:04,23100.0,200,Buy,235611016
2024-08-29 09:24:04,23100.0,100,Buy,235611039
2024-08-29 09:24:04,23100.0,100,Buy,235611025
2024-08-29 09:24:04,23100.0,2000,Buy,235611018
2024-08-29 09:24:04,23100.0,2000,Buy,235611019
2024-08-29 09:24:04,23100.0,1000,Buy,235611020
2024-08-29 09:24:04,23100.0,2000,Buy,235611021
2024-08-29 09:24:04,23100.0,1000,Buy,235611022
2024-08-29 09:24:04,23100.0,100,Buy,235611023
2024-08-29 09:24:04,23100.0,100,Buy,235611024
2024-08-29 09:24:04,23100.0,500,Buy,235611017
2024-08-29 09:24:10,23150.0,200,Buy,235611314
2024-08-29 09:24:10,23150.0,40000,Buy,235611315
2024-08-29 09:24:10,23150.0,25000,Buy,235611316
2024-08-29 09:24:10,23150.0,50000,Buy,235611320
2024-08-29 09:24:10,23150.0,100,Buy,235611318
2024-08-29 09:24:10,23150.0,3000,Buy,235611319
2024-08-29 09:24:10,23150.0,100,Buy,235611313
2024-08-29 09:24:10,23150.0,300,Buy,235611317
2024-08-29 09:24:10,23150.0,200,Buy,235611312
2024-08-29 09:24:10,23150.0,100,Buy,235611308
2024-08-29 09:24:10,23150.0,50000,Buy,235611310
2024-08-29 09:24:10,23150.0,100,Buy,235611309
2024-08-29 09:24:10,23200.0,300,Buy,235611321
2024-08-29 09:24:10,23150.0,100,Buy,235611307
2024-08-29 09:24:10,23150.0,1000,Buy,235611306
2024-08-29 09:24:10,23150.0,100,Buy,235611305
2024-08-29 09:24:10,23150.0,300,Buy,235611304
2024-08-29 09:24:10,23150.0,300,Buy,235611303
2024-08-29 09:24:10,23150.0,200,Buy,235611302
2024-08-29 09:24:10,23150.0,1000,Buy,235611301
2024-08-29 09:24:10,23150.0,1000,Buy,235611311
2024-08-29 09:24:10,23200.0,2300,Buy,235611322
2024-08-29 09:24:10,23200.0,5000,Buy,235611331
2024-08-29 09:24:10,23200.0,200,Buy,235611324
2024-08-29 09:24:10,23200.0,400,Buy,235611345
2024-08-29 09:24:10,23200.0,1600,Buy,235611344
2024-08-29 09:24:10,23200.0,3200,Buy,235611343
2024-08-29 09:24:10,23200.0,2000,Buy,235611342
2024-08-29 09:24:10,23200.0,100,Buy,235611341
2024-08-29 09:24:10,23200.0,100,Buy,235611340
2024-08-29 09:24:10,23200.0,100000,Buy,235611339
2024-08-29 09:24:10,23200.0,400,Buy,235611338
2024-08-29 09:24:10,23200.0,2500,Buy,235611337
2024-08-29 09:24:10,23200.0,3000,Buy,235611323
2024-08-29 09:24:10,23200.0,200,Buy,235611336
2024-08-29 09:24:10,23200.0,1000,Buy,235611334
2024-08-29 09:24:10,23200.0,100,Buy,235611333
2024-08-29 09:24:10,23200.0,10000,Buy,235611332
2024-08-29 09:24:10,23200.0,100,Buy,235611330
2024-08-29 09:24:10,23200.0,100,Buy,235611329
2024-08-29 09:24:10,23200.0,200,Buy,235611328
2024-08-29 09:24:10,23200.0,100,Buy,235611327
2024-08-29 09:24:10,23150.0,200,Buy,235611300
2024-08-29 09:24:10,23200.0,100,Buy,235611325
2024-08-29 09:24:10,23200.0,1000,Buy,235611335
2024-08-29 09:24:10,23150.0,3000,Buy,235611299
2024-08-29 09:24:10,23200.0,100,Buy,235611326
2024-08-29 09:24:10,23150.0,500,Buy,235611297
2024-08-29 09:24:10,23100.0,7900,Buy,235611270
2024-08-29 09:24:10,23100.0,200,Buy,235611269
2024-08-29 09:24:10,23100.0,500,Buy,235611268
2024-08-29 09:24:10,23100.0,1000,Buy,235611267
2024-08-29 09:24:10,23150.0,100,Buy,235611298
2024-08-29 09:24:10,23100.0,5000,Buy,235611265
2024-08-29 09:24:10,23100.0,100,Buy,235611264
2024-08-29 09:24:10,23100.0,3000,Buy,235611263
2024-08-29 09:24:10,23100.0,100,Buy,235611262
2024-08-29 09:24:10,23100.0,500,Buy,235611261
2024-08-29 09:24:10,23100.0,1000,Buy,235611260
2024-08-29 09:24:10,23100.0,100,Buy,235611259
2024-08-29 09:24:10,23100.0,1000,Buy,235611258
2024-08-29 09:24:10,23100.0,100,Buy,235611257
2024-08-29 09:24:10,23100.0,500,Buy,235611256
2024-08-29 09:24:10,23100.0,1000,Buy,235611255
2024-08-29 09:24:10,23100.0,100,Buy,235611254
2024-08-29 09:24:10,23100.0,400,Buy,235611253
2024-08-29 09:24:10,23100.0,40000,Buy,235611252
2024-08-29 09:24:10,23100.0,23100,Buy,235611251
2024-08-29 09:24:10,23100.0,100,Buy,235611243
2024-08-29 09:24:10,23150.0,20000,Buy,235611272
2024-08-29 09:24:10,23150.0,100,Buy,235611273
2024-08-29 09:24:10,23100.0,100,Buy,235611266
2024-08-29 09:24:10,23150.0,41500,Buy,235611275
2024-08-29 09:24:10,23150.0,600,Buy,235611296
2024-08-29 09:24:10,23150.0,100,Buy,235611295
2024-08-29 09:24:10,23150.0,500,Buy,235611294
2024-08-29 09:24:10,23150.0,1000,Buy,235611274
2024-08-29 09:24:10,23150.0,500,Buy,235611292
2024-08-29 09:24:10,23150.0,100,Buy,235611291
2024-08-29 09:24:10,23150.0,2000,Buy,235611290
2024-08-29 09:24:10,23150.0,10000,Buy,235611289
2024-08-29 09:24:10,23150.0,500,Buy,235611288
2024-08-29 09:24:10,23150.0,200,Buy,235611287
2024-08-29 09:24:10,23150.0,1000,Buy,235611293
2024-08-29 09:24:10,23150.0,500,Buy,235611285
2024-08-29 09:24:10,23150.0,1000,Buy,235611284
2024-08-29 09:24:10,23150.0,100,Buy,235611283
2024-08-29 09:24:10,23150.0,500,Buy,235611282
2024-08-29 09:24:10,23150.0,1500,Buy,235611281
2024-08-29 09:24:10,23150.0,1000,Buy,235611280
2024-08-29 09:24:10,23150.0,100,Buy,235611279
2024-08-29 09:24:10,23150.0,100,Buy,235611278
2024-08-29 09:24:10,23150.0,300,Buy,235611277
2024-08-29 09:24:10,23150.0,100,Buy,235611276
2024-08-29 09:24:10,23150.0,20000,Buy,235611286
2024-08-29 09:24:13,23100.0,100,Buy,235611387
2024-08-29 09:24:17,23100.0,1000,Buy,235611495
2024-08-29 09:24:19,23100.0,100,Buy,235611555
2024-08-29 09:24:25,23100.0,3000,Buy,235611727
2024-08-29 09:24:25,23100.0,1000,Buy,235611726
2024-08-29 09:24:26,23100.0,500,Sell,235611759
2024-08-29 09:24:28,23200.0,700,Buy,235611818
2024-08-29 09:24:28,23200.0,2000,Buy,235611817
2024-08-29 09:24:28,23200.0,10000,Buy,235611816
2024-08-29 09:24:28,23200.0,1000,Buy,235611815
2024-08-29 09:24:28,23200.0,100,Buy,235611814
2024-08-29 09:24:28,23200.0,100,Buy,235611813
2024-08-29 09:24:28,23200.0,100,Buy,235611812
2024-08-29 09:24:28,23200.0,2500,Buy,235611811
2024-08-29 09:24:28,23200.0,1000,Buy,235611808
2024-08-29 09:24:28,23200.0,100,Buy,235611809
2024-08-29 09:24:28,23200.0,1000,Buy,235611807
2024-08-29 09:24:28,23200.0,200,Buy,235611806
2024-08-29 09:24:28,23200.0,1000,Buy,235611805
2024-08-29 09:24:28,23200.0,30000,Buy,235611804
2024-08-29 09:24:28,23200.0,100,Buy,235611803
2024-08-29 09:24:28,23200.0,99600,Buy,235611802
2024-08-29 09:24:28,23150.0,50000,Buy,235611801
2024-08-29 09:24:28,23200.0,500,Buy,235611810
2024-08-29 09:24:49,23150.0,1000,Buy,235612497
2024-08-29 09:24:53,23150.0,1000,Buy,235612613
2024-08-29 09:24:53,23150.0,2000,Buy,235612614
2024-08-29 09:25:01,23150.0,18000,Buy,235612895
2024-08-29 09:25:05,23150.0,500,Buy,235613141
2024-08-29 09:25:06,23150.0,1000,Buy,235613155
2024-08-29 09:25:07,23100.0,1000,Sell,235613161
2024-08-29 09:25:08,23150.0,600,Buy,235613209
2024-08-29 09:25:13,23100.0,1100,Sell,235613294
2024-08-29 09:25:13,23150.0,500,Buy,235613312
2024-08-29 09:25:18,23150.0,2400,Buy,235613469
2024-08-29 09:25:18,23150.0,600,Buy,235613470
2024-08-29 09:25:25,23150.0,1000,Buy,235613665
2024-08-29 09:25:31,23150.0,200,Buy,235613821
2024-08-29 09:25:33,23150.0,200,Buy,235613880
2024-08-29 09:25:33,23150.0,4800,Buy,235613881
2024-08-29 09:25:39,23100.0,200,Sell,235614116
2024-08-29 09:25:40,23100.0,400,Sell,235614162
2024-08-29 09:25:40,23150.0,100,Buy,235614229
2024-08-29 09:25:40,23100.0,500,Sell,235614160
2024-08-29 09:25:40,23100.0,100,Sell,235614161
2024-08-29 09:25:43,23150.0,200,Buy,235614265
2024-08-29 09:25:45,23100.0,2400,Sell,235614344
2024-08-29 09:25:45,23100.0,800,Sell,235614345
2024-08-29 09:25:45,23100.0,1000,Sell,235614346
2024-08-29 09:25:45,23100.0,100,Sell,235614347
2024-08-29 09:25:45,23100.0,5000,Sell,235614348
2024-08-29 09:25:45,23100.0,700,Sell,235614349
2024-08-29 09:25:52,23150.0,100,Buy,235614487
2024-08-29 09:25:56,23100.0,300,Sell,235614562
2024-08-29 09:25:57,23100.0,100,Sell,235614580
2024-08-29 09:25:57,23150.0,4800,Buy,235614594
2024-08-29 09:25:57,23150.0,5200,Buy,235614595
2024-08-29 09:26:07,23100.0,900,Sell,235614929
2024-08-29 09:26:15,23150.0,100,Buy,235615108
2024-08-29 09:26:22,23150.0,1000,Buy,235615334
2024-08-29 09:26:34,23100.0,900,Sell,235615662
2024-08-29 09:26:37,23100.0,1100,Sell,235615766
2024-08-29 09:26:37,23100.0,3000,Sell,235615767
2024-08-29 09:26:37,23100.0,200,Sell,235615768
2024-08-29 09:26:37,23100.0,2000,Sell,235615769
2024-08-29 09:26:37,23100.0,5000,Sell,235615770
2024-08-29 09:26:37,23100.0,3000,Sell,235615771
2024-08-29 09:26:37,23100.0,10000,Sell,235615772
2024-08-29 09:26:37,23100.0,2000,Sell,235615773
2024-08-29 09:26:37,23100.0,100,Sell,235615774
2024-08-29 09:26:37,23100.0,1000,Sell,235615775
2024-08-29 09:26:37,23100.0,1000,Sell,235615776
2024-08-29 09:26:37,23100.0,21600,Sell,235615777
2024-08-29 09:26:38,23100.0,400,Sell,235615842
2024-08-29 09:26:40,23150.0,3400,Buy,235615873
2024-08-29 09:26:40,23150.0,1600,Buy,235615872
2024-08-29 09:26:46,23150.0,1000,Buy,235616047
2024-08-29 09:26:51,23150.0,1300,Buy,235616154
2024-08-29 09:26:52,23100.0,500,Sell,235616170
2024-08-29 09:27:01,23100.0,800,Sell,235616316
2024-08-29 09:27:01,23150.0,100,Buy,235616324
2024-08-29 09:27:08,23100.0,400,Sell,235616510
2024-08-29 09:27:20,23150.0,100,Buy,235616820
2024-08-29 09:27:25,23100.0,500,Sell,235616909
2024-08-29 09:27:28,23100.0,1000,Sell,235616961
2024-08-29 09:27:33,23150.0,100,Buy,235617081
2024-08-29 09:27:49,23150.0,20000,Buy,235617496
2024-08-29 09:27:55,23100.0,900,Sell,235617657
2024-08-29 09:27:56,23150.0,5000,Buy,235617677
2024-08-29 09:28:01,23150.0,5000,Buy,235617768
2024-08-29 09:28:02,23150.0,100,Buy,235617783
2024-08-29 09:28:07,23150.0,10000,Buy,235617894
2024-08-29 09:28:12,23150.0,800,Buy,235617983
2024-08-29 09:28:19,23150.0,200,Buy,235618121
2024-08-29 09:28:20,23150.0,800,Buy,235618146
2024-08-29 09:28:20,23150.0,10000,Buy,235618147
2024-08-29 09:28:22,23100.0,900,Sell,235618173
2024-08-29 09:28:27,23150.0,500,Buy,235618316
2024-08-29 09:28:45,23150.0,10600,Buy,235618848
2024-08-29 09:28:45,23150.0,19400,Buy,235618849
2024-08-29 09:28:49,23100.0,800,Sell,235618898
2024-08-29 09:28:55,23100.0,200,Sell,235619032
2024-08-29 09:28:56,23150.0,100,Buy,235619050
2024-08-29 09:29:02,23150.0,1000,Buy,235619169
2024-08-29 09:29:03,23150.0,1000,Buy,235619193
2024-08-29 09:29:03,23150.0,2200,Buy,235619198
2024-08-29 09:29:03,23150.0,100,Buy,235619199
2024-08-29 09:29:03,23150.0,100,Buy,235619200
2024-08-29 09:29:03,23150.0,300,Buy,235619201
2024-08-29 09:29:07,23150.0,200,Buy,235619266
2024-08-29 09:29:08,23150.0,2000,Buy,235619281
2024-08-29 09:29:08,23150.0,200,Buy,235619291
2024-08-29 09:29:08,23150.0,100,Buy,235619292
2024-08-29 09:29:09,23150.0,1500,Buy,235619306
2024-08-29 09:29:16,23150.0,100,Buy,235619534
2024-08-29 09:29:16,23100.0,900,Sell,235619512
2024-08-29 09:29:20,23100.0,500,Sell,235619636
2024-08-29 09:29:30,23150.0,500,Buy,235619905
2024-08-29 09:29:30,23100.0,900,Sell,235619906
2024-08-29 09:29:31,23150.0,17700,Buy,235619928
2024-08-29 09:29:31,23150.0,100,Buy,235619927
2024-08-29 09:29:31,23150.0,100,Buy,235619926
2024-08-29 09:29:31,23150.0,7900,Buy,235619925
2024-08-29 09:29:31,23150.0,600,Buy,235619910
2024-08-29 09:29:31,23150.0,100,Buy,235619923
2024-08-29 09:29:31,23150.0,6000,Buy,235619924
2024-08-29 09:29:31,23150.0,5600,Buy,235619908
2024-08-29 09:29:31,23150.0,300,Buy,235619909
2024-08-29 09:29:31,23150.0,23100,Buy,235619922
2024-08-29 09:29:32,23150.0,6000,Buy,235619958
2024-08-29 09:29:32,23150.0,100,Buy,235619959
2024-08-29 09:29:32,23150.0,5000,Buy,235619960
2024-08-29 09:29:32,23150.0,300,Buy,235619961
2024-08-29 09:29:32,23150.0,100,Buy,235619962
2024-08-29 09:29:32,23150.0,500,Buy,235619963
2024-08-29 09:29:32,23150.0,100,Buy,235619964
2024-08-29 09:29:32,23150.0,2900,Buy,235619965
2024-08-29 09:29:35,23150.0,400,Buy,235620004
2024-08-29 09:29:36,23150.0,400,Buy,235620025
2024-08-29 09:29:40,23150.0,500,Buy,235620134
2024-08-29 09:29:41,23100.0,200,Sell,235620152
2024-08-29 09:29:43,23100.0,1000,Sell,235620198
2024-08-29 09:29:55,23150.0,100,Buy,235620378
2024-08-29 09:29:57,23100.0,3300,Sell,235620440
2024-08-29 09:30:01,23100.0,23800,Sell,235620513
2024-08-29 09:30:03,23100.0,100,Sell,235620546
2024-08-29 09:30:07,23150.0,10000,Buy,235620609
2024-08-29 09:30:08,23100.0,3300,Sell,235620630
2024-08-29 09:30:10,23100.0,900,Sell,235620654
2024-08-29 09:30:10,23100.0,3500,Sell,235620656
2024-08-29 09:30:14,23100.0,3300,Sell,235620752
2024-08-29 09:30:17,23150.0,100,Buy,235620800
2024-08-29 09:30:18,23150.0,200,Buy,235620832
2024-08-29 09:30:19,23100.0,100,Sell,235620840
2024-08-29 09:30:20,23150.0,500,Buy,235620860
2024-08-29 09:30:26,23150.0,3000,Buy,235620958
2024-08-29 09:30:35,23150.0,400,Buy,235621114
2024-08-29 09:30:37,23100.0,1000,Sell,235621149
2024-08-29 09:30:41,23150.0,1000,Buy,235621218
2024-08-29 09:30:43,23150.0,2800,Buy,235621264
2024-08-29 09:30:43,23150.0,200,Buy,235621263
2024-08-29 09:30:43,23150.0,900,Buy,235621262
2024-08-29 09:30:43,23150.0,1200,Buy,235621261
2024-08-29 09:30:43,23150.0,500,Buy,235621259
2024-08-29 09:30:43,23150.0,2100,Buy,235621258
2024-08-29 09:30:43,23150.0,3000,Buy,235621245
2024-08-29 09:30:43,23150.0,100,Buy,235621260
2024-08-29 09:30:43,23150.0,1000,Buy,235621257
2024-08-29 09:30:43,23150.0,1200,Buy,235621256
2024-08-29 09:30:44,23100.0,500,Sell,235621268
2024-08-29 09:30:44,23150.0,2000,Buy,235621269
2024-08-29 09:30:47,23150.0,300,Buy,235621307
2024-08-29 09:30:47,23150.0,15800,Buy,235621308
2024-08-29 09:30:47,23150.0,100,Buy,235621304
2024-08-29 09:30:47,23150.0,200,Buy,235621303
2024-08-29 09:30:47,23150.0,500,Buy,235621305
2024-08-29 09:30:47,23150.0,100,Buy,235621306
2024-08-29 09:30:53,23150.0,500,Buy,235621527
2024-08-29 09:30:53,23150.0,6200,Buy,235621533
2024-08-29 09:30:53,23150.0,100,Buy,235621532
2024-08-29 09:30:53,23150.0,23700,Buy,235621531
2024-08-29 09:30:53,23150.0,100,Buy,235621530
2024-08-29 09:30:53,23150.0,100,Buy,235621529
2024-08-29 09:30:53,23150.0,100,Buy,235621528
2024-08-29 09:30:53,23150.0,100,Buy,235621525
2024-08-29 09:30:53,23150.0,100,Buy,235621524
2024-08-29 09:30:53,23150.0,100,Buy,235621523
2024-08-29 09:30:53,23150.0,100,Buy,235621522
2024-08-29 09:30:53,23150.0,100,Buy,235621521
2024-08-29 09:30:53,23150.0,100,Buy,235621520
2024-08-29 09:30:53,23150.0,3000,Buy,235621519
2024-08-29 09:30:53,23150.0,7900,Buy,235621518
2024-08-29 09:30:53,23150.0,700,Buy,235621526
2024-08-29 09:30:57,23150.0,20000,Buy,235621695
2024-08-29 09:31:00,23150.0,10000,Buy,235621737
2024-08-29 09:31:02,23150.0,13000,Buy,235621777
2024-08-29 09:31:02,23150.0,100,Buy,235621787
2024-08-29 09:31:03,23150.0,500,Buy,235621818
2024-08-29 09:31:03,23100.0,200,Sell,235621817
2024-08-29 09:31:03,23100.0,10000,Sell,235621816
2024-08-29 09:31:03,23100.0,2000,Sell,235621815
2024-08-29 09:31:03,23100.0,15000,Sell,235621814
2024-08-29 09:31:03,23100.0,500,Sell,235621813
2024-08-29 09:31:03,23100.0,2000,Sell,235621811
2024-08-29 09:31:03,23100.0,2000,Sell,235621812
2024-08-29 09:31:03,23100.0,100,Sell,235621809
2024-08-29 09:31:03,23100.0,1000,Sell,235621808
2024-08-29 09:31:03,23100.0,500,Sell,235621807
2024-08-29 09:31:03,23100.0,1000,Sell,235621806
2024-08-29 09:31:03,23100.0,600,Sell,235621805
2024-08-29 09:31:03,23100.0,1000,Sell,235621804
2024-08-29 09:31:03,23100.0,500,Sell,235621803
2024-08-29 09:31:03,23100.0,3100,Sell,235621802
2024-08-29 09:31:03,23100.0,500,Sell,235621810
2024-08-29 09:31:04,23100.0,400,Sell,235621863
2024-08-29 09:31:04,23100.0,700,Sell,235621864
2024-08-29 09:31:05,23150.0,2000,Buy,235621901
2024-08-29 09:31:06,23150.0,200,Buy,235621919
2024-08-29 09:31:10,23150.0,200,Buy,235622013
2024-08-29 09:31:11,23150.0,400,Buy,235622037
2024-08-29 09:31:11,23150.0,1000,Buy,235622038
2024-08-29 09:31:11,23150.0,7900,Buy,235622036
2024-08-29 09:31:11,23150.0,900,Buy,235622039
2024-08-29 09:31:11,23150.0,1400,Buy,235622034
2024-08-29 09:31:11,23150.0,100,Buy,235622033
2024-08-29 09:31:11,23150.0,200,Buy,235622032
2024-08-29 09:31:11,23150.0,9800,Buy,235622031
2024-08-29 09:31:11,23150.0,3300,Buy,235622035
2024-08-29 09:31:12,23150.0,100,Buy,235622060
2024-08-29 09:31:12,23150.0,2000,Buy,235622061
2024-08-29 09:31:12,23150.0,1000,Buy,235622062
2024-08-29 09:31:12,23150.0,200,Buy,235622063
2024-08-29 09:31:12,23150.0,1200,Buy,235622064
2024-08-29 09:31:12,23150.0,100,Buy,235622065
2024-08-29 09:31:12,23150.0,1900,Buy,235622066
2024-08-29 09:31:12,23150.0,100,Buy,235622067
2024-08-29 09:31:15,23200.0,1000,Buy,235622141
2024-08-29 09:31:22,23200.0,200,Buy,235622331
2024-08-29 09:31:24,23200.0,7800,Buy,235622366
2024-08-29 09:31:24,23200.0,100,Buy,235622367
2024-08-29 09:31:24,23200.0,100,Buy,235622368
2024-08-29 09:31:24,23200.0,2000,Buy,235622369
2024-08-29 09:31:26,23150.0,2000,Sell,235622418
2024-08-29 09:31:28,23200.0,3800,Buy,235622455
2024-08-29 09:31:36,23150.0,1400,Sell,235622801
2024-08-29 09:31:36,23150.0,1900,Sell,235622802
2024-08-29 09:31:39,23150.0,7900,Sell,235622863
2024-08-29 09:31:40,23200.0,600,Buy,235622867
2024-08-29 09:31:42,23200.0,700,Buy,235622897
2024-08-29 09:31:42,23200.0,200,Buy,235622896
2024-08-29 09:31:42,23200.0,3600,Buy,235622894
2024-08-29 09:31:42,23200.0,500,Buy,235622895
2024-08-29 09:31:53,23200.0,200,Buy,235623187
2024-08-29 09:32:01,23200.0,100,Buy,235623426
2024-08-29 09:32:01,23200.0,200,Buy,235623427
2024-08-29 09:32:01,23200.0,100,Buy,235623428
2024-08-29 09:32:01,23200.0,1000,Buy,235623429
2024-08-29 09:32:01,23200.0,300,Buy,235623430
2024-08-29 09:32:01,23200.0,100,Buy,235623431
2024-08-29 09:32:01,23200.0,2000,Buy,235623433
2024-08-29 09:32:01,23200.0,1800,Buy,235623434
2024-08-29 09:32:01,23150.0,1200,Sell,235623443
2024-08-29 09:32:01,23200.0,500,Buy,235623432
2024-08-29 09:32:11,23200.0,100,Buy,235623677
2024-08-29 09:32:24,23200.0,200,Buy,235623943
2024-08-29 09:32:28,23150.0,800,Sell,235624092
2024-08-29 09:32:29,23200.0,200,Buy,235624116
2024-08-29 09:32:30,23200.0,100,Buy,235624122
2024-08-29 09:32:33,23150.0,100,Sell,235624225
2024-08-29 09:32:39,23200.0,100,Buy,235624369
2024-08-29 09:32:39,23200.0,1000,Buy,235624370
2024-08-29 09:32:39,23200.0,100,Buy,235624371
2024-08-29 09:32:39,23200.0,1000,Buy,235624372
2024-08-29 09:32:39,23200.0,200,Buy,235624373
2024-08-29 09:32:39,23200.0,600,Buy,235624368
2024-08-29 09:32:40,23200.0,100,Buy,235624390
2024-08-29 09:32:46,23150.0,200,Sell,235624549
2024-08-29 09:32:50,23200.0,2900,Buy,235624624
2024-08-29 09:32:55,23150.0,800,Sell,235624749
2024-08-29 09:33:00,23150.0,5000,Sell,235624865
2024-08-29 09:33:04,23200.0,100,Buy,235624969
2024-08-29 09:33:04,23200.0,2400,Buy,235624973
2024-08-29 09:33:04,23200.0,2000,Buy,235624972
2024-08-29 09:33:04,23200.0,500,Buy,235624971
2024-08-29 09:33:04,23200.0,100,Buy,235624970
2024-08-29 09:33:04,23200.0,400,Buy,235624968
2024-08-29 09:33:04,23200.0,100,Buy,235624963
2024-08-29 09:33:04,23200.0,100,Buy,235624966
2024-08-29 09:33:04,23200.0,1000,Buy,235624965
2024-08-29 09:33:04,23200.0,100,Buy,235624964
2024-08-29 09:33:04,23200.0,100,Buy,235624962
2024-08-29 09:33:04,23200.0,1000,Buy,235624961
2024-08-29 09:33:04,23200.0,1100,Buy,235624960
2024-08-29 09:33:04,23200.0,1000,Buy,235624967
2024-08-29 09:33:05,23200.0,1000,Buy,235625059
2024-08-29 09:33:05,23200.0,300,Buy,235625058
2024-08-29 09:33:05,23200.0,7900,Buy,235625057
2024-08-29 09:33:05,23200.0,2000,Buy,235625056
2024-08-29 09:33:05,23200.0,3300,Buy,235625055
2024-08-29 09:33:05,23200.0,600,Buy,235625054
2024-08-29 09:33:05,23200.0,100,Buy,235625053
2024-08-29 09:33:05,23200.0,100,Buy,235625052
2024-08-29 09:33:05,23200.0,1000,Buy,235625051
2024-08-29 09:33:05,23200.0,1000,Buy,235625047
2024-08-29 09:33:05,23200.0,100,Buy,235625049
2024-08-29 09:33:05,23200.0,200,Buy,235625048
2024-08-29 09:33:05,23200.0,100,Buy,235625046
2024-08-29 09:33:05,23200.0,1000,Buy,235625045
2024-08-29 09:33:05,23200.0,300,Buy,235625044
2024-08-29 09:33:05,23200.0,200,Buy,235625043
2024-08-29 09:33:05,23200.0,100,Buy,235625042
2024-08-29 09:33:05,23200.0,500,Buy,235625041
2024-08-29 09:33:05,23200.0,1000,Buy,235625060
2024-08-29 09:33:05,23200.0,800,Buy,235625050
2024-08-29 09:33:05,23200.0,500,Buy,235625061
2024-08-29 09:33:05,23200.0,700,Buy,235625083
2024-08-29 09:33:05,23200.0,100,Buy,235625063
2024-08-29 09:33:05,23200.0,4900,Buy,235625084
2024-08-29 09:33:05,23200.0,2000,Buy,235625082
2024-08-29 09:33:05,23200.0,1000,Buy,235625081
2024-08-29 09:33:05,23200.0,10000,Buy,235625080
2024-08-29 09:33:05,23200.0,5000,Buy,235625079
2024-08-29 09:33:05,23200.0,200,Buy,235625078
2024-08-29 09:33:05,23200.0,2000,Buy,235625077
2024-08-29 09:33:05,23200.0,1000,Buy,235625076
2024-08-29 09:33:05,23200.0,1000,Buy,235625075
2024-08-29 09:33:05,23200.0,20000,Buy,235625062
2024-08-29 09:33:05,23200.0,200,Buy,235625074
2024-08-29 09:33:05,23200.0,100,Buy,235625072
2024-08-29 09:33:05,23200.0,100,Buy,235625071
2024-08-29 09:33:05,23200.0,200,Buy,235625070
2024-08-29 09:33:05,23200.0,200,Buy,235625069
2024-08-29 09:33:05,23200.0,100,Buy,235625068
2024-08-29 09:33:05,23200.0,100,Buy,235625067
2024-08-29 09:33:05,23200.0,1000,Buy,235625066
2024-08-29 09:33:05,23200.0,1000,Buy,235625065
2024-08-29 09:33:05,23200.0,25000,Buy,235625064
2024-08-29 09:33:05,23200.0,100,Buy,235625073
2024-08-29 09:33:05,23200.0,200,Buy,235625040
2024-08-29 09:33:05,23200.0,14000,Buy,235625038
2024-08-29 09:33:05,23200.0,200,Buy,235625037
2024-08-29 09:33:05,23200.0,2000,Buy,235625006
2024-08-29 09:33:05,23200.0,200,Buy,235625005
2024-08-29 09:33:05,23200.0,100,Buy,235625004
2024-08-29 09:33:05,23200.0,10000,Buy,235625003
2024-08-29 09:33:05,23200.0,2000,Buy,235625002
2024-08-29 09:33:05,23200.0,100,Buy,235625001
2024-08-29 09:33:05,23200.0,1000,Buy,235625000
2024-08-29 09:33:05,23200.0,500,Buy,235624999
2024-08-29 09:33:05,23200.0,1800,Buy,235624998
2024-08-29 09:33:05,23200.0,100,Buy,235624997
2024-08-29 09:33:05,23200.0,200,Buy,235624996
2024-08-29 09:33:05,23200.0,100,Buy,235624995
2024-08-29 09:33:05,23200.0,500,Buy,235624994
2024-08-29 09:33:05,23200.0,2000,Buy,235624993
2024-08-29 09:33:05,23200.0,23700,Buy,235624992
2024-08-29 09:33:05,23200.0,100,Buy,235624991
2024-08-29 09:33:05,23200.0,2000,Buy,235624990
2024-08-29 09:33:05,23200.0,3000,Buy,235625039
2024-08-29 09:33:05,23200.0,21300,Buy,235624988
2024-08-29 09:33:05,23200.0,500,Buy,235625007
2024-08-29 09:33:05,23200.0,5000,Buy,235625008
2024-08-29 09:33:05,23200.0,100,Buy,235624989
2024-08-29 09:33:05,23200.0,100,Buy,235625010
2024-08-29 09:33:05,23200.0,100,Buy,235625009
2024-08-29 09:33:05,23200.0,300,Buy,235625036
2024-08-29 09:33:05,23200.0,200,Buy,235625035
2024-08-29 09:33:05,23200.0,100,Buy,235625034
2024-08-29 09:33:05,23200.0,100,Buy,235625033
2024-08-29 09:33:05,23200.0,1000,Buy,235625031
2024-08-29 09:33:05,23200.0,100,Buy,235625030
2024-08-29 09:33:05,23200.0,200,Buy,235625029
2024-08-29 09:33:05,23200.0,1000,Buy,235625028
2024-08-29 09:33:05,23200.0,300,Buy,235625021
2024-08-29 09:33:05,23200.0,200,Buy,235625032
2024-08-29 09:33:05,23200.0,100,Buy,235625019
2024-08-29 09:33:05,23200.0,1000,Buy,235625018
2024-08-29 09:33:05,23200.0,100,Buy,235625017
2024-08-29 09:33:05,23200.0,2500,Buy,235625016
2024-08-29 09:33:05,23200.0,200,Buy,235625011
2024-08-29 09:33:05,23200.0,300,Buy,235625015
2024-08-29 09:33:05,23200.0,100,Buy,235625014
2024-08-29 09:33:05,23200.0,400,Buy,235625013
2024-08-29 09:33:05,23200.0,2000,Buy,235625012
2024-08-29 09:33:05,23200.0,800,Buy,235625020
2024-08-29 09:33:08,23200.0,100,Buy,235625133
2024-08-29 09:33:16,23200.0,10000,Buy,235625341
2024-08-29 09:33:16,23200.0,1000,Buy,235625351
2024-08-29 09:33:17,23200.0,1200,Buy,235625363
2024-08-29 09:33:20,23200.0,100,Buy,235625393
2024-08-29 09:33:20,23200.0,1000,Buy,235625396
2024-08-29 09:33:21,23200.0,1000,Buy,235625414
2024-08-29 09:33:22,23150.0,600,Sell,235625448
2024-08-29 09:33:24,23200.0,8000,Buy,235625461
2024-08-29 09:33:25,23200.0,4100,Buy,235625484
2024-08-29 09:33:25,23200.0,100,Buy,235625483
2024-08-29 09:33:25,23200.0,2700,Buy,235625480
2024-08-29 09:33:25,23200.0,3000,Buy,235625481
2024-08-29 09:33:25,23200.0,100,Buy,235625482
2024-08-29 09:33:32,23200.0,300,Buy,235625618
2024-08-29 09:33:33,23200.0,1000,Buy,235625641
2024-08-29 09:33:36,23200.0,100,Buy,235625701
2024-08-29 09:33:38,23250.0,2500,Buy,235625764
2024-08-29 09:33:38,23250.0,100,Buy,235625765
2024-08-29 09:33:38,23250.0,100,Buy,235625766
2024-08-29 09:33:38,23250.0,100,Buy,235625767
2024-08-29 09:33:38,23250.0,500,Buy,235625768
2024-08-29 09:33:38,23250.0,200,Buy,235625769
2024-08-29 09:33:38,23250.0,1000,Buy,235625770
2024-08-29 09:33:38,23250.0,1000,Buy,235625772
2024-08-29 09:33:38,23250.0,100,Buy,235625763
2024-08-29 09:33:38,23250.0,1000,Buy,235625774
2024-08-29 09:33:38,23250.0,1500,Buy,235625777
2024-08-29 09:33:38,23250.0,800,Buy,235625776
2024-08-29 09:33:38,23250.0,100,Buy,235625778
2024-08-29 09:33:38,23250.0,2000,Buy,235625779
2024-08-29 09:33:38,23250.0,500,Buy,235625780
2024-08-29 09:33:38,23250.0,500,Buy,235625781
2024-08-29 09:33:38,23250.0,100,Buy,235625782
2024-08-29 09:33:38,23250.0,2000,Buy,235625783
2024-08-29 09:33:38,23250.0,100,Buy,235625784
2024-08-29 09:33:38,23250.0,100,Buy,235625785
2024-08-29 09:33:38,23250.0,3700,Buy,235625786
2024-08-29 09:33:38,23250.0,100,Buy,235625775
2024-08-29 09:33:38,23250.0,1000,Buy,235625762
2024-08-29 09:33:38,23250.0,500,Buy,235625773
2024-08-29 09:33:38,23250.0,14700,Buy,235625759
2024-08-29 09:33:38,23250.0,2000,Buy,235625760
2024-08-29 09:33:38,23200.0,3600,Buy,235625737
2024-08-29 09:33:38,23200.0,3800,Buy,235625738
2024-08-29 09:33:38,23200.0,30000,Buy,235625739
2024-08-29 09:33:38,23200.0,100,Buy,235625740
2024-08-29 09:33:38,23200.0,1000,Buy,235625741
2024-08-29 09:33:38,23200.0,200,Buy,235625742
2024-08-29 09:33:38,23200.0,300,Buy,235625743
2024-08-29 09:33:38,23200.0,400,Buy,235625744
2024-08-29 09:33:38,23200.0,600,Buy,235625745
2024-08-29 09:33:38,23200.0,1800,Buy,235625746
2024-08-29 09:33:38,23200.0,300,Buy,235625747
2024-08-29 09:33:38,23250.0,500,Buy,235625771
2024-08-29 09:33:38,23250.0,100,Buy,235625749
2024-08-29 09:33:38,23250.0,100,Buy,235625757
2024-08-29 09:33:38,23250.0,2200,Buy,235625756
2024-08-29 09:33:38,23250.0,1000,Buy,235625755
2024-08-29 09:33:38,23250.0,100,Buy,235625754
2024-08-29 09:33:38,23250.0,1100,Buy,235625758
2024-08-29 09:33:38,23250.0,100,Buy,235625752
2024-08-29 09:33:38,23250.0,500,Buy,235625750
2024-08-29 09:33:38,23250.0,500,Buy,235625753
2024-08-29 09:33:38,23250.0,200,Buy,235625748
2024-08-29 09:33:38,23250.0,200,Buy,235625751
2024-08-29 09:33:41,23200.0,400,Buy,235625845
2024-08-29 09:33:41,23200.0,100,Buy,235625844
2024-08-29 09:33:43,23200.0,100,Buy,235625887
2024-08-29 09:33:43,23200.0,2000,Buy,235625888
2024-08-29 09:33:43,23200.0,500,Sell,235625892
2024-08-29 09:33:47,23200.0,1000,Sell,235625976
2024-08-29 09:33:49,23200.0,2400,Sell,235626006
2024-08-29 09:33:49,23200.0,100,Sell,235626007
2024-08-29 09:33:50,23200.0,1500,Buy,235626033
2024-08-29 09:33:51,23200.0,1000,Buy,235626070
2024-08-29 09:33:53,23200.0,100,Buy,235626099
2024-08-29 09:33:54,23200.0,500,Sell,235626140
2024-08-29 09:33:56,23200.0,2000,Sell,235626161
2024-08-29 09:33:57,23250.0,400,Buy,235626221
2024-08-29 09:34:00,23200.0,1000,Sell,235626262
2024-08-29 09:34:02,23200.0,500,Sell,235626318
2024-08-29 09:34:06,23200.0,1000,Sell,235626420
2024-08-29 09:34:16,23200.0,1000,Sell,235626650
2024-08-29 09:34:21,23200.0,700,Sell,235626772
2024-08-29 09:34:22,23200.0,1000,Sell,235626787
2024-08-29 09:34:28,23200.0,33600,Sell,235626932
2024-08-29 09:34:28,23200.0,400,Sell,235626926
2024-08-29 09:34:28,23200.0,200,Sell,235626931
2024-08-29 09:34:28,23200.0,1000,Sell,235626930
2024-08-29 09:34:28,23200.0,1800,Sell,235626929
2024-08-29 09:34:28,23200.0,600,Sell,235626928
2024-08-29 09:34:28,23200.0,500,Sell,235626927
2024-08-29 09:34:28,23200.0,100,Sell,235626925
2024-08-29 09:34:28,23200.0,3000,Sell,235626917
2024-08-29 09:34:28,23200.0,100,Sell,235626923
2024-08-29 09:34:28,23200.0,1400,Sell,235626922
2024-08-29 09:34:28,23200.0,200,Sell,235626921
2024-08-29 09:34:28,23200.0,500,Sell,235626920
2024-08-29 09:34:28,23200.0,500,Sell,235626919
2024-08-29 09:34:28,23200.0,2800,Sell,235626918
2024-08-29 09:34:28,23200.0,500,Sell,235626924
2024-08-29 09:34:28,23200.0,2800,Sell,235626916
2024-08-29 09:34:29,23200.0,2100,Sell,235626973
2024-08-29 09:34:30,23200.0,100,Buy,235626977
2024-08-29 09:34:32,23200.0,100,Sell,235627019
2024-08-29 09:34:35,23200.0,200,Sell,235627078
2024-08-29 09:34:35,23200.0,3000,Sell,235627077
2024-08-29 09:34:35,23200.0,3800,Sell,235627076
2024-08-29 09:34:36,23200.0,1600,Sell,235627101
2024-08-29 09:34:36,23200.0,100,Sell,235627102
2024-08-29 09:34:37,23250.0,100,Buy,235627110
2024-08-29 09:34:38,23200.0,200,Sell,235627127
2024-08-29 09:34:40,23200.0,900,Buy,235627202
2024-08-29 09:34:44,23200.0,200,Buy,235627260
2024-08-29 09:34:45,23200.0,1000,Buy,235627306
2024-08-29 09:34:48,23150.0,800,Sell,235627381
2024-08-29 09:34:50,23200.0,2000,Buy,235627470
2024-08-29 09:34:52,23200.0,200,Buy,235627544
2024-08-29 09:34:55,23200.0,200,Buy,235627577
2024-08-29 09:34:55,23200.0,100,Buy,235627576
2024-08-29 09:34:55,23200.0,500,Buy,235627574
2024-08-29 09:34:55,23200.0,5500,Buy,235627572
2024-08-29 09:34:55,23200.0,5000,Buy,235627575
2024-08-29 09:34:55,23200.0,10000,Buy,235627573
2024-08-29 09:35:02,23200.0,700,Buy,235627831
2024-08-29 09:35:02,23200.0,1300,Buy,235627832
2024-08-29 09:35:03,23200.0,1000,Buy,235627840
2024-08-29 09:35:05,23200.0,500,Buy,235627867
2024-08-29 09:35:08,23200.0,2000,Buy,235627930
2024-08-29 09:35:20,23200.0,2000,Buy,235628272
2024-08-29 09:35:24,23200.0,500,Buy,235628341
2024-08-29 09:35:32,23150.0,1000,Sell,235628519
2024-08-29 09:35:33,23200.0,1500,Buy,235628532
2024-08-29 09:35:38,23200.0,1200,Buy,235628657
2024-08-29 09:35:38,23200.0,3800,Buy,235628658
2024-08-29 09:35:44,23200.0,100,Buy,235628760
2024-08-29 09:35:46,23150.0,900,Sell,235628813
2024-08-29 09:35:49,23200.0,1000,Buy,235628911
2024-08-29 09:35:52,23200.0,1700,Buy,235628979
2024-08-29 09:35:52,23200.0,200,Buy,235628978
2024-08-29 09:35:52,23200.0,9100,Buy,235628976
2024-08-29 09:35:52,23200.0,5100,Buy,235628974
2024-08-29 09:35:52,23200.0,3800,Buy,235628977
2024-08-29 09:35:52,23200.0,100,Buy,235628975
2024-08-29 09:36:00,23200.0,4000,Buy,235629105
2024-08-29 09:36:02,23150.0,1000,Sell,235629130
2024-08-29 09:36:13,23150.0,900,Sell,235629480
2024-08-29 09:36:14,23200.0,100,Buy,235629487
2024-08-29 09:36:14,23200.0,500,Buy,235629485
2024-08-29 09:36:26,23200.0,500,Buy,235629699
2024-08-29 09:36:34,23200.0,15800,Buy,235629857
2024-08-29 09:36:34,23200.0,13200,Buy,235629856
2024-08-29 09:36:37,23200.0,100,Buy,235629976
2024-08-29 09:36:40,23200.0,1500,Buy,235630024
2024-08-29 09:36:40,23150.0,1000,Sell,235630027
2024-08-29 09:36:43,23200.0,300,Buy,235630073
2024-08-29 09:36:48,23200.0,100,Buy,235630162
2024-08-29 09:36:49,23150.0,200,Sell,235630235
2024-08-29 09:36:50,23200.0,500,Buy,235630251
2024-08-29 09:36:58,23200.0,200,Buy,235630392
2024-08-29 09:37:00,23150.0,1000,Sell,235630444
2024-08-29 09:37:02,23150.0,500,Sell,235630495
2024-08-29 09:37:03,23200.0,100,Buy,235630503
2024-08-29 09:37:06,23200.0,1000,Buy,235630606
2024-08-29 09:37:07,23150.0,900,Sell,235630627
2024-08-29 09:37:08,23200.0,600,Buy,235630632
2024-08-29 09:37:09,23200.0,2200,Buy,235630645
2024-08-29 09:37:18,23150.0,800,Sell,235630832
2024-08-29 09:37:24,23200.0,200,Buy,235630941
2024-08-29 09:37:25,23200.0,5000,Buy,235630966
2024-08-29 09:37:26,23150.0,300,Sell,235630991
2024-08-29 09:37:26,23200.0,1100,Buy,235630992
2024-08-29 09:37:34,23150.0,1000,Sell,235631225
2024-08-29 09:37:34,23200.0,100,Buy,235631210
2024-08-29 09:37:37,23150.0,500,Sell,235631267
2024-08-29 09:37:48,23200.0,100,Buy,235631454
2024-08-29 09:37:52,23150.0,700,Sell,235631516
2024-08-29 09:37:52,23150.0,800,Sell,235631517
2024-08-29 09:37:53,23200.0,400,Buy,235631550
2024-08-29 09:37:54,23200.0,400,Buy,235631586
2024-08-29 09:38:01,23150.0,400,Sell,235631705
2024-08-29 09:38:01,23150.0,500,Sell,235631708
2024-08-29 09:38:01,23150.0,200,Sell,235631709
2024-08-29 09:38:04,23150.0,3600,Sell,235631777
2024-08-29 09:38:04,23150.0,300,Sell,235631775
2024-08-29 09:38:04,23150.0,100,Sell,235631776
2024-08-29 09:38:10,23200.0,100,Buy,235631908
2024-08-29 09:38:16,23200.0,2000,Buy,235631982
2024-08-29 09:38:17,23150.0,3100,Sell,235632016
2024-08-29 09:38:17,23150.0,4500,Sell,235632015
2024-08-29 09:38:17,23150.0,500,Sell,235632014
2024-08-29 09:38:17,23150.0,200,Sell,235632013
2024-08-29 09:38:17,23150.0,10000,Sell,235632012
2024-08-29 09:38:17,23150.0,1000,Sell,235632011
2024-08-29 09:38:17,23150.0,100,Sell,235632010
2024-08-29 09:38:17,23150.0,1000,Sell,235632008
2024-08-29 09:38:17,23150.0,1400,Sell,235632004
2024-08-29 09:38:17,23150.0,200,Sell,235632005
2024-08-29 09:38:17,23150.0,3500,Sell,235632009
2024-08-29 09:38:17,23150.0,200,Sell,235632007
2024-08-29 09:38:17,23150.0,100,Sell,235632006
2024-08-29 09:38:28,23200.0,100,Buy,235632142
2024-08-29 09:38:28,23150.0,400,Sell,235632148
2024-08-29 09:38:28,23150.0,500,Sell,235632149
2024-08-29 09:38:28,23150.0,700,Sell,235632150
2024-08-29 09:38:29,23150.0,200,Sell,235632161
2024-08-29 09:38:35,23200.0,600,Buy,235632292
2024-08-29 09:38:41,23200.0,1100,Buy,235632397
2024-08-29 09:38:55,23150.0,100,Sell,235632703
2024-08-29 09:38:55,23150.0,500,Sell,235632704
2024-08-29 09:38:55,23150.0,800,Sell,235632705
2024-08-29 09:38:55,23150.0,100,Sell,235632702
2024-08-29 09:39:06,23200.0,100,Buy,235632939
2024-08-29 09:39:22,23150.0,1000,Sell,235633310
2024-08-29 09:39:26,23200.0,2400,Buy,235633365
2024-08-29 09:39:41,23150.0,100,Sell,235633661
2024-08-29 09:39:49,23200.0,100,Buy,235633809
2024-08-29 09:39:50,23150.0,1000,Sell,235633817
2024-08-29 09:40:07,23200.0,100,Buy,235634191
2024-08-29 09:40:14,23150.0,6600,Sell,235634342
2024-08-29 09:40:14,23150.0,1000,Sell,235634343
2024-08-29 09:40:14,23150.0,2000,Sell,235634344
2024-08-29 09:40:14,23150.0,5400,Sell,235634345
2024-08-29 09:40:15,23150.0,2000,Sell,235634395
2024-08-29 09:40:17,23150.0,800,Sell,235634412
2024-08-29 09:40:22,23200.0,300,Buy,235634510
2024-08-29 09:40:22,23200.0,600,Buy,235634519
2024-08-29 09:40:28,23200.0,1000,Buy,235634680
2024-08-29 09:40:28,23200.0,1000,Buy,235634681
2024-08-29 09:40:28,23200.0,1000,Buy,235634682
2024-08-29 09:40:28,23200.0,200,Buy,235634679
2024-08-29 09:40:28,23200.0,1100,Buy,235634687
2024-08-29 09:40:28,23200.0,800,Buy,235634684
2024-08-29 09:40:28,23200.0,100,Buy,235634685
2024-08-29 09:40:28,23200.0,100,Buy,235634686
2024-08-29 09:40:28,23200.0,100,Buy,235634683
2024-08-29 09:40:28,23200.0,100,Buy,235634678
2024-08-29 09:40:28,23200.0,200,Buy,235634672
2024-08-29 09:40:28,23200.0,2200,Buy,235634676
2024-08-29 09:40:28,23200.0,100,Buy,235634677
2024-08-29 09:40:28,23200.0,31800,Buy,235634667
2024-08-29 09:40:28,23200.0,300,Buy,235634668
2024-08-29 09:40:28,23200.0,9100,Buy,235634670
2024-08-29 09:40:28,23200.0,100,Buy,235634669
2024-08-29 09:40:28,23200.0,400,Buy,235634675
2024-08-29 09:40:28,23200.0,100,Buy,235634674
2024-08-29 09:40:28,23200.0,3800,Buy,235634671
2024-08-29 09:40:28,23200.0,10000,Buy,235634673
2024-08-29 09:40:34,23150.0,100,Sell,235634895
2024-08-29 09:40:38,23150.0,100,Sell,235635042
2024-08-29 09:40:38,23200.0,500,Buy,235635053
2024-08-29 09:40:44,23150.0,700,Sell,235635245
2024-08-29 09:40:51,23200.0,400,Buy,235635413
2024-08-29 09:41:09,23200.0,100,Buy,235635860
2024-08-29 09:41:11,23150.0,1000,Sell,235635896
2024-08-29 09:41:16,23150.0,100,Sell,235636057
2024-08-29 09:41:29,23150.0,300,Sell,235636503
2024-08-29 09:41:37,23150.0,1100,Sell,235636696
2024-08-29 09:41:46,23150.0,1000,Sell,235636867
2024-08-29 09:42:00,23200.0,100,Buy,235637182
2024-08-29 09:42:04,23200.0,2000,Buy,235637291
2024-08-29 09:42:05,23150.0,1100,Sell,235637311
2024-08-29 09:42:15,23150.0,1000,Sell,235637466
2024-08-29 09:42:18,23200.0,11000,Buy,235637527
2024-08-29 09:42:20,23150.0,2500,Sell,235637550
2024-08-29 09:42:21,23200.0,14800,Buy,235637578
2024-08-29 09:42:21,23200.0,500,Buy,235637579
2024-08-29 09:42:21,23200.0,700,Buy,235637580
2024-08-29 09:42:21,23200.0,400,Buy,235637581
2024-08-29 09:42:32,23150.0,1100,Sell,235637838
2024-08-29 09:42:35,23150.0,200,Sell,235637961
2024-08-29 09:42:50,23200.0,2800,Buy,235638411
2024-08-29 09:42:50,23200.0,10000,Buy,235638410
2024-08-29 09:42:50,23200.0,600,Buy,235638409
2024-08-29 09:42:50,23200.0,200,Buy,235638396
2024-08-29 09:42:50,23200.0,100,Buy,235638397
2024-08-29 09:42:50,23200.0,600,Buy,235638395
2024-08-29 09:42:50,23200.0,1000,Buy,235638408
2024-08-29 09:42:52,23200.0,400,Buy,235638543
2024-08-29 09:42:52,23200.0,2000,Buy,235638541
2024-08-29 09:42:52,23200.0,10000,Buy,235638542
2024-08-29 09:42:52,23200.0,1000,Buy,235638540
2024-08-29 09:42:52,23200.0,300,Buy,235638539
2024-08-29 09:42:52,23200.0,13000,Buy,235638538
2024-08-29 09:42:59,23150.0,1000,Sell,235638990
2024-08-29 09:43:03,23200.0,200,Buy,235639145
2024-08-29 09:43:03,23200.0,1300,Buy,235639144
2024-08-29 09:43:03,23200.0,200,Buy,235639143
2024-08-29 09:43:03,23200.0,7600,Buy,235639141
2024-08-29 09:43:03,23200.0,100,Buy,235639135
2024-08-29 09:43:03,23200.0,5000,Buy,235639138
2024-08-29 09:43:03,23200.0,200,Buy,235639137
2024-08-29 09:43:03,23200.0,5000,Buy,235639136
2024-08-29 09:43:03,23200.0,18200,Buy,235639140
2024-08-29 09:43:03,23200.0,3000,Buy,235639142
2024-08-29 09:43:06,23200.0,100,Buy,235639234
2024-08-29 09:43:06,23200.0,800,Buy,235639235
2024-08-29 09:43:06,23200.0,500,Buy,235639236
2024-08-29 09:43:06,23200.0,8600,Buy,235639237
2024-08-29 09:43:07,23200.0,1000,Buy,235639264
2024-08-29 09:43:08,23150.0,500,Sell,235639289
2024-08-29 09:43:10,23200.0,100,Buy,235639365
2024-08-29 09:43:11,23200.0,10000,Buy,235639396
2024-08-29 09:43:17,23200.0,100,Buy,235639560
2024-08-29 09:43:20,23200.0,200,Buy,235639620
2024-08-29 09:43:20,23200.0,300,Buy,235639621
2024-08-29 09:43:26,23150.0,1000,Sell,235639846
2024-08-29 09:43:32,23200.0,2200,Buy,235640023
2024-08-29 09:43:32,23200.0,2400,Buy,235640024
2024-08-29 09:43:44,23150.0,400,Sell,235640556
2024-08-29 09:43:48,23150.0,300,Sell,235640678
2024-08-29 09:43:53,23150.0,1000,Sell,235640823
2024-08-29 09:43:56,23200.0,400,Buy,235640925
2024-08-29 09:43:56,23200.0,5000,Buy,235640930
2024-08-29 09:44:05,23200.0,1000,Buy,235641202
2024-08-29 09:44:09,23150.0,10000,Sell,235641303
2024-08-29 09:44:19,23200.0,100,Buy,235641535
2024-08-29 09:44:19,23200.0,500,Buy,235641541
2024-08-29 09:44:20,23150.0,1200,Sell,235641559
2024-08-29 09:44:21,23200.0,1600,Buy,235641584
2024-08-29 09:44:21,23200.0,3000,Buy,235641582
2024-08-29 09:44:21,23200.0,400,Buy,235641583
2024-08-29 09:44:26,23150.0,200,Sell,235641776
2024-08-29 09:44:47,23150.0,1300,Sell,235642375
2024-08-29 09:44:49,23200.0,3500,Buy,235642446
2024-08-29 09:44:49,23200.0,3400,Buy,235642443
2024-08-29 09:44:49,23200.0,1000,Buy,235642444
2024-08-29 09:44:49,23200.0,500,Buy,235642445
2024-08-29 09:44:59,23200.0,100,Buy,235642815
2024-08-29 09:45:00,23200.0,8800,Buy,235642817
2024-08-29 09:45:00,23200.0,1200,Buy,235642818
2024-08-29 09:45:01,23200.0,1200,Buy,235642850
2024-08-29 09:45:01,23200.0,100,Buy,235642851
2024-08-29 09:45:01,23200.0,100,Buy,235642852
2024-08-29 09:45:01,23200.0,100,Buy,235642853
2024-08-29 09:45:01,23200.0,500,Buy,235642854
2024-08-29 09:45:10,23150.0,500,Sell,235643082
2024-08-29 09:45:14,23150.0,100,Sell,235643229
2024-08-29 09:45:14,23200.0,3000,Buy,235643228
2024-08-29 09:45:14,23150.0,1000,Sell,235643230
2024-08-29 09:45:14,23200.0,1000,Buy,235643226
2024-08-29 09:45:14,23200.0,4000,Buy,235643227
2024-08-29 09:45:14,23200.0,2000,Buy,235643225
2024-08-29 09:45:26,23200.0,2000,Buy,235643555
2024-08-29 09:45:26,23200.0,1000,Buy,235643556
2024-08-29 09:45:26,23200.0,2000,Buy,235643557
2024-08-29 09:45:33,23200.0,3000,Buy,235643760
2024-08-29 09:45:33,23200.0,900,Buy,235643761
2024-08-29 09:45:33,23200.0,1100,Buy,235643762
2024-08-29 09:45:38,23200.0,1600,Buy,235643906
2024-08-29 09:45:38,23200.0,800,Buy,235643907
2024-08-29 09:45:38,23200.0,1000,Buy,235643908
2024-08-29 09:45:38,23200.0,100,Buy,235643913
2024-08-29 09:45:38,23200.0,300,Buy,235643911
2024-08-29 09:45:38,23200.0,3000,Buy,235643912
2024-08-29 09:45:38,23200.0,300,Buy,235643905
2024-08-29 09:45:38,23200.0,200,Buy,235643910
2024-08-29 09:45:38,23200.0,3000,Buy,235643904
2024-08-29 09:45:38,23200.0,500,Buy,235643909
2024-08-29 09:45:38,23200.0,300,Buy,235643901
2024-08-29 09:45:38,23200.0,100,Buy,235643902
2024-08-29 09:45:38,23200.0,100,Buy,235643892
2024-08-29 09:45:38,23200.0,2900,Buy,235643894
2024-08-29 09:45:38,23200.0,5000,Buy,235643895
2024-08-29 09:45:38,23200.0,800,Buy,235643893
2024-08-29 09:45:38,23200.0,2000,Buy,235643897
2024-08-29 09:45:38,23200.0,100,Buy,235643898
2024-08-29 09:45:38,23200.0,200,Buy,235643899
2024-08-29 09:45:38,23200.0,2000,Buy,235643900
2024-08-29 09:45:38,23200.0,3200,Buy,235643896
2024-08-29 09:45:39,23200.0,2000,Buy,235643924
2024-08-29 09:45:39,23200.0,38900,Buy,235643929
2024-08-29 09:45:39,23200.0,100,Buy,235643928
2024-08-29 09:45:39,23200.0,7600,Buy,235643926
2024-08-29 09:45:39,23200.0,18200,Buy,235643925
2024-08-29 09:45:39,23200.0,200,Buy,235643923
2024-08-29 09:45:39,23200.0,1000,Buy,235643927
2024-08-29 09:45:39,23200.0,1000,Buy,235643921
2024-08-29 09:45:39,23200.0,1600,Buy,235643920
2024-08-29 09:45:39,23200.0,1000,Buy,235643919
2024-08-29 09:45:39,23200.0,100,Buy,235643918
2024-08-29 09:45:39,23200.0,500,Buy,235643917
2024-08-29 09:45:39,23200.0,100,Buy,235643916
2024-08-29 09:45:39,23200.0,200,Buy,235643915
2024-08-29 09:45:39,23200.0,100,Buy,235643922
2024-08-29 09:45:40,23200.0,2000,Buy,235643974
2024-08-29 09:45:41,23150.0,1000,Sell,235643977
2024-08-29 09:45:45,23200.0,1700,Buy,235644129
2024-08-29 09:45:45,23200.0,5800,Buy,235644128
2024-08-29 09:45:45,23200.0,200,Buy,235644127
2024-08-29 09:45:45,23200.0,200,Buy,235644126
2024-08-29 09:45:45,23200.0,2000,Buy,235644125
2024-08-29 09:45:45,23200.0,500,Buy,235644123
2024-08-29 09:45:45,23200.0,1000,Buy,235644122
2024-08-29 09:45:45,23200.0,700,Buy,235644121
2024-08-29 09:45:45,23200.0,500,Buy,235644120
2024-08-29 09:45:45,23200.0,12600,Buy,235644119
2024-08-29 09:45:45,23200.0,100,Buy,235644124
2024-08-29 09:45:47,23200.0,1600,Buy,235644186
2024-08-29 09:45:47,23200.0,1100,Buy,235644187
2024-08-29 09:45:47,23200.0,300,Buy,235644188
2024-08-29 09:45:53,23200.0,400,Buy,235644337
2024-08-29 09:45:54,23200.0,300,Buy,235644371
2024-08-29 09:45:54,23200.0,700,Buy,235644372
2024-08-29 09:45:55,23200.0,500,Buy,235644384
2024-08-29 09:45:56,23200.0,400,Buy,235644415
2024-08-29 09:45:56,23200.0,600,Buy,235644419
2024-08-29 09:45:56,23200.0,200,Buy,235644420
2024-08-29 09:45:56,23200.0,2300,Buy,235644421
2024-08-29 09:45:56,23200.0,1900,Buy,235644422
2024-08-29 09:45:56,23200.0,1800,Buy,235644411
2024-08-29 09:45:59,23200.0,200,Buy,235644511
2024-08-29 09:45:59,23200.0,8100,Buy,235644508
2024-08-29 09:45:59,23200.0,900,Buy,235644509
2024-08-29 09:45:59,23200.0,800,Buy,235644510
2024-08-29 09:46:00,23200.0,1000,Buy,235644534
2024-08-29 09:46:00,23200.0,100,Buy,235644535
2024-08-29 09:46:00,23200.0,8100,Buy,235644536
2024-08-29 09:46:00,23200.0,800,Buy,235644533
2024-08-29 09:46:03,23200.0,100,Buy,235644602
2024-08-29 09:46:03,23200.0,1900,Buy,235644595
2024-08-29 09:46:03,23200.0,700,Buy,235644603
2024-08-29 09:46:03,23200.0,100,Buy,235644593
2024-08-29 09:46:03,23200.0,1900,Buy,235644592
2024-08-29 09:46:03,23200.0,100,Buy,235644594
2024-08-29 09:46:08,23200.0,4300,Buy,235644755
2024-08-29 09:46:08,23200.0,500,Buy,235644756
2024-08-29 09:46:08,23200.0,100,Buy,235644757
2024-08-29 09:46:08,23200.0,100,Buy,235644758
2024-08-29 09:46:08,23150.0,900,Sell,235644751
2024-08-29 09:46:14,23200.0,100,Buy,235644894
2024-08-29 09:46:14,23200.0,100,Buy,235644902
2024-08-29 09:46:14,23200.0,100,Buy,235644896
2024-08-29 09:46:14,23200.0,100,Buy,235644895
2024-08-29 09:46:14,23200.0,300,Buy,235644893
2024-08-29 09:46:14,23200.0,1000,Buy,235644891
2024-08-29 09:46:14,23200.0,100,Buy,235644890
2024-08-29 09:46:14,23200.0,1000,Buy,235644889
2024-08-29 09:46:14,23200.0,200,Buy,235644888
2024-08-29 09:46:14,23200.0,100,Buy,235644892
2024-08-29 09:46:15,23200.0,800,Buy,235644932
2024-08-29 09:46:15,23200.0,3200,Buy,235644933
2024-08-29 09:46:17,23200.0,200,Buy,235644989
2024-08-29 09:46:19,23200.0,4800,Buy,235645014
2024-08-29 09:46:20,23200.0,3400,Buy,235645037
2024-08-29 09:46:21,23200.0,4600,Buy,235645064
2024-08-29 09:46:21,23200.0,24400,Buy,235645062
2024-08-29 09:46:21,23200.0,14000,Buy,235645056
2024-08-29 09:46:21,23200.0,1000,Buy,235645063
2024-08-29 09:46:22,23200.0,5000,Buy,235645075
2024-08-29 09:46:28,23200.0,400,Buy,235645256
2024-08-29 09:46:28,23200.0,2000,Buy,235645257
2024-08-29 09:46:28,23200.0,300,Buy,235645258
2024-08-29 09:46:28,23200.0,2000,Buy,235645259
2024-08-29 09:46:28,23200.0,300,Buy,235645260
2024-08-29 09:46:29,23200.0,5000,Buy,235645262
2024-08-29 09:46:34,23200.0,14300,Buy,235645377
2024-08-29 09:46:34,23200.0,500,Buy,235645376
2024-08-29 09:46:34,23200.0,14700,Buy,235645373
2024-08-29 09:46:34,23200.0,200,Buy,235645374
2024-08-29 09:46:34,23200.0,300,Buy,235645375
2024-08-29 09:46:35,23150.0,700,Sell,235645383
2024-08-29 09:46:38,23200.0,5000,Buy,235645449
2024-08-29 09:46:40,23200.0,400,Buy,235645507
2024-08-29 09:46:44,23200.0,4000,Buy,235645552
2024-08-29 09:46:44,23200.0,1000,Buy,235645553
2024-08-29 09:46:48,23200.0,1100,Buy,235645651
2024-08-29 09:46:48,23200.0,3100,Buy,235645653
2024-08-29 09:46:48,23200.0,5000,Buy,235645642
2024-08-29 09:46:48,23200.0,100,Buy,235645650
2024-08-29 09:46:48,23200.0,700,Buy,235645652
2024-08-29 09:46:54,23200.0,5000,Buy,235645790
2024-08-29 09:46:57,23200.0,1000,Buy,235645841
2024-08-29 09:46:57,23200.0,2000,Buy,235645870
2024-08-29 09:46:59,23200.0,2000,Buy,235645910
2024-08-29 09:46:59,23200.0,5000,Buy,235645924
2024-08-29 09:47:02,23150.0,800,Sell,235645958
2024-08-29 09:47:02,23200.0,500,Buy,235645964
2024-08-29 09:47:04,23200.0,5000,Buy,235645982
2024-08-29 09:47:08,23200.0,200,Buy,235646080
2024-08-29 09:47:08,23200.0,600,Buy,235646084
2024-08-29 09:47:08,23200.0,100,Buy,235646083
2024-08-29 09:47:08,23200.0,100,Buy,235646078
2024-08-29 09:47:08,23200.0,500,Buy,235646081
2024-08-29 09:47:08,23200.0,200,Buy,235646079
2024-08-29 09:47:08,23200.0,300,Buy,235646082
2024-08-29 09:47:10,23200.0,400,Buy,235646108
2024-08-29 09:47:10,23200.0,1000,Buy,235646109
2024-08-29 09:47:10,23200.0,100,Buy,235646110
2024-08-29 09:47:10,23200.0,100,Buy,235646111
2024-08-29 09:47:10,23200.0,700,Buy,235646112
2024-08-29 09:47:10,23200.0,200,Buy,235646113
2024-08-29 09:47:10,23200.0,12400,Buy,235646114
2024-08-29 09:47:13,23200.0,1000,Sell,235646219
2024-08-29 09:47:13,23200.0,500,Sell,235646222
2024-08-29 09:47:24,23200.0,7000,Sell,235646477
2024-08-29 09:47:26,23200.0,100,Sell,235646537
2024-08-29 09:47:34,23200.0,4900,Sell,235646704
2024-08-29 09:47:34,23200.0,100,Sell,235646732
2024-08-29 09:47:34,23200.0,100,Sell,235646703
2024-08-29 09:47:34,23200.0,1600,Sell,235646734
2024-08-29 09:47:34,23200.0,700,Sell,235646735
2024-08-29 09:47:34,23200.0,10000,Sell,235646733
2024-08-29 09:47:34,23200.0,2600,Sell,235646702
2024-08-29 09:47:34,23200.0,2500,Sell,235646693
2024-08-29 09:47:34,23200.0,5000,Sell,235646700
2024-08-29 09:47:34,23200.0,1500,Sell,235646694
2024-08-29 09:47:34,23200.0,100,Sell,235646695
2024-08-29 09:47:34,23200.0,5000,Sell,235646696
2024-08-29 09:47:34,23200.0,2400,Sell,235646701
2024-08-29 09:47:34,23200.0,500,Sell,235646698
2024-08-29 09:47:34,23200.0,400,Sell,235646699
2024-08-29 09:47:34,23200.0,800,Sell,235646697
2024-08-29 09:47:35,23200.0,500,Sell,235646737
2024-08-29 09:47:39,23200.0,3800,Sell,235646843
2024-08-29 09:47:39,23200.0,2200,Sell,235646844
2024-08-29 09:47:42,23200.0,100,Sell,235646919
2024-08-29 09:47:55,23200.0,2000,Sell,235647161
2024-08-29 09:47:59,23200.0,700,Sell,235647268
2024-08-29 09:47:59,23200.0,4300,Sell,235647269
2024-08-29 09:48:01,23200.0,700,Sell,235647331
2024-08-29 09:48:01,23200.0,500,Sell,235647332
2024-08-29 09:48:02,23200.0,500,Sell,235647343
2024-08-29 09:48:02,23200.0,2000,Sell,235647344
2024-08-29 09:48:06,23200.0,100,Buy,235647440
2024-08-29 09:48:09,23200.0,7600,Buy,235647522
2024-08-29 09:48:09,23200.0,15600,Buy,235647521
2024-08-29 09:48:09,23200.0,100,Sell,235647529
2024-08-29 09:48:11,23200.0,30000,Sell,235647557
2024-08-29 09:48:15,23200.0,1000,Sell,235647628
2024-08-29 09:48:21,23200.0,2000,Sell,235647792
2024-08-29 09:48:23,23200.0,100,Sell,235647816
2024-08-29 09:48:23,23200.0,5500,Sell,235647818
2024-08-29 09:48:27,23200.0,1900,Sell,235647889
2024-08-29 09:48:28,23200.0,600,Sell,235647900
2024-08-29 09:48:30,23200.0,5000,Sell,235647946
2024-08-29 09:48:32,23250.0,200,Buy,235647995
2024-08-29 09:48:32,23250.0,100,Buy,235647996
2024-08-29 09:48:32,23250.0,700,Buy,235647997
2024-08-29 09:48:34,23200.0,12400,Sell,235648049
2024-08-29 09:48:38,23200.0,1000,Sell,235648180
2024-08-29 09:48:39,23200.0,23700,Sell,235648199
2024-08-29 09:48:55,23200.0,600,Sell,235648610
2024-08-29 09:48:56,23200.0,2700,Sell,235648620
2024-08-29 09:48:56,23200.0,100,Sell,235648621
2024-08-29 09:48:57,23200.0,500,Sell,235648662
2024-08-29 09:48:58,23250.0,4500,Buy,235648664
2024-08-29 09:49:22,23200.0,800,Sell,235649290
2024-08-29 09:49:24,23200.0,1000,Sell,235649374
2024-08-29 09:49:33,23250.0,100,Buy,235649560
2024-08-29 09:49:40,23200.0,200,Sell,235649784
2024-08-29 09:49:43,23200.0,30000,Sell,235649829
2024-08-29 09:49:49,23200.0,300,Sell,235649931
2024-08-29 09:49:49,23200.0,800,Sell,235649932
2024-08-29 09:49:58,23200.0,12400,Sell,235650112
2024-08-29 09:49:58,23200.0,32100,Sell,235650131
2024-08-29 09:49:58,23200.0,1000,Sell,235650132
2024-08-29 09:49:58,23200.0,6900,Sell,235650133
2024-08-29 09:50:03,23200.0,1000,Sell,235650231
2024-08-29 09:50:03,23200.0,100,Sell,235650233
2024-08-29 09:50:04,23200.0,300,Sell,235650244
2024-08-29 09:50:04,23200.0,500,Sell,235650237
2024-08-29 09:50:08,23200.0,500,Sell,235650355
2024-08-29 09:50:09,23200.0,4300,Sell,235650395
2024-08-29 09:50:09,23200.0,700,Sell,235650394
2024-08-29 09:50:14,23200.0,700,Sell,235650547
2024-08-29 09:50:14,23200.0,300,Sell,235650548
2024-08-29 09:50:16,23200.0,700,Sell,235650579
2024-08-29 09:50:19,23200.0,4000,Sell,235650634
2024-08-29 09:50:19,23200.0,1000,Sell,235650635
2024-08-29 09:50:23,23200.0,1000,Sell,235650728
2024-08-29 09:50:25,23200.0,100,Sell,235650759
2024-08-29 09:50:28,23200.0,2000,Sell,235650853
2024-08-29 09:50:28,23200.0,1000,Sell,235650854
2024-08-29 09:50:28,23200.0,200,Sell,235650856
2024-08-29 09:50:28,23200.0,6200,Sell,235650860
2024-08-29 09:50:28,23200.0,100,Sell,235650858
2024-08-29 09:50:28,23200.0,5000,Sell,235650852
2024-08-29 09:50:28,23200.0,400,Sell,235650857
2024-08-29 09:50:28,23200.0,5000,Sell,235650851
2024-08-29 09:50:28,23200.0,100,Sell,235650859
2024-08-29 09:50:28,23200.0,5000,Sell,235650849
2024-08-29 09:50:28,23200.0,5000,Sell,235650850
2024-08-29 09:50:28,23200.0,2900,Sell,235650841
2024-08-29 09:50:28,23200.0,100,Sell,235650842
2024-08-29 09:50:28,23200.0,5000,Sell,235650843
2024-08-29 09:50:28,23200.0,6000,Sell,235650844
2024-08-29 09:50:28,23200.0,500,Sell,235650855
2024-08-29 09:50:28,23200.0,2000,Sell,235650845
2024-08-29 09:50:28,23200.0,1500,Sell,235650847
2024-08-29 09:50:28,23200.0,1000,Sell,235650848
2024-08-29 09:50:28,23200.0,1000,Sell,235650846
2024-08-29 09:50:30,23200.0,300,Sell,235650938
2024-08-29 09:50:32,23200.0,12900,Sell,235650986
2024-08-29 09:50:32,23200.0,500,Sell,235650987
2024-08-29 09:50:32,23200.0,400,Sell,235650988
2024-08-29 09:50:32,23200.0,100,Buy,235650995
2024-08-29 09:50:33,23200.0,100,Buy,235651051
2024-08-29 09:50:36,23200.0,1000,Buy,235651107
2024-08-29 09:50:37,23200.0,100,Buy,235651138
2024-08-29 09:50:37,23200.0,6900,Buy,235651136
2024-08-29 09:50:37,23200.0,1000,Buy,235651137
2024-08-29 09:50:37,23200.0,1400,Buy,235651135
2024-08-29 09:50:38,23200.0,1000,Sell,235651165
2024-08-29 09:50:38,23200.0,1000,Sell,235651166
2024-08-29 09:50:38,23200.0,1000,Sell,235651167
2024-08-29 09:50:38,23200.0,1000,Sell,235651168
2024-08-29 09:50:38,23200.0,1000,Sell,235651169
2024-08-29 09:50:39,23200.0,500,Sell,235651176
2024-08-29 09:50:40,23200.0,1000,Sell,235651207
2024-08-29 09:50:41,23200.0,500,Sell,235651233
2024-08-29 09:50:42,23200.0,1300,Sell,235651251
2024-08-29 09:50:49,23200.0,100,Buy,235651360
2024-08-29 09:50:53,23200.0,1000,Buy,235651476
2024-08-29 09:50:57,23200.0,1000,Buy,235651542
2024-08-29 09:51:10,23150.0,600,Sell,235651769
2024-08-29 09:51:10,23150.0,100,Sell,235651770
2024-08-29 09:51:10,23150.0,700,Sell,235651774
2024-08-29 09:51:12,23200.0,1000,Buy,235651814
2024-08-29 09:51:13,23150.0,300,Sell,235651831
2024-08-29 09:51:14,23200.0,10000,Buy,235651847
2024-08-29 09:51:32,23200.0,100,Buy,235652205
2024-08-29 09:51:32,23200.0,5000,Buy,235652206
2024-08-29 09:51:32,23200.0,100,Buy,235652207
2024-08-29 09:51:32,23200.0,4700,Buy,235652208
2024-08-29 09:51:32,23200.0,100,Buy,235652204
2024-08-29 09:51:34,23150.0,100,Sell,235652225
2024-08-29 09:51:37,23150.0,700,Sell,235652301
2024-08-29 09:51:46,23150.0,2400,Sell,235652495
2024-08-29 09:51:46,23150.0,1000,Sell,235652494
2024-08-29 09:51:46,23150.0,100,Sell,235652493
2024-08-29 09:51:46,23150.0,8900,Sell,235652492
2024-08-29 09:51:51,23150.0,600,Sell,235652610
2024-08-29 09:51:51,23150.0,400,Sell,235652611
2024-08-29 09:51:52,23200.0,3000,Buy,235652642
2024-08-29 09:52:04,23150.0,600,Sell,235652856
2024-08-29 09:52:08,23200.0,5000,Buy,235652938
2024-08-29 09:52:09,23150.0,3300,Sell,235652955
2024-08-29 09:52:16,23200.0,900,Buy,235653073
2024-08-29 09:52:20,23200.0,1000,Buy,235653179
2024-08-29 09:52:31,23200.0,2000,Buy,235653330
2024-08-29 09:52:31,23200.0,2000,Buy,235653331
2024-08-29 09:52:31,23200.0,500,Buy,235653332
2024-08-29 09:52:31,23200.0,200,Buy,235653333
2024-08-29 09:52:31,23200.0,2000,Buy,235653334
2024-08-29 09:52:31,23200.0,500,Buy,235653335
2024-08-29 09:52:31,23200.0,800,Buy,235653338
2024-08-29 09:52:31,23200.0,200,Buy,235653337
2024-08-29 09:52:31,23200.0,100,Buy,235653329
2024-08-29 09:52:31,23200.0,500,Buy,235653339
2024-08-29 09:52:31,23200.0,1000,Buy,235653340
2024-08-29 09:52:31,23200.0,500,Buy,235653341
2024-08-29 09:52:31,23150.0,600,Sell,235653342
2024-08-29 09:52:31,23200.0,2000,Buy,235653336
2024-08-29 09:52:31,23200.0,1000,Buy,235653328
2024-08-29 09:52:31,23200.0,2000,Buy,235653325
2024-08-29 09:52:31,23200.0,1000,Buy,235653326
2024-08-29 09:52:31,23200.0,1000,Buy,235653324
2024-08-29 09:52:31,23200.0,4000,Buy,235653322
2024-08-29 09:52:31,23200.0,1000,Buy,235653321
2024-08-29 09:52:31,23200.0,2800,Buy,235653320
2024-08-29 09:52:31,23200.0,500,Buy,235653319
2024-08-29 09:52:31,23200.0,100,Buy,235653318
2024-08-29 09:52:31,23200.0,100,Buy,235653317
2024-08-29 09:52:31,23200.0,1000,Buy,235653316
2024-08-29 09:52:31,23200.0,5000,Buy,235653315
2024-08-29 09:52:31,23200.0,4000,Buy,235653314
2024-08-29 09:52:31,23200.0,100,Buy,235653313
2024-08-29 09:52:31,23200.0,9100,Buy,235653312
2024-08-29 09:52:31,23200.0,1000,Buy,235653327
2024-08-29 09:52:31,23200.0,1000,Buy,235653323
2024-08-29 09:52:37,23200.0,100,Buy,235653493
2024-08-29 09:52:37,23200.0,500,Buy,235653494
2024-08-29 09:52:37,23200.0,6500,Buy,235653495
2024-08-29 09:52:37,23200.0,200,Buy,235653492
2024-08-29 09:52:37,23200.0,100,Buy,235653476
2024-08-29 09:52:37,23200.0,2000,Buy,235653475
2024-08-29 09:52:37,23200.0,2500,Buy,235653473
2024-08-29 09:52:37,23200.0,5000,Buy,235653491
2024-08-29 09:52:37,23200.0,100,Buy,235653474
2024-08-29 09:52:40,23200.0,200,Buy,235653564
2024-08-29 09:52:52,23200.0,100,Buy,235653788
2024-08-29 09:52:58,23150.0,900,Sell,235653954
2024-08-29 09:53:03,23200.0,100,Buy,235654053
2024-08-29 09:53:09,23200.0,32600,Buy,235654257
2024-08-29 09:53:09,23200.0,400,Buy,235654258
2024-08-29 09:53:09,23200.0,1000,Buy,235654259
2024-08-29 09:53:09,23200.0,1000,Buy,235654260
2024-08-29 09:53:13,23150.0,500,Sell,235654323
2024-08-29 09:53:25,23150.0,1900,Sell,235654575
2024-08-29 09:53:35,23200.0,200,Buy,235654851
2024-08-29 09:53:38,23200.0,1000,Buy,235654912
2024-08-29 09:53:39,23200.0,5000,Buy,235654923
2024-08-29 09:53:50,23200.0,100,Buy,235655124
2024-08-29 09:53:51,23200.0,100,Buy,235655138
2024-08-29 09:53:52,23150.0,1800,Sell,235655158
2024-08-29 09:54:00,23200.0,200,Buy,235655390
2024-08-29 09:54:11,23200.0,2000,Buy,235655559
2024-08-29 09:54:16,23150.0,10000,Sell,235655651
2024-08-29 09:54:19,23150.0,800,Sell,235655685
2024-08-29 09:54:25,23150.0,1000,Sell,235655917
2024-08-29 09:54:32,23150.0,400,Sell,235656061
2024-08-29 09:54:39,23200.0,200,Buy,235656179
2024-08-29 09:54:46,23150.0,600,Sell,235656436
2024-08-29 09:54:50,23200.0,1000,Buy,235656493
2024-08-29 09:54:55,23150.0,5000,Sell,235656598
2024-08-29 09:54:57,23200.0,200,Buy,235656641
2024-08-29 09:54:58,23200.0,3800,Buy,235656698
2024-08-29 09:55:03,23150.0,32500,Sell,235656794
2024-08-29 09:55:03,23150.0,5000,Sell,235656793
2024-08-29 09:55:03,23150.0,100,Sell,235656792
2024-08-29 09:55:03,23150.0,900,Sell,235656789
2024-08-29 09:55:03,23150.0,1000,Sell,235656788
2024-08-29 09:55:03,23150.0,5000,Sell,235656786
2024-08-29 09:55:03,23150.0,100,Sell,235656785
2024-08-29 09:55:03,23150.0,5200,Sell,235656784
2024-08-29 09:55:03,23150.0,200,Sell,235656787
2024-08-29 09:55:13,23150.0,600,Sell,235656977
2024-08-29 09:55:19,23150.0,100,Sell,235657066
2024-08-29 09:55:21,23150.0,100,Sell,235657112
2024-08-29 09:55:40,23150.0,600,Sell,235657458
2024-08-29 09:55:51,23150.0,3900,Sell,235657709
2024-08-29 09:55:51,23150.0,16100,Sell,235657708
2024-08-29 09:55:54,23150.0,400,Sell,235657767
2024-08-29 09:55:55,23150.0,500,Sell,235657776
2024-08-29 09:56:02,23150.0,100,Sell,235657903
2024-08-29 09:56:07,23150.0,100,Sell,235657972
2024-08-29 09:56:07,23150.0,300,Sell,235657973
2024-08-29 09:56:07,23150.0,100,Sell,235657974
2024-08-29 09:56:11,23150.0,100,Sell,235658089
2024-08-29 09:56:11,23200.0,1000,Buy,235658096
2024-08-29 09:56:24,23200.0,2000,Buy,235658316
2024-08-29 09:56:33,23150.0,300,Sell,235658492
2024-08-29 09:56:34,23150.0,500,Sell,235658511
2024-08-29 09:56:36,23150.0,200,Sell,235658530
2024-08-29 09:56:36,23150.0,800,Sell,235658529
2024-08-29 09:56:47,23150.0,1000,Sell,235658771
2024-08-29 09:56:48,23150.0,3000,Sell,235658788
2024-08-29 09:57:01,23150.0,100,Sell,235658955
2024-08-29 09:57:01,23150.0,500,Sell,235658973
2024-08-29 09:57:17,23150.0,600,Sell,235659309
2024-08-29 09:57:17,23150.0,100,Sell,235659324
2024-08-29 09:57:21,23150.0,100,Sell,235659385
2024-08-29 09:57:21,23150.0,300,Sell,235659386
2024-08-29 09:57:28,23150.0,300,Sell,235659518
2024-08-29 09:57:28,23150.0,100,Sell,235659517
2024-08-29 09:57:28,23150.0,100,Sell,235659516
2024-08-29 09:57:36,23150.0,500,Sell,235659643
2024-08-29 09:57:36,23150.0,1200,Sell,235659644
2024-08-29 09:57:36,23150.0,800,Sell,235659645
2024-08-29 09:57:37,23150.0,200,Sell,235659662
2024-08-29 09:57:37,23150.0,1800,Sell,235659663
2024-08-29 09:57:49,23150.0,1000,Sell,235659795
2024-08-29 09:57:55,23150.0,500,Sell,235659902
2024-08-29 09:57:55,23150.0,500,Sell,235659909
2024-08-29 09:58:07,23150.0,1000,Sell,235660093
2024-08-29 09:58:17,23150.0,3000,Sell,235660335
2024-08-29 09:58:20,23150.0,500,Sell,235660371
2024-08-29 09:58:20,23150.0,200,Sell,235660370
2024-08-29 09:58:20,23150.0,12200,Sell,235660366
2024-08-29 09:58:20,23150.0,900,Sell,235660368
2024-08-29 09:58:20,23150.0,100,Sell,235660367
2024-08-29 09:58:20,23150.0,2200,Sell,235660369
2024-08-29 09:58:22,23150.0,700,Sell,235660398
2024-08-29 09:58:31,23150.0,100,Sell,235660527
2024-08-29 09:58:31,23150.0,5000,Sell,235660528
2024-08-29 09:58:31,23150.0,4900,Sell,235660529
2024-08-29 09:58:43,23150.0,2500,Sell,235660725
2024-08-29 09:58:43,23150.0,100,Sell,235660723
2024-08-29 09:58:43,23150.0,400,Sell,235660724
2024-08-29 09:58:46,23150.0,1000,Sell,235660783
2024-08-29 09:58:49,23150.0,1000,Sell,235660837
2024-08-29 09:58:49,23150.0,700,Sell,235660840
2024-08-29 09:58:52,23150.0,1000,Sell,235660865
2024-08-29 09:58:52,23150.0,500,Sell,235660869
2024-08-29 09:58:53,23150.0,500,Sell,235660880
2024-08-29 09:59:10,23200.0,600,Buy,235661161
2024-08-29 09:59:10,23200.0,11200,Buy,235661192
2024-08-29 09:59:10,23200.0,4000,Buy,235661191
2024-08-29 09:59:10,23200.0,1000,Buy,235661190
2024-08-29 09:59:10,23200.0,1000,Buy,235661189
2024-08-29 09:59:10,23200.0,5000,Buy,235661188
2024-08-29 09:59:10,23200.0,100,Buy,235661187
2024-08-29 09:59:10,23200.0,3600,Buy,235661186
2024-08-29 09:59:10,23200.0,400,Buy,235661185
2024-08-29 09:59:10,23200.0,100,Buy,235661184
2024-08-29 09:59:10,23200.0,5000,Buy,235661183
2024-08-29 09:59:10,23200.0,100,Buy,235661182
2024-08-29 09:59:10,23200.0,1000,Buy,235661180
2024-08-29 09:59:10,23200.0,200,Buy,235661179
2024-08-29 09:59:10,23200.0,2000,Buy,235661178
2024-08-29 09:59:10,23200.0,30000,Buy,235661177
2024-08-29 09:59:10,23200.0,5000,Buy,235661181
2024-08-29 09:59:10,23200.0,7600,Buy,235661175
2024-08-29 09:59:10,23200.0,2800,Buy,235661162
2024-08-29 09:59:10,23200.0,1000,Buy,235661163
2024-08-29 09:59:10,23200.0,1000,Buy,235661164
2024-08-29 09:59:10,23200.0,300,Buy,235661176
2024-08-29 09:59:10,23200.0,500,Buy,235661166
2024-08-29 09:59:10,23200.0,500,Buy,235661167
2024-08-29 09:59:10,23200.0,18200,Buy,235661168
2024-08-29 09:59:10,23200.0,1000,Buy,235661165
2024-08-29 09:59:10,23200.0,39500,Buy,235661170
2024-08-29 09:59:10,23200.0,2000,Buy,235661171
2024-08-29 09:59:10,23200.0,1000,Buy,235661172
2024-08-29 09:59:10,23200.0,300,Buy,235661173
2024-08-29 09:59:10,23200.0,18200,Buy,235661174
2024-08-29 09:59:10,23200.0,7600,Buy,235661169
2024-08-29 09:59:10,23200.0,16200,Buy,235661160
2024-08-29 09:59:16,23200.0,58300,Buy,235661266
2024-08-29 09:59:16,23200.0,23400,Buy,235661270
2024-08-29 09:59:16,23150.0,900,Sell,235661282
2024-08-29 09:59:23,23200.0,1000,Buy,235661364
2024-08-29 09:59:23,23200.0,12300,Buy,235661368
2024-08-29 09:59:23,23200.0,500,Buy,235661367
2024-08-29 09:59:23,23200.0,400,Buy,235661366
2024-08-29 09:59:23,23200.0,100,Buy,235661365
2024-08-29 09:59:23,23200.0,500,Buy,235661363
2024-08-29 09:59:23,23200.0,500,Buy,235661361
2024-08-29 09:59:23,23200.0,7100,Buy,235661356
2024-08-29 09:59:23,23200.0,2700,Buy,235661357
2024-08-29 09:59:23,23200.0,100,Buy,235661362
2024-08-29 09:59:23,23200.0,200,Buy,235661359
2024-08-29 09:59:23,23200.0,1000,Buy,235661360
2024-08-29 09:59:23,23200.0,300,Buy,235661358
2024-08-29 09:59:25,23150.0,1000,Sell,235661398
2024-08-29 09:59:26,23200.0,17700,Buy,235661478
2024-08-29 09:59:26,23200.0,800,Buy,235661479
2024-08-29 09:59:28,23200.0,4200,Buy,235661493
2024-08-29 09:59:28,23200.0,10200,Buy,235661494
2024-08-29 09:59:30,23150.0,100,Sell,235661514
2024-08-29 09:59:32,23200.0,1000,Buy,235661541
2024-08-29 09:59:43,23150.0,100,Sell,235661710
2024-08-29 09:59:43,23150.0,800,Sell,235661709
2024-08-29 09:59:57,23200.0,500,Buy,235662008
2024-08-29 10:00:00,23200.0,300,Buy,235662056
2024-08-29 10:00:02,23150.0,3900,Sell,235662093
2024-08-29 10:00:10,23150.0,200,Sell,235662241
2024-08-29 10:00:10,23150.0,500,Sell,235662242
2024-08-29 10:00:16,23200.0,3600,Buy,235662345
2024-08-29 10:00:16,23200.0,300,Buy,235662344
2024-08-29 10:00:16,23200.0,4000,Buy,235662343
2024-08-29 10:00:16,23200.0,100,Buy,235662342
2024-08-29 10:00:16,23200.0,10000,Buy,235662340
2024-08-29 10:00:16,23200.0,50000,Buy,235662339
2024-08-29 10:00:16,23200.0,9000,Buy,235662341
2024-08-29 10:00:16,23200.0,5000,Buy,235662338
2024-08-29 10:00:16,23200.0,18000,Buy,235662336
2024-08-29 10:00:24,23150.0,1000,Sell,235662465
2024-08-29 10:00:29,23150.0,500,Sell,235662553
2024-08-29 10:00:37,23150.0,600,Sell,235662663
2024-08-29 10:00:43,23150.0,4000,Sell,235662791
2024-08-29 10:00:50,23150.0,100,Sell,235662871
2024-08-29 10:00:56,23200.0,2700,Buy,235662991
2024-08-29 10:00:56,23200.0,100,Buy,235662992
2024-08-29 10:00:56,23200.0,400,Buy,235662993
2024-08-29 10:00:56,23200.0,100,Buy,235662994
2024-08-29 10:00:56,23200.0,100,Buy,235662995
2024-08-29 10:00:56,23200.0,100,Buy,235662996
2024-08-29 10:00:56,23200.0,8000,Buy,235662997
2024-08-29 10:00:56,23200.0,1400,Buy,235662990
2024-08-29 10:00:57,23150.0,100,Sell,235663004
2024-08-29 10:00:57,23150.0,300,Sell,235663003
2024-08-29 10:00:57,23150.0,9700,Sell,235663002
2024-08-29 10:01:04,23150.0,1000,Sell,235663116
2024-08-29 10:01:05,23200.0,100,Buy,235663126
2024-08-29 10:01:05,23200.0,900,Buy,235663129
2024-08-29 10:01:05,23200.0,2000,Buy,235663125
2024-08-29 10:01:05,23200.0,100,Buy,235663127
2024-08-29 10:01:05,23200.0,500,Buy,235663128
2024-08-29 10:01:28,23200.0,1000,Buy,235663476
2024-08-29 10:01:31,23150.0,1500,Sell,235663551
2024-08-29 10:01:58,23150.0,1500,Sell,235663948
2024-08-29 10:02:26,23150.0,1500,Sell,235664424
2024-08-29 10:02:26,23150.0,1000,Sell,235664431
2024-08-29 10:02:38,23200.0,100,Buy,235664649
2024-08-29 10:02:38,23200.0,2700,Buy,235664650
2024-08-29 10:02:38,23200.0,500,Buy,235664659
2024-08-29 10:02:38,23200.0,100,Buy,235664652
2024-08-29 10:02:38,23200.0,100,Buy,235664653
2024-08-29 10:02:38,23200.0,500,Buy,235664654
2024-08-29 10:02:38,23200.0,200,Buy,235664655
2024-08-29 10:02:38,23200.0,7000,Buy,235664656
2024-08-29 10:02:38,23200.0,500,Buy,235664657
2024-08-29 10:02:38,23200.0,200,Buy,235664658
2024-08-29 10:02:38,23200.0,1000,Buy,235664651
2024-08-29 10:02:42,23150.0,500,Sell,235664744
2024-08-29 10:02:52,23150.0,1600,Sell,235664907
2024-08-29 10:02:52,23150.0,1000,Sell,235664888
2024-08-29 10:02:54,23150.0,500,Sell,235664922
2024-08-29 10:03:10,23150.0,1000,Sell,235665176
2024-08-29 10:03:19,23150.0,1200,Sell,235665276
2024-08-29 10:03:27,23150.0,100,Sell,235665397
2024-08-29 10:03:28,23150.0,1000,Sell,235665418
2024-08-29 10:03:37,23150.0,1100,Sell,235665566
2024-08-29 10:03:46,23150.0,1200,Sell,235665751
2024-08-29 10:03:52,23200.0,1000,Buy,235665888
2024-08-29 10:03:57,23150.0,500,Sell,235666028
2024-08-29 10:04:06,23200.0,1000,Buy,235666168
2024-08-29 10:04:13,23150.0,900,Sell,235666338
2024-08-29 10:04:25,23150.0,9200,Sell,235666515
2024-08-29 10:04:25,23150.0,3200,Sell,235666516
2024-08-29 10:04:31,23200.0,100,Buy,235666638
2024-08-29 10:04:41,23150.0,800,Sell,235666837
2024-08-29 10:04:47,23200.0,300,Buy,235666934
2024-08-29 10:05:00,23200.0,400,Buy,235667203
2024-08-29 10:05:07,23150.0,1000,Sell,235667356
2024-08-29 10:05:31,23200.0,200,Buy,235667932
2024-08-29 10:05:31,23150.0,5000,Sell,235667925
2024-08-29 10:05:34,23200.0,500,Buy,235667969
2024-08-29 10:05:34,23200.0,1300,Buy,235667975
2024-08-29 10:05:34,23200.0,1000,Buy,235667974
2024-08-29 10:05:34,23200.0,2600,Buy,235667973
2024-08-29 10:05:34,23200.0,2500,Buy,235667968
2024-08-29 10:05:34,23200.0,500,Buy,235667971
2024-08-29 10:05:34,23200.0,1000,Buy,235667970
2024-08-29 10:05:34,23200.0,600,Buy,235667972
2024-08-29 10:05:35,23150.0,1200,Sell,235667985
2024-08-29 10:05:56,23200.0,2000,Buy,235668361
2024-08-29 10:06:01,23150.0,1300,Sell,235668443
2024-08-29 10:06:04,23150.0,100,Sell,235668521
2024-08-29 10:06:17,23200.0,100,Buy,235668717
2024-08-29 10:06:18,23200.0,600,Buy,235668732
2024-08-29 10:06:28,23150.0,1800,Sell,235668967
2024-08-29 10:06:28,23150.0,100,Sell,235668968
2024-08-29 10:06:44,23150.0,1000,Sell,235669421
2024-08-29 10:06:49,23150.0,100,Sell,235669592
2024-08-29 10:06:55,23150.0,1700,Sell,235669768
2024-08-29 10:07:16,23200.0,900,Buy,235670115
2024-08-29 10:07:16,23200.0,1000,Buy,235670114
2024-08-29 10:07:16,23200.0,100,Buy,235670113
2024-08-29 10:07:20,23200.0,900,Buy,235670161
2024-08-29 10:07:23,23150.0,900,Sell,235670237
2024-08-29 10:07:26,23150.0,1000,Sell,235670296
2024-08-29 10:07:49,23150.0,800,Sell,235670687
2024-08-29 10:07:49,23150.0,900,Sell,235670691
2024-08-29 10:07:50,23150.0,400,Sell,235670695
2024-08-29 10:08:17,23150.0,800,Sell,235671281
2024-08-29 10:08:20,23150.0,100,Sell,235671336
2024-08-29 10:08:25,23150.0,1000,Sell,235671407
2024-08-29 10:08:44,23150.0,800,Sell,235671657
2024-08-29 10:08:52,23150.0,1000,Sell,235671843
2024-08-29 10:09:07,23150.0,2200,Sell,235672126
2024-08-29 10:09:11,23150.0,700,Sell,235672194
2024-08-29 10:09:11,23150.0,8200,Sell,235672215
2024-08-29 10:09:15,23150.0,2400,Sell,235672275
2024-08-29 10:09:30,23200.0,1000,Buy,235672559
2024-08-29 10:09:32,23150.0,500,Sell,235672603
2024-08-29 10:09:38,23150.0,800,Sell,235672841
2024-08-29 10:09:40,23150.0,400,Sell,235672879
2024-08-29 10:09:40,23150.0,15400,Sell,235672878
2024-08-29 10:09:41,23150.0,1600,Sell,235672897
2024-08-29 10:09:41,23150.0,100,Sell,235672898
2024-08-29 10:09:41,23150.0,500,Sell,235672899
2024-08-29 10:09:41,23150.0,400,Sell,235672900
2024-08-29 10:10:04,23200.0,200,Buy,235673443
2024-08-29 10:10:05,23150.0,600,Sell,235673481
2024-08-29 10:10:05,23150.0,100,Sell,235673482
2024-08-29 10:10:08,23150.0,500,Sell,235673536
2024-08-29 10:10:08,23150.0,2700,Sell,235673537
2024-08-29 10:10:08,23150.0,500,Sell,235673541
2024-08-29 10:10:08,23150.0,100,Sell,235673542
2024-08-29 10:10:08,23150.0,1600,Sell,235673572
2024-08-29 10:10:08,23150.0,1400,Sell,235673570
2024-08-29 10:10:08,23150.0,100,Sell,235673571
2024-08-29 10:10:08,23150.0,1000,Sell,235673535
2024-08-29 10:10:08,23150.0,200,Sell,235673568
2024-08-29 10:10:08,23150.0,2800,Sell,235673534
2024-08-29 10:10:08,23150.0,2000,Sell,235673569
2024-08-29 10:10:08,23150.0,5000,Sell,235673532
2024-08-29 10:10:08,23150.0,100,Sell,235673523
2024-08-29 10:10:08,23150.0,600,Sell,235673524
2024-08-29 10:10:08,23150.0,400,Sell,235673522
2024-08-29 10:10:08,23150.0,300,Sell,235673526
2024-08-29 10:10:08,23150.0,100,Sell,235673525
2024-08-29 10:10:08,23150.0,1000,Sell,235673528
2024-08-29 10:10:08,23150.0,1000,Sell,235673529
2024-08-29 10:10:08,23150.0,200,Sell,235673530
2024-08-29 10:10:08,23150.0,300,Sell,235673531
2024-08-29 10:10:08,23150.0,2000,Sell,235673527
2024-08-29 10:10:08,23150.0,7200,Sell,235673533
2024-08-29 10:10:09,23150.0,4400,Sell,235673581
2024-08-29 10:10:09,23150.0,2000,Sell,235673582
2024-08-29 10:10:09,23150.0,500,Sell,235673583
2024-08-29 10:10:09,23150.0,1000,Sell,235673584
2024-08-29 10:10:16,23150.0,500,Sell,235673815
2024-08-29 10:10:17,23150.0,36400,Sell,235673820
2024-08-29 10:10:17,23150.0,15200,Sell,235673821
2024-08-29 10:10:18,23150.0,5000,Sell,235673833
2024-08-29 10:10:19,23150.0,100,Sell,235673873
2024-08-29 10:10:19,23150.0,100,Sell,235673885
2024-08-29 10:10:19,23150.0,1000,Sell,235673884
2024-08-29 10:10:19,23150.0,1000,Sell,235673883
2024-08-29 10:10:19,23150.0,1000,Sell,235673882
2024-08-29 10:10:19,23150.0,1000,Sell,235673881
2024-08-29 10:10:19,23150.0,1000,Sell,235673880
2024-08-29 10:10:19,23150.0,200,Sell,235673879
2024-08-29 10:10:19,23150.0,100,Sell,235673878
2024-08-29 10:10:19,23150.0,5000,Sell,235673877
2024-08-29 10:10:19,23150.0,100,Sell,235673876
2024-08-29 10:10:19,23150.0,2000,Sell,235673875
2024-08-29 10:10:19,23150.0,2000,Sell,235673874
2024-08-29 10:10:19,23150.0,200,Sell,235673872
2024-08-29 10:10:19,23150.0,100,Sell,235673864
2024-08-29 10:10:19,23150.0,3200,Sell,235673870
2024-08-29 10:10:19,23150.0,5000,Sell,235673856
2024-08-29 10:10:19,23150.0,5000,Sell,235673857
2024-08-29 10:10:19,23150.0,1000,Sell,235673858
2024-08-29 10:10:19,23150.0,1000,Sell,235673859
2024-08-29 10:10:19,23150.0,1000,Sell,235673860
2024-08-29 10:10:19,23150.0,400,Sell,235673871
2024-08-29 10:10:19,23150.0,17700,Sell,235673861
2024-08-29 10:10:19,23150.0,100,Sell,235673863
2024-08-29 10:10:19,23150.0,130900,Sell,235673855
2024-08-29 10:10:19,23150.0,100,Sell,235673865
2024-08-29 10:10:19,23150.0,500,Sell,235673866
2024-08-29 10:10:19,23150.0,4000,Sell,235673867
2024-08-29 10:10:19,23150.0,200,Sell,235673869
2024-08-29 10:10:19,23150.0,5000,Sell,235673862
2024-08-29 10:10:20,23150.0,10400,Sell,235673916
2024-08-29 10:10:20,23150.0,2000,Sell,235673915
2024-08-29 10:10:20,23150.0,4000,Sell,235673913
2024-08-29 10:10:20,23150.0,500,Sell,235673914
2024-08-29 10:10:20,23150.0,100,Sell,235673911
2024-08-29 10:10:20,23150.0,1000,Sell,235673910
2024-08-29 10:10:20,23150.0,600,Sell,235673909
2024-08-29 10:10:20,23150.0,4900,Sell,235673908
2024-08-29 10:10:20,23150.0,500,Sell,235673912
2024-08-29 10:10:22,23200.0,100,Buy,235673953
2024-08-29 10:10:26,23150.0,4000,Sell,235674051
2024-08-29 10:10:26,23150.0,5000,Sell,235674052
2024-08-29 10:10:26,23150.0,16000,Sell,235674053
2024-08-29 10:10:26,23150.0,300,Sell,235674054
2024-08-29 10:10:26,23150.0,5200,Sell,235674055
2024-08-29 10:10:26,23150.0,200,Sell,235674050
2024-08-29 10:10:26,23150.0,2000,Sell,235674056
2024-08-29 10:10:26,23150.0,2000,Sell,235674059
2024-08-29 10:10:26,23150.0,800,Sell,235674058
2024-08-29 10:10:26,23150.0,2000,Sell,235674060
2024-08-29 10:10:26,23150.0,100,Sell,235674061
2024-08-29 10:10:26,23150.0,1200,Sell,235674062
2024-08-29 10:10:26,23150.0,800,Sell,235674063
2024-08-29 10:10:26,23150.0,2400,Sell,235674064
2024-08-29 10:10:26,23150.0,800,Sell,235674065
2024-08-29 10:10:26,23150.0,10000,Sell,235674057
2024-08-29 10:10:26,23150.0,2000,Sell,235674049
2024-08-29 10:10:26,23150.0,3500,Sell,235674041
2024-08-29 10:10:26,23150.0,100,Sell,235674047
2024-08-29 10:10:26,23150.0,2500,Sell,235674031
2024-08-29 10:10:26,23150.0,100,Sell,235674032
2024-08-29 10:10:26,23150.0,4000,Sell,235674033
2024-08-29 10:10:26,23150.0,5000,Sell,235674034
2024-08-29 10:10:26,23150.0,500,Sell,235674035
2024-08-29 10:10:26,23150.0,2000,Sell,235674036
2024-08-29 10:10:26,23150.0,100,Sell,235674037
2024-08-29 10:10:26,23150.0,100,Sell,235674048
2024-08-29 10:10:26,23150.0,18000,Sell,235674039
2024-08-29 10:10:26,23150.0,2000,Sell,235674040
2024-08-29 10:10:26,23150.0,100,Sell,235674042
2024-08-29 10:10:26,23150.0,1000,Sell,235674043
2024-08-29 10:10:26,23150.0,300,Sell,235674044
2024-08-29 10:10:26,23150.0,500,Sell,235674045
2024-08-29 10:10:26,23150.0,100,Sell,235674046
2024-08-29 10:10:26,23150.0,300,Sell,235674038
2024-08-29 10:10:32,23100.0,300,Sell,235674173
2024-08-29 10:10:32,23100.0,100,Sell,235674174
2024-08-29 10:10:32,23100.0,300,Sell,235674175
2024-08-29 10:10:38,23150.0,100,Buy,235674434
2024-08-29 10:10:47,23150.0,500,Buy,235674589
2024-08-29 10:10:59,23150.0,100,Buy,235674830
2024-08-29 10:10:59,23100.0,700,Sell,235674831
2024-08-29 10:11:07,23100.0,100,Sell,235675173
2024-08-29 10:11:10,23150.0,4900,Buy,235675216
2024-08-29 10:11:21,23150.0,300,Buy,235675394
2024-08-29 10:11:26,23100.0,700,Sell,235675432
2024-08-29 10:11:35,23150.0,100,Buy,235675627
2024-08-29 10:11:38,23150.0,200,Buy,235675668
2024-08-29 10:11:39,23150.0,2600,Buy,235675682
2024-08-29 10:11:53,23100.0,500,Sell,235675930
2024-08-29 10:11:53,23100.0,200,Sell,235675929
2024-08-29 10:12:14,23100.0,2500,Sell,235676370
2024-08-29 10:12:14,23100.0,1000,Sell,235676371
2024-08-29 10:12:14,23100.0,1000,Sell,235676372
2024-08-29 10:12:14,23100.0,7900,Sell,235676373
2024-08-29 10:12:18,23100.0,1000,Sell,235676503
2024-08-29 10:12:20,23100.0,700,Sell,235676569
2024-08-29 10:12:21,23100.0,800,Sell,235676609
2024-08-29 10:12:47,23100.0,700,Sell,235677083
2024-08-29 10:12:50,23100.0,6000,Sell,235677116
2024-08-29 10:12:52,23150.0,100,Buy,235677149
2024-08-29 10:12:54,23150.0,2000,Buy,235677216
2024-08-29 10:13:02,23150.0,15000,Buy,235677343
2024-08-29 10:13:12,23150.0,200,Buy,235677460
2024-08-29 10:13:14,23100.0,800,Sell,235677489
2024-08-29 10:13:15,23150.0,400,Buy,235677504
2024-08-29 10:13:27,23100.0,7900,Sell,235677788
2024-08-29 10:13:27,23100.0,7900,Sell,235677789
2024-08-29 10:13:33,23150.0,100,Buy,235677951
2024-08-29 10:13:34,23150.0,600,Buy,235677971
2024-08-29 10:13:41,23100.0,900,Sell,235678076
2024-08-29 10:13:52,23150.0,4000,Buy,235678227
2024-08-29 10:13:56,23150.0,1600,Buy,235678284
2024-08-29 10:14:08,23100.0,1100,Sell,235678493
2024-08-29 10:14:11,23150.0,100,Buy,235678522
2024-08-29 10:14:21,23150.0,600,Buy,235678695
2024-08-29 10:14:23,23100.0,2000,Sell,235678739
2024-08-29 10:14:35,23100.0,1200,Sell,235678933
2024-08-29 10:14:46,23150.0,200,Buy,235679112
2024-08-29 10:15:02,23100.0,1100,Sell,235679406
2024-08-29 10:15:10,23100.0,1000,Sell,235679536
2024-08-29 10:15:29,23100.0,900,Sell,235679784
2024-08-29 10:15:44,23100.0,1600,Sell,235680016
2024-08-29 10:15:56,23100.0,800,Sell,235680200
2024-08-29 10:16:02,23150.0,1000,Buy,235680329
2024-08-29 10:16:02,23150.0,300,Buy,235680328
2024-08-29 10:16:02,23150.0,400,Buy,235680330
2024-08-29 10:16:02,23150.0,2600,Buy,235680326
2024-08-29 10:16:02,23150.0,400,Buy,235680325
2024-08-29 10:16:02,23150.0,300,Buy,235680327
2024-08-29 10:16:08,23150.0,1100,Buy,235680475
2024-08-29 10:16:08,23150.0,800,Buy,235680474
2024-08-29 10:16:08,23150.0,3400,Buy,235680473
2024-08-29 10:16:08,23150.0,3000,Buy,235680472
2024-08-29 10:16:08,23150.0,100,Buy,235680471
2024-08-29 10:16:08,23150.0,100,Buy,235680470
2024-08-29 10:16:08,23150.0,20000,Buy,235680469
2024-08-29 10:16:08,23150.0,1500,Buy,235680466
2024-08-29 10:16:08,23150.0,2600,Buy,235680468
2024-08-29 10:16:08,23150.0,800,Buy,235680467
2024-08-29 10:16:08,23150.0,1600,Buy,235680457
2024-08-29 10:16:08,23150.0,50000,Buy,235680458
2024-08-29 10:16:08,23150.0,300,Buy,235680459
2024-08-29 10:16:08,23150.0,2000,Buy,235680460
2024-08-29 10:16:08,23150.0,2500,Buy,235680465
2024-08-29 10:16:08,23150.0,1000,Buy,235680462
2024-08-29 10:16:08,23150.0,500,Buy,235680464
2024-08-29 10:16:08,23150.0,2000,Buy,235680461
2024-08-29 10:16:08,23150.0,6700,Buy,235680463
2024-08-29 10:16:11,23100.0,1600,Sell,235680522
2024-08-29 10:16:14,23100.0,100000,Sell,235680559
2024-08-29 10:16:21,23150.0,200,Buy,235680640
2024-08-29 10:16:23,23100.0,600,Sell,235680668
2024-08-29 10:16:27,23150.0,18700,Buy,235680725
2024-08-29 10:16:27,23150.0,2600,Buy,235680726
2024-08-29 10:16:27,23150.0,5000,Buy,235680727
2024-08-29 10:16:27,23150.0,2000,Buy,235680728
2024-08-29 10:16:27,23150.0,1000,Buy,235680729
2024-08-29 10:16:27,23150.0,1900,Buy,235680730
2024-08-29 10:16:27,23150.0,18700,Buy,235680732
2024-08-29 10:16:27,23150.0,100,Buy,235680731
2024-08-29 10:16:33,23150.0,22000,Buy,235680829
2024-08-29 10:16:35,23150.0,500,Buy,235680860
2024-08-29 10:16:45,23150.0,100,Buy,235680966
2024-08-29 10:16:50,23100.0,500,Sell,235681024
2024-08-29 10:16:51,23150.0,5000,Buy,235681041
2024-08-29 10:16:51,23150.0,3600,Buy,235681042
2024-08-29 10:16:51,23150.0,200,Buy,235681040
2024-08-29 10:16:51,23150.0,1900,Buy,235681038
2024-08-29 10:16:51,23150.0,8700,Buy,235681036
2024-08-29 10:16:51,23150.0,2500,Buy,235681039
2024-08-29 10:16:51,23150.0,5000,Buy,235681037
2024-08-29 10:17:05,23150.0,1000,Buy,235681280
2024-08-29 10:17:07,23100.0,2000,Sell,235681311
2024-08-29 10:17:16,23150.0,400,Buy,235681443
2024-08-29 10:17:16,23150.0,100,Buy,235681444
2024-08-29 10:17:17,23100.0,1100,Sell,235681472
2024-08-29 10:17:29,23100.0,10000,Sell,235681655
2024-08-29 10:17:36,23100.0,10000,Sell,235681768
2024-08-29 10:17:38,23100.0,3000,Sell,235681796
2024-08-29 10:17:40,23100.0,700,Sell,235681812
2024-08-29 10:17:44,23100.0,1300,Sell,235681888
2024-08-29 10:17:51,23100.0,300,Sell,235682002
2024-08-29 10:17:55,23150.0,200,Buy,235682116
2024-08-29 10:18:03,23150.0,2800,Buy,235682260
2024-08-29 10:18:03,23150.0,3200,Buy,235682263
2024-08-29 10:18:03,23150.0,1000,Buy,235682262
2024-08-29 10:18:03,23150.0,1000,Buy,235682261
2024-08-29 10:18:03,23150.0,2600,Buy,235682258
2024-08-29 10:18:03,23150.0,100,Buy,235682257
2024-08-29 10:18:03,23150.0,700,Buy,235682254
2024-08-29 10:18:03,23150.0,600,Buy,235682259
2024-08-29 10:18:03,23150.0,5000,Buy,235682256
2024-08-29 10:18:03,23150.0,5000,Buy,235682255
2024-08-29 10:18:08,23150.0,100,Buy,235682335
2024-08-29 10:18:10,23150.0,100,Buy,235682360
2024-08-29 10:18:11,23100.0,1000,Sell,235682364
2024-08-29 10:18:21,23100.0,10000,Sell,235682551
2024-08-29 10:18:22,23100.0,1300,Sell,235682585
2024-08-29 10:18:27,23100.0,10000,Sell,235682677
2024-08-29 10:18:32,23100.0,30000,Sell,235682759
2024-08-29 10:18:33,23150.0,400,Buy,235682798
2024-08-29 10:18:36,23100.0,100,Sell,235682839
2024-08-29 10:18:38,23100.0,800,Sell,235682874
2024-08-29 10:18:44,23100.0,500,Sell,235682968
2024-08-29 10:18:47,23150.0,100,Buy,235683007
2024-08-29 10:19:02,23100.0,200,Sell,235683301
2024-08-29 10:19:05,23100.0,800,Sell,235683392
2024-08-29 10:19:11,23150.0,1000,Buy,235683517
2024-08-29 10:19:19,23150.0,300,Buy,235683656
2024-08-29 10:19:20,23150.0,300,Buy,235683694
2024-08-29 10:19:29,23150.0,200,Buy,235683817
2024-08-29 10:19:32,23100.0,700,Sell,235683892
2024-08-29 10:19:42,23150.0,500,Buy,235684016
2024-08-29 10:19:43,23100.0,1000,Sell,235684034
2024-08-29 10:19:52,23100.0,20000,Sell,235684154
2024-08-29 10:19:56,23100.0,600,Sell,235684201
2024-08-29 10:19:59,23100.0,900,Sell,235684243
2024-08-29 10:20:05,23100.0,100,Sell,235684324
2024-08-29 10:20:15,23100.0,100,Sell,235684623
2024-08-29 10:20:19,23100.0,100,Sell,235684653
2024-08-29 10:20:19,23100.0,2900,Sell,235684652
2024-08-29 10:20:26,23100.0,1300,Sell,235684730
2024-08-29 10:20:36,23100.0,1000,Sell,235684908
2024-08-29 10:20:50,23100.0,500,Sell,235685225
2024-08-29 10:20:53,23100.0,1200,Sell,235685293
2024-08-29 10:21:00,23100.0,300,Sell,235685432
2024-08-29 10:21:00,23100.0,2000,Sell,235685444
2024-08-29 10:21:03,23100.0,5000,Sell,235685494
2024-08-29 10:21:03,23150.0,200,Buy,235685490
2024-08-29 10:21:21,23100.0,900,Sell,235685766
2024-08-29 10:21:31,23100.0,100,Sell,235685946
2024-08-29 10:21:47,23100.0,900,Sell,235686241
2024-08-29 10:22:14,23100.0,700,Sell,235686674
2024-08-29 10:22:22,23100.0,1000,Sell,235686823
2024-08-29 10:22:36,23150.0,200,Buy,235687070
2024-08-29 10:22:41,23100.0,500,Sell,235687159
2024-08-29 10:23:07,23100.0,100,Sell,235687677
2024-08-29 10:23:08,23100.0,5000,Sell,235687693
2024-08-29 10:23:08,23100.0,700,Sell,235687696
2024-08-29 10:23:17,23150.0,200,Buy,235687810
2024-08-29 10:23:25,23150.0,300,Buy,235687936
2024-08-29 10:23:25,23100.0,400,Sell,235687941
2024-08-29 10:23:35,23100.0,900,Sell,235688051
2024-08-29 10:23:49,23100.0,5700,Sell,235688224
2024-08-29 10:24:02,23100.0,900,Sell,235688356
2024-08-29 10:24:02,23100.0,200,Sell,235688354
2024-08-29 10:24:06,23100.0,400,Sell,235688396
2024-08-29 10:24:11,23150.0,200,Buy,235688486
2024-08-29 10:24:30,23100.0,900,Sell,235688792
2024-08-29 10:24:56,23100.0,800,Sell,235689252
2024-08-29 10:25:04,23100.0,20000,Sell,235689344
2024-08-29 10:25:20,23150.0,2000,Buy,235689584
2024-08-29 10:25:23,23100.0,500,Sell,235689620
2024-08-29 10:25:45,23150.0,200,Buy,235689944
2024-08-29 10:25:50,23100.0,500,Sell,235690009
2024-08-29 10:25:51,23150.0,100,Buy,235690032
2024-08-29 10:25:59,23150.0,200,Buy,235690163
2024-08-29 10:26:06,23150.0,100,Buy,235690267
2024-08-29 10:26:06,23100.0,8100,Sell,235690268
2024-08-29 10:26:07,23150.0,100,Buy,235690328
2024-08-29 10:26:09,23100.0,1000,Sell,235690339
2024-08-29 10:26:17,23100.0,800,Sell,235690476
2024-08-29 10:26:35,23150.0,10000,Buy,235690774
2024-08-29 10:26:45,23100.0,900,Sell,235690906
2024-08-29 10:27:03,23100.0,200,Sell,235691128
2024-08-29 10:27:04,23150.0,3000,Buy,235691144
2024-08-29 10:27:10,23100.0,15000,Sell,235691279
2024-08-29 10:27:12,23100.0,800,Sell,235691302
2024-08-29 10:27:19,23150.0,200,Buy,235691418
2024-08-29 10:27:23,23100.0,10000,Sell,235691470
2024-08-29 10:27:26,23150.0,6800,Buy,235691553
2024-08-29 10:27:26,23150.0,1000,Buy,235691554
2024-08-29 10:27:26,23150.0,100,Buy,235691555
2024-08-29 10:27:27,23100.0,10000,Sell,235691580
2024-08-29 10:27:33,23100.0,300,Sell,235691678
2024-08-29 10:27:33,23100.0,200,Sell,235691679
2024-08-29 10:27:33,23100.0,1000,Sell,235691680
2024-08-29 10:27:33,23100.0,300,Sell,235691681
2024-08-29 10:27:33,23100.0,800,Sell,235691682
2024-08-29 10:27:33,23100.0,1000,Sell,235691683
2024-08-29 10:27:33,23100.0,1000,Sell,235691684
2024-08-29 10:27:33,23100.0,1100,Sell,235691685
2024-08-29 10:27:33,23100.0,4300,Sell,235691677
2024-08-29 10:27:36,23100.0,3300,Sell,235691756
2024-08-29 10:27:36,23100.0,200,Sell,235691755
2024-08-29 10:27:36,23100.0,100,Sell,235691754
2024-08-29 10:27:36,23100.0,500,Sell,235691753
2024-08-29 10:27:36,23100.0,400,Sell,235691752
2024-08-29 10:27:36,23100.0,400,Sell,235691749
2024-08-29 10:27:36,23100.0,2000,Sell,235691750
2024-08-29 10:27:36,23100.0,500,Sell,235691748
2024-08-29 10:27:36,23100.0,200,Sell,235691747
2024-08-29 10:27:36,23100.0,1400,Sell,235691746
2024-08-29 10:27:36,23100.0,1000,Sell,235691751
2024-08-29 10:27:39,23100.0,700,Sell,235691791
2024-08-29 10:27:42,23100.0,200,Sell,235691834
2024-08-29 10:27:43,23150.0,3500,Buy,235691849
2024-08-29 10:27:43,23150.0,500,Buy,235691848
2024-08-29 10:27:43,23150.0,800,Buy,235691845
2024-08-29 10:27:43,23150.0,10000,Buy,235691846
2024-08-29 10:27:43,23150.0,10000,Buy,235691847
2024-08-29 10:27:52,23100.0,5800,Sell,235691971
2024-08-29 10:27:52,23100.0,100,Sell,235691972
2024-08-29 10:27:52,23100.0,100,Sell,235691973
2024-08-29 10:27:52,23100.0,4000,Sell,235691974
2024-08-29 10:27:53,23150.0,6500,Buy,235692010
2024-08-29 10:27:53,23150.0,5900,Buy,235692011
2024-08-29 10:28:00,23150.0,3100,Buy,235692137
2024-08-29 10:28:00,23150.0,2500,Buy,235692136
2024-08-29 10:28:00,23150.0,5000,Buy,235692134
2024-08-29 10:28:00,23150.0,500,Buy,235692133
2024-08-29 10:28:00,23150.0,1100,Buy,235692132
2024-08-29 10:28:00,23150.0,200,Buy,235692135
2024-08-29 10:28:06,23100.0,700,Sell,235692207
2024-08-29 10:28:08,23150.0,300,Buy,235692247
2024-08-29 10:28:14,23100.0,2900,Sell,235692332
2024-08-29 10:28:29,23150.0,1000,Buy,235692525
2024-08-29 10:28:32,23100.0,800,Sell,235692557
2024-08-29 10:28:54,23150.0,200,Buy,235692806
2024-08-29 10:28:55,23150.0,900,Buy,235692823
2024-08-29 10:28:55,23150.0,100,Buy,235692824
2024-08-29 10:28:55,23150.0,300,Buy,235692825
2024-08-29 10:28:55,23150.0,400,Buy,235692822
2024-08-29 10:29:00,23100.0,800,Sell,235692882
2024-08-29 10:29:03,23150.0,700,Buy,235692931
2024-08-29 10:29:04,23150.0,2300,Buy,235692932
2024-08-29 10:29:23,23100.0,200,Sell,235693206
2024-08-29 10:29:27,23100.0,600,Sell,235693255
2024-08-29 10:29:27,23100.0,300,Sell,235693256
2024-08-29 10:29:53,23150.0,5000,Buy,235693648
2024-08-29 10:29:54,23100.0,1000,Sell,235693658
2024-08-29 10:30:09,23100.0,1000,Sell,235693879
2024-08-29 10:30:09,23100.0,700,Sell,235693876
2024-08-29 10:30:09,23100.0,100,Sell,235693877
2024-08-29 10:30:09,23100.0,200,Sell,235693878
2024-08-29 10:30:21,23100.0,1000,Sell,235694054
2024-08-29 10:30:21,23100.0,100,Sell,235694053
2024-08-29 10:30:21,23100.0,2000,Sell,235694052
2024-08-29 10:30:21,23100.0,200,Sell,235694051
2024-08-29 10:30:21,23100.0,2000,Sell,235694050
2024-08-29 10:30:21,23100.0,1000,Sell,235694048
2024-08-29 10:30:21,23100.0,200,Sell,235694049
2024-08-29 10:30:21,23100.0,300,Sell,235694047
2024-08-29 10:30:21,23100.0,500,Sell,235694039
2024-08-29 10:30:21,23100.0,100,Sell,235694045
2024-08-29 10:30:21,23100.0,1000,Sell,235694044
2024-08-29 10:30:21,23100.0,100,Sell,235694043
2024-08-29 10:30:21,23100.0,2300,Sell,235694042
2024-08-29 10:30:21,23100.0,500,Sell,235694041
2024-08-29 10:30:21,23100.0,500,Sell,235694040
2024-08-29 10:30:21,23100.0,100,Sell,235694055
2024-08-29 10:30:21,23100.0,100,Sell,235694038
2024-08-29 10:30:21,23100.0,100,Sell,235694037
2024-08-29 10:30:21,23100.0,100,Sell,235694046
2024-08-29 10:30:21,23100.0,500,Sell,235694056
2024-08-29 10:30:21,23100.0,2000,Sell,235694064
2024-08-29 10:30:21,23100.0,1000,Sell,235694058
2024-08-29 10:30:21,23100.0,9000,Sell,235694078
2024-08-29 10:30:21,23100.0,3000,Sell,235694077
2024-08-29 10:30:21,23100.0,1000,Sell,235694076
2024-08-29 10:30:21,23100.0,7900,Sell,235694075
2024-08-29 10:30:21,23100.0,100,Sell,235694074
2024-08-29 10:30:21,23100.0,100,Sell,235694073
2024-08-29 10:30:21,23100.0,100,Sell,235694072
2024-08-29 10:30:21,23100.0,100,Sell,235694071
2024-08-29 10:30:21,23100.0,9000,Sell,235694070
2024-08-29 10:30:21,23100.0,500,Sell,235694069
2024-08-29 10:30:21,23100.0,100,Sell,235694068
2024-08-29 10:30:21,23100.0,300,Sell,235694067
2024-08-29 10:30:21,23100.0,3000,Sell,235694066
2024-08-29 10:30:21,23100.0,300,Sell,235694036
2024-08-29 10:30:21,23100.0,100,Sell,235694063
2024-08-29 10:30:21,23100.0,2000,Sell,235694062
2024-08-29 10:30:21,23100.0,1000,Sell,235694061
2024-08-29 10:30:21,23100.0,200,Sell,235694060
2024-08-29 10:30:21,23100.0,600,Sell,235694059
2024-08-29 10:30:21,23100.0,100,Sell,235694057
2024-08-29 10:30:21,23100.0,300,Sell,235694035
2024-08-29 10:30:21,23100.0,1000,Sell,235694065
2024-08-29 10:30:21,23100.0,10000,Sell,235694033
2024-08-29 10:30:21,23100.0,2000,Sell,235694009
2024-08-29 10:30:21,23100.0,188000,Sell,235694008
2024-08-29 10:30:21,23100.0,100,Sell,235694007
2024-08-29 10:30:21,23100.0,2000,Sell,235694006
2024-08-29 10:30:21,23100.0,200,Sell,235694004
2024-08-29 10:30:21,23100.0,500,Sell,235694003
2024-08-29 10:30:21,23100.0,400,Sell,235694002
2024-08-29 10:30:21,23100.0,200,Sell,235694001
2024-08-29 10:30:21,23100.0,100,Sell,235694010
2024-08-29 10:30:21,23100.0,200,Sell,235694000
2024-08-29 10:30:21,23100.0,40800,Sell,235693998
2024-08-29 10:30:21,23100.0,26700,Sell,235693997
2024-08-29 10:30:21,23100.0,200,Sell,235693996
2024-08-29 10:30:21,23100.0,16400,Sell,235693995
2024-08-29 10:30:21,23100.0,1000,Sell,235693994
2024-08-29 10:30:21,23100.0,1700,Sell,235693993
2024-08-29 10:30:21,23100.0,38100,Sell,235693992
2024-08-29 10:30:21,23100.0,900,Sell,235693990
2024-08-29 10:30:21,23100.0,14400,Sell,235693999
2024-08-29 10:30:21,23100.0,10000,Sell,235694011
2024-08-29 10:30:21,23100.0,400,Sell,235694005
2024-08-29 10:30:21,23100.0,1000,Sell,235694013
2024-08-29 10:30:21,23100.0,10000,Sell,235694032
2024-08-29 10:30:21,23100.0,200,Sell,235694031
2024-08-29 10:30:21,23100.0,1800,Sell,235694030
2024-08-29 10:30:21,23100.0,17700,Sell,235694012
2024-08-29 10:30:21,23100.0,5000,Sell,235694028
2024-08-29 10:30:21,23100.0,500,Sell,235694027
2024-08-29 10:30:21,23100.0,200,Sell,235694026
2024-08-29 10:30:21,23100.0,12900,Sell,235694025
2024-08-29 10:30:21,23100.0,200,Sell,235694024
2024-08-29 10:30:21,23100.0,5000,Sell,235694023
2024-08-29 10:30:21,23100.0,2000,Sell,235694029
2024-08-29 10:30:21,23100.0,100,Sell,235694021
2024-08-29 10:30:21,23100.0,100,Sell,235694022
2024-08-29 10:30:21,23100.0,5000,Sell,235694014
2024-08-29 10:30:21,23100.0,5000,Sell,235694015
2024-08-29 10:30:21,23100.0,200,Sell,235694016
2024-08-29 10:30:21,23100.0,300,Sell,235694034
2024-08-29 10:30:21,23100.0,1500,Sell,235694018
2024-08-29 10:30:21,23100.0,200,Sell,235694017
2024-08-29 10:30:21,23100.0,100,Sell,235694019
2024-08-29 10:30:21,23100.0,100,Sell,235694020
2024-08-29 10:30:22,23100.0,100,Sell,235694105
2024-08-29 10:30:22,23100.0,300,Sell,235694104
2024-08-29 10:30:22,23100.0,3600,Sell,235694106
2024-08-29 10:30:22,23100.0,3000,Sell,235694101
2024-08-29 10:30:22,23100.0,1000,Sell,235694102
2024-08-29 10:30:22,23100.0,2000,Sell,235694103
2024-08-29 10:30:27,23150.0,200,Buy,235694157
2024-08-29 10:30:34,23100.0,10000,Sell,235694266
2024-08-29 10:30:36,23150.0,100,Buy,235694277
2024-08-29 10:30:40,23100.0,3100,Sell,235694361
2024-08-29 10:30:40,23100.0,900,Sell,235694365
2024-08-29 10:30:40,23100.0,500,Sell,235694364
2024-08-29 10:30:40,23100.0,2000,Sell,235694363
2024-08-29 10:30:40,23100.0,6900,Sell,235694362
2024-08-29 10:30:40,23100.0,1300,Sell,235694360
2024-08-29 10:30:40,23100.0,900,Sell,235694358
2024-08-29 10:30:40,23100.0,14500,Sell,235694353
2024-08-29 10:30:40,23100.0,2000,Sell,235694354
2024-08-29 10:30:40,23100.0,2000,Sell,235694359
2024-08-29 10:30:40,23100.0,4500,Sell,235694356
2024-08-29 10:30:40,23100.0,6000,Sell,235694357
2024-08-29 10:30:40,23100.0,2100,Sell,235694355
2024-08-29 10:30:46,23100.0,200,Buy,235694465
2024-08-29 10:30:48,23050.0,100,Sell,235694506
2024-08-29 10:30:48,23050.0,900,Sell,235694507
2024-08-29 10:31:04,23050.0,1000,Sell,235694649
2024-08-29 10:31:08,23100.0,2500,Buy,235694725
2024-08-29 10:31:08,23100.0,5000,Buy,235694723
2024-08-29 10:31:08,23100.0,1800,Buy,235694726
2024-08-29 10:31:08,23100.0,800,Buy,235694721
2024-08-29 10:31:08,23100.0,4700,Buy,235694720
2024-08-29 10:31:08,23100.0,200,Buy,235694722
2024-08-29 10:31:08,23100.0,5000,Buy,235694724
2024-08-29 10:31:10,23050.0,200,Sell,235694742
2024-08-29 10:31:17,23100.0,6200,Buy,235694842
2024-08-29 10:31:17,23100.0,500,Buy,235694843
2024-08-29 10:31:17,23100.0,700,Buy,235694844
2024-08-29 10:31:17,23150.0,28800,Buy,235694845
2024-08-29 10:31:17,23150.0,15200,Buy,235694846
2024-08-29 10:31:17,23150.0,2600,Buy,235694847
2024-08-29 10:31:17,23150.0,500,Buy,235694848
2024-08-29 10:31:17,23150.0,10000,Buy,235694849
2024-08-29 10:31:17,23150.0,500,Buy,235694850
2024-08-29 10:31:33,23100.0,1000,Sell,235695023
