time,price,volume,match_type,id
2024-07-30 09:14:40,22700.0,90300,ATO/ATC,227139604
2024-07-30 09:14:46,22700.0,1000,Sell,227139936
2024-07-30 09:15:16,22750.0,100,Buy,227141003
2024-07-30 09:15:16,22750.0,300,Buy,227141005
2024-07-30 09:15:16,22750.0,500,Buy,227141002
2024-07-30 09:15:16,22750.0,100,Buy,227141004
2024-07-30 09:15:19,22750.0,2100,Buy,227141149
2024-07-30 09:15:19,22750.0,100,Buy,227141148
2024-07-30 09:15:19,22750.0,400,Buy,227141138
2024-07-30 09:15:19,22750.0,200,Buy,227141146
2024-07-30 09:15:19,22750.0,100,Buy,227141147
2024-07-30 09:15:19,22750.0,100,Buy,227141145
2024-07-30 09:15:46,22750.0,100,Buy,227142264
2024-07-30 09:15:47,22750.0,800,Buy,227142321
2024-07-30 09:15:47,22750.0,100,Buy,227142322
2024-07-30 09:15:47,22750.0,100,Buy,227142323
2024-07-30 09:16:05,22750.0,1100,Buy,227142758
2024-07-30 09:16:07,22750.0,1000,Buy,227142788
2024-07-30 09:16:08,22700.0,200,Sell,227142816
2024-07-30 09:16:38,22750.0,300,Buy,227143622
2024-07-30 09:16:50,22700.0,2000,Sell,227143951
2024-07-30 09:16:50,22700.0,100,Sell,227143950
2024-07-30 09:16:50,22700.0,300,Sell,227143949
2024-07-30 09:16:50,22700.0,5000,Sell,227143948
2024-07-30 09:16:50,22700.0,1000,Sell,227143947
2024-07-30 09:16:50,22700.0,100,Sell,227143946
2024-07-30 09:16:50,22700.0,200,Sell,227143945
2024-07-30 09:16:50,22700.0,1000,Sell,227143944
2024-07-30 09:16:50,22700.0,300,Sell,227143943
2024-07-30 09:16:50,22700.0,300,Sell,227143942
2024-07-30 09:16:50,22700.0,100,Sell,227143941
2024-07-30 09:16:50,22700.0,100,Sell,227143940
2024-07-30 09:16:50,22700.0,5000,Sell,227143939
2024-07-30 09:16:50,22700.0,200,Sell,227143938
2024-07-30 09:16:50,22700.0,7100,Sell,227143937
2024-07-30 09:16:51,22750.0,200,Buy,227144065
2024-07-30 09:17:04,22700.0,700,Sell,227144491
2024-07-30 09:17:17,22700.0,100,Sell,227144876
2024-07-30 09:17:17,22700.0,100,Sell,227144875
2024-07-30 09:17:17,22700.0,200,Sell,227144874
2024-07-30 09:17:17,22700.0,100,Sell,227144873
2024-07-30 09:17:17,22700.0,1000,Sell,227144872
2024-07-30 09:17:17,22700.0,2600,Sell,227144868
2024-07-30 09:17:17,22700.0,100,Sell,227144870
2024-07-30 09:17:17,22700.0,5000,Sell,227144869
2024-07-30 09:17:17,22700.0,300,Sell,227144865
2024-07-30 09:17:17,22700.0,100,Sell,227144867
2024-07-30 09:17:17,22700.0,300,Sell,227144866
2024-07-30 09:17:17,22700.0,400,Sell,227144871
2024-07-30 09:17:23,22650.0,2000,Sell,227145106
2024-07-30 09:17:33,22650.0,300,Sell,227145542
2024-07-30 09:17:33,22650.0,300,Sell,227145540
2024-07-30 09:17:33,22650.0,200,Sell,227145539
2024-07-30 09:17:33,22650.0,100,Sell,227145541
2024-07-30 09:17:33,22650.0,100,Sell,227145537
2024-07-30 09:17:33,22650.0,400,Sell,227145536
2024-07-30 09:17:33,22650.0,3000,Sell,227145535
2024-07-30 09:17:33,22650.0,1400,Sell,227145538
2024-07-30 09:17:36,22700.0,2000,Buy,227145652
2024-07-30 09:17:38,22650.0,300,Sell,227145705
2024-07-30 09:17:38,22650.0,100,Sell,227145706
2024-07-30 09:17:38,22650.0,100,Sell,227145707
2024-07-30 09:17:40,22650.0,500,Sell,227145766
2024-07-30 09:17:40,22650.0,200,Sell,227145765
2024-07-30 09:17:40,22650.0,100,Sell,227145764
2024-07-30 09:17:40,22650.0,10000,Sell,227145760
2024-07-30 09:17:40,22650.0,100,Sell,227145762
2024-07-30 09:17:40,22650.0,100,Sell,227145761
2024-07-30 09:17:40,22650.0,500,Sell,227145759
2024-07-30 09:17:40,22650.0,1000,Sell,227145763
2024-07-30 09:17:40,22650.0,200,Sell,227145757
2024-07-30 09:17:40,22650.0,900,Sell,227145751
2024-07-30 09:17:40,22650.0,200,Sell,227145752
2024-07-30 09:17:40,22650.0,100,Sell,227145753
2024-07-30 09:17:40,22650.0,100,Sell,227145758
2024-07-30 09:17:40,22650.0,1000,Sell,227145755
2024-07-30 09:17:40,22650.0,100,Sell,227145756
2024-07-30 09:17:40,22650.0,100,Sell,227145754
2024-07-30 09:17:46,22700.0,2000,Buy,227146038
2024-07-30 09:17:46,22600.0,500,Sell,227146037
2024-07-30 09:17:46,22600.0,500,Sell,227146036
2024-07-30 09:17:46,22600.0,100,Sell,227146014
2024-07-30 09:17:46,22600.0,100,Sell,227146034
2024-07-30 09:17:46,22600.0,1000,Sell,227146033
2024-07-30 09:17:46,22600.0,200,Sell,227146032
2024-07-30 09:17:46,22600.0,900,Sell,227146031
2024-07-30 09:17:46,22600.0,100,Sell,227146030
2024-07-30 09:17:46,22600.0,100,Sell,227146029
2024-07-30 09:17:46,22600.0,1000,Sell,227146016
2024-07-30 09:17:46,22600.0,200,Sell,227146015
2024-07-30 09:17:46,22600.0,300,Sell,227146013
2024-07-30 09:17:46,22600.0,200,Sell,227146035
2024-07-30 09:17:46,22600.0,5000,Sell,227146011
2024-07-30 09:17:46,22650.0,600,Sell,227145998
2024-07-30 09:17:46,22650.0,100,Sell,227145999
2024-07-30 09:17:46,22650.0,5000,Sell,227146000
2024-07-30 09:17:46,22650.0,100,Sell,227146002
2024-07-30 09:17:46,22650.0,2600,Sell,227146003
2024-07-30 09:17:46,22650.0,200,Sell,227146004
2024-07-30 09:17:46,22650.0,100,Sell,227146001
2024-07-30 09:17:46,22650.0,1000,Sell,227146006
2024-07-30 09:17:46,22650.0,200,Sell,227146007
2024-07-30 09:17:46,22650.0,100,Sell,227146008
2024-07-30 09:17:46,22650.0,100,Sell,227146009
2024-07-30 09:17:46,22650.0,200,Sell,227146010
2024-07-30 09:17:46,22650.0,300,Sell,227146005
2024-07-30 09:17:46,22600.0,2000,Sell,227146012
2024-07-30 09:17:53,22650.0,900,Sell,227146368
2024-07-30 09:17:53,22650.0,1000,Sell,227146369
2024-07-30 09:17:55,22650.0,100,Buy,227146504
2024-07-30 09:17:56,22650.0,400,Buy,227146520
2024-07-30 09:17:57,22650.0,1400,Buy,227146553
2024-07-30 09:17:57,22650.0,500,Buy,227146564
2024-07-30 09:17:59,22650.0,100,Buy,227146643
2024-07-30 09:18:01,22650.0,2200,Buy,227146674
2024-07-30 09:18:03,22650.0,100,Buy,227146749
2024-07-30 09:18:03,22650.0,400,Buy,227146748
2024-07-30 09:18:06,22650.0,200,Buy,227146834
2024-07-30 09:18:07,22650.0,100,Buy,227146878
2024-07-30 09:18:09,22650.0,500,Buy,227146929
2024-07-30 09:18:10,22650.0,500,Buy,227146959
2024-07-30 09:18:11,22650.0,100,Buy,227146996
2024-07-30 09:18:12,22650.0,200,Buy,227147000
2024-07-30 09:18:12,22650.0,1000,Buy,227147015
2024-07-30 09:18:15,22650.0,1000,Buy,227147182
2024-07-30 09:18:23,22650.0,500,Buy,227147425
2024-07-30 09:18:28,22650.0,100,Buy,227147628
2024-07-30 09:18:36,22650.0,1100,Buy,227147865
2024-07-30 09:18:36,22650.0,3900,Buy,227147864
2024-07-30 09:19:00,22650.0,10000,Buy,227148781
2024-07-30 09:19:00,22650.0,200,Buy,227148782
2024-07-30 09:19:06,22600.0,300,Sell,227148948
2024-07-30 09:19:06,22600.0,100,Sell,227148949
2024-07-30 09:19:13,22650.0,200,Buy,227149257
2024-07-30 09:19:19,22650.0,10000,Buy,227149512
2024-07-30 09:19:19,22600.0,200,Sell,227149509
2024-07-30 09:19:19,22600.0,200,Sell,227149511
2024-07-30 09:19:19,22600.0,100,Sell,227149507
2024-07-30 09:19:19,22600.0,5000,Sell,227149508
2024-07-30 09:19:19,22600.0,400,Sell,227149505
2024-07-30 09:19:19,22600.0,100,Sell,227149510
2024-07-30 09:19:19,22600.0,2000,Sell,227149506
2024-07-30 09:19:25,22650.0,100,Buy,227149662
2024-07-30 09:19:25,22650.0,1200,Buy,227149671
2024-07-30 09:19:25,22650.0,800,Buy,227149672
2024-07-30 09:19:31,22600.0,500,Sell,227149833
2024-07-30 09:19:39,22650.0,3000,Buy,227150181
2024-07-30 09:19:50,22650.0,100,Buy,227150527
2024-07-30 09:20:04,22650.0,100,Buy,227151019
2024-07-30 09:20:06,22650.0,300,Buy,227151124
2024-07-30 09:20:07,22650.0,100,Buy,227151134
2024-07-30 09:20:10,22650.0,200,Buy,227151202
2024-07-30 09:20:17,22650.0,100,Buy,227151420
2024-07-30 09:20:18,22600.0,100,Sell,227151464
2024-07-30 09:20:19,22650.0,3000,Buy,227151476
2024-07-30 09:20:19,22650.0,200,Buy,227151473
2024-07-30 09:20:19,22650.0,2100,Buy,227151474
2024-07-30 09:20:19,22650.0,100,Buy,227151475
2024-07-30 09:20:27,22650.0,200,Buy,227151676
2024-07-30 09:20:27,22650.0,5200,Buy,227151677
2024-07-30 09:20:27,22650.0,500,Buy,227151720
2024-07-30 09:20:40,22600.0,100,Sell,227152088
2024-07-30 09:20:40,22600.0,100,Sell,227152089
2024-07-30 09:20:42,22600.0,700,Sell,227152174
2024-07-30 09:20:42,22600.0,5000,Sell,227152173
2024-07-30 09:20:42,22600.0,100,Sell,227152171
2024-07-30 09:20:42,22600.0,100,Sell,227152170
2024-07-30 09:20:42,22600.0,300,Sell,227152172
2024-07-30 09:20:42,22600.0,300,Sell,227152168
2024-07-30 09:20:42,22600.0,700,Sell,227152164
2024-07-30 09:20:42,22600.0,5000,Sell,227152165
2024-07-30 09:20:42,22600.0,500,Sell,227152169
2024-07-30 09:20:42,22600.0,1000,Sell,227152167
2024-07-30 09:20:42,22600.0,100,Sell,227152166
2024-07-30 09:20:43,22650.0,100,Buy,227152203
2024-07-30 09:20:51,22650.0,200,Buy,227152414
2024-07-30 09:20:51,22650.0,5200,Buy,227152415
2024-07-30 09:20:55,22650.0,500,Buy,227152558
2024-07-30 09:21:04,22650.0,100,Buy,227152810
2024-07-30 09:21:13,22650.0,200,Buy,227153079
2024-07-30 09:21:16,22650.0,1400,Buy,227153166
2024-07-30 09:21:24,22600.0,3500,Sell,227153380
2024-07-30 09:21:27,22650.0,3700,Buy,227153515
2024-07-30 09:21:27,22650.0,3400,Buy,227153513
2024-07-30 09:21:27,22650.0,200,Buy,227153514
2024-07-30 09:21:35,22600.0,100,Sell,227153752
2024-07-30 09:21:37,22650.0,500,Buy,227153784
2024-07-30 09:21:46,22650.0,10000,Buy,227154052
2024-07-30 09:21:46,22600.0,100,Sell,227154053
2024-07-30 09:21:55,22600.0,700,Sell,227154307
2024-07-30 09:22:00,22650.0,1000,Buy,227154433
2024-07-30 09:22:05,22650.0,200,Buy,227154553
2024-07-30 09:22:05,22650.0,4600,Buy,227154554
2024-07-30 09:22:05,22650.0,600,Buy,227154555
2024-07-30 09:22:13,22650.0,200,Buy,227154822
2024-07-30 09:22:23,22650.0,10000,Buy,227155084
2024-07-30 09:22:31,22650.0,1000,Buy,227155294
2024-07-30 09:22:32,22650.0,200,Buy,227155298
2024-07-30 09:22:33,22650.0,300,Buy,227155316
2024-07-30 09:22:44,22650.0,100,Buy,227155641
2024-07-30 09:22:48,22650.0,200,Buy,227155810
2024-07-30 09:22:48,22650.0,1300,Buy,227155811
2024-07-30 09:22:48,22650.0,6500,Buy,227155809
2024-07-30 09:22:48,22650.0,10000,Buy,227155808
2024-07-30 09:22:49,22650.0,300,Buy,227155832
2024-07-30 09:22:50,22650.0,1000,Buy,227155886
2024-07-30 09:22:51,22650.0,100,Buy,227155902
2024-07-30 09:22:53,22650.0,2300,Buy,227155974
2024-07-30 09:22:53,22650.0,2000,Buy,227155975
2024-07-30 09:22:53,22650.0,100,Buy,227155976
2024-07-30 09:22:53,22650.0,500,Buy,227155977
2024-07-30 09:22:56,22650.0,200,Buy,227156086
2024-07-30 09:22:56,22650.0,800,Buy,227156087
2024-07-30 09:22:58,22650.0,1000,Buy,227156165
2024-07-30 09:22:58,22650.0,10000,Buy,227156166
2024-07-30 09:22:59,22650.0,100,Buy,227156176
2024-07-30 09:23:00,22650.0,100,Buy,227156196
2024-07-30 09:23:01,22650.0,200,Buy,227156213
2024-07-30 09:23:01,22650.0,500,Buy,227156229
2024-07-30 09:23:03,22650.0,500,Buy,227156312
2024-07-30 09:23:06,22650.0,1000,Buy,227156423
2024-07-30 09:23:07,22650.0,5000,Buy,227156440
2024-07-30 09:23:07,22650.0,100,Buy,227156439
2024-07-30 09:23:08,22650.0,700,Buy,227156488
2024-07-30 09:23:08,22650.0,500,Buy,227156489
2024-07-30 09:23:08,22650.0,1700,Buy,227156490
2024-07-30 09:23:08,22650.0,3000,Buy,227156491
2024-07-30 09:23:08,22650.0,500,Buy,227156492
2024-07-30 09:23:08,22650.0,100,Buy,227156493
2024-07-30 09:23:08,22650.0,3500,Buy,227156494
2024-07-30 09:23:08,22650.0,1500,Buy,227156511
2024-07-30 09:23:08,22650.0,1400,Buy,227156512
2024-07-30 09:23:08,22650.0,300,Buy,227156513
2024-07-30 09:23:10,22650.0,5000,Buy,227156551
2024-07-30 09:23:11,22650.0,300,Buy,227156591
2024-07-30 09:23:11,22650.0,1000,Buy,227156592
2024-07-30 09:23:11,22650.0,1400,Buy,227156571
2024-07-30 09:23:11,22650.0,300,Buy,227156570
2024-07-30 09:23:11,22650.0,3300,Buy,227156569
2024-07-30 09:23:11,22650.0,3600,Buy,227156590
2024-07-30 09:23:23,22700.0,100,Buy,227156915
2024-07-30 09:23:36,22700.0,100,Buy,227157257
2024-07-30 09:23:44,22700.0,2000,Buy,227157464
2024-07-30 09:24:12,22700.0,200,Buy,227158200
2024-07-30 09:24:49,22700.0,100,Buy,227159136
2024-07-30 09:25:04,22700.0,1000,Buy,227159581
2024-07-30 09:25:07,22700.0,1000,Buy,227159673
2024-07-30 09:25:08,22650.0,300,Sell,227159704
2024-07-30 09:25:08,22650.0,100,Sell,227159703
2024-07-30 09:25:08,22650.0,4800,Sell,227159705
2024-07-30 09:25:08,22650.0,100,Sell,227159701
2024-07-30 09:25:08,22650.0,2000,Sell,227159700
2024-07-30 09:25:08,22650.0,100,Sell,227159699
2024-07-30 09:25:08,22650.0,100,Sell,227159702
2024-07-30 09:25:28,22650.0,5200,Sell,227160244
2024-07-30 09:25:28,22650.0,2000,Sell,227160245
2024-07-30 09:25:28,22650.0,800,Sell,227160246
2024-07-30 09:26:23,22650.0,3200,Sell,227161699
2024-07-30 09:26:23,22650.0,200,Sell,227161698
2024-07-30 09:26:23,22650.0,100,Sell,227161697
2024-07-30 09:26:23,22650.0,1000,Sell,227161696
2024-07-30 09:26:23,22650.0,100,Sell,227161695
2024-07-30 09:26:23,22650.0,10000,Sell,227161692
2024-07-30 09:26:23,22650.0,1000,Sell,227161693
2024-07-30 09:26:23,22650.0,100,Sell,227161691
2024-07-30 09:26:23,22650.0,100,Sell,227161690
2024-07-30 09:26:23,22650.0,4200,Sell,227161689
2024-07-30 09:26:23,22650.0,5000,Sell,227161694
2024-07-30 09:26:30,22650.0,200,Sell,227161937
2024-07-30 09:27:06,22700.0,1200,Buy,227162914
2024-07-30 09:27:06,22700.0,1600,Buy,227162915
2024-07-30 09:27:19,22700.0,100,Buy,227163272
2024-07-30 09:27:19,22700.0,100,Buy,227163283
2024-07-30 09:27:25,22700.0,500,Buy,227163557
2024-07-30 09:27:30,22700.0,200,Buy,227163725
2024-07-30 09:27:32,22700.0,200,Buy,227163755
2024-07-30 09:27:32,22700.0,100,Buy,227163790
2024-07-30 09:27:34,22700.0,200,Buy,227163851
2024-07-30 09:27:34,22700.0,400,Buy,227163855
2024-07-30 09:27:36,22700.0,100,Buy,227163884
2024-07-30 09:27:51,22700.0,500,Buy,227164243
2024-07-30 09:28:02,22700.0,100,Buy,227164577
2024-07-30 09:28:10,22700.0,1000,Buy,227164823
2024-07-30 09:28:28,22700.0,1000,Buy,227165421
2024-07-30 09:28:31,22700.0,5000,Buy,227165480
2024-07-30 09:28:41,22700.0,200,Buy,227165818
2024-07-30 09:28:47,22700.0,200,Buy,227166008
2024-07-30 09:28:55,22700.0,100,Buy,227166305
2024-07-30 09:29:17,22700.0,200,Buy,227167094
2024-07-30 09:29:18,22650.0,500,Sell,227167135
2024-07-30 09:29:20,22700.0,500,Buy,227167266
2024-07-30 09:29:30,22700.0,1200,Buy,227167573
2024-07-30 09:29:38,22700.0,100,Buy,227167878
2024-07-30 09:29:42,22700.0,200,Buy,227167980
2024-07-30 09:29:46,22700.0,5000,Buy,227168107
2024-07-30 09:29:47,22700.0,200,Buy,227168159
2024-07-30 09:29:47,22700.0,1000,Buy,227168160
2024-07-30 09:29:47,22700.0,500,Buy,227168161
2024-07-30 09:29:47,22700.0,500,Buy,227168162
2024-07-30 09:29:47,22700.0,3200,Buy,227168163
2024-07-30 09:29:57,22700.0,1000,Buy,227168484
2024-07-30 09:29:57,22700.0,200,Buy,227168486
2024-07-30 09:29:57,22700.0,5200,Buy,227168487
2024-07-30 09:30:01,22700.0,2000,Buy,227168597
2024-07-30 09:30:02,22650.0,2200,Sell,227168643
2024-07-30 09:30:02,22650.0,100,Sell,227168641
2024-07-30 09:30:02,22650.0,7000,Sell,227168642
2024-07-30 09:30:02,22650.0,5200,Sell,227168640
2024-07-30 09:30:02,22650.0,500,Sell,227168635
2024-07-30 09:30:02,22650.0,5200,Sell,227168638
2024-07-30 09:30:02,22650.0,200,Sell,227168639
2024-07-30 09:30:02,22650.0,2100,Sell,227168634
2024-07-30 09:30:02,22650.0,200,Sell,227168637
2024-07-30 09:30:02,22650.0,100,Sell,227168636
2024-07-30 09:30:09,22700.0,1000,Buy,227168968
2024-07-30 09:30:10,22700.0,400,Buy,227168974
2024-07-30 09:30:10,22700.0,100,Buy,227168975
2024-07-30 09:30:18,22700.0,20000,Buy,227169268
2024-07-30 09:30:21,22650.0,2800,Sell,227169403
2024-07-30 09:30:21,22650.0,2700,Sell,227169404
2024-07-30 09:30:22,22700.0,200,Buy,227169437
2024-07-30 09:30:22,22700.0,2000,Buy,227169447
2024-07-30 09:30:30,22700.0,200,Buy,227169674
2024-07-30 09:30:34,22700.0,100,Buy,227169798
2024-07-30 09:30:34,22700.0,400,Buy,227169797
2024-07-30 09:30:34,22700.0,500,Buy,227169796
2024-07-30 09:30:36,22700.0,200,Buy,227169824
2024-07-30 09:30:38,22700.0,700,Buy,227169894
2024-07-30 09:30:38,22700.0,1300,Buy,227169895
2024-07-30 09:30:43,22700.0,5000,Buy,227170030
2024-07-30 09:30:49,22700.0,5000,Buy,227170248
2024-07-30 09:30:54,22700.0,200,Buy,227170445
2024-07-30 09:30:59,22700.0,3500,Buy,227170592
2024-07-30 09:30:59,22700.0,16500,Buy,227170593
2024-07-30 09:30:59,22700.0,10000,Buy,227170604
2024-07-30 09:31:06,22700.0,100,Buy,227170791
2024-07-30 09:31:08,22700.0,1600,Buy,227170835
2024-07-30 09:31:08,22700.0,400,Buy,227170834
2024-07-30 09:31:08,22700.0,1000,Buy,227170836
2024-07-30 09:31:11,22700.0,100,Buy,227170910
2024-07-30 09:31:11,22700.0,2000,Buy,227170902
2024-07-30 09:31:11,22700.0,400,Buy,227170909
2024-07-30 09:31:14,22700.0,100,Buy,227170993
2024-07-30 09:31:15,22700.0,1000,Buy,227171026
2024-07-30 09:31:20,22700.0,1500,Buy,227171177
2024-07-30 09:31:20,22700.0,5000,Buy,227171204
2024-07-30 09:31:22,22700.0,100,Buy,227171255
2024-07-30 09:31:26,22700.0,200,Buy,227171389
2024-07-30 09:31:31,22700.0,500,Buy,227171573
2024-07-30 09:31:32,22700.0,1000,Buy,227171595
2024-07-30 09:31:38,22650.0,200,Sell,227171706
2024-07-30 09:31:39,22700.0,200,Buy,227171736
2024-07-30 09:31:43,22700.0,900,Buy,227171873
2024-07-30 09:31:43,22700.0,4100,Buy,227171872
2024-07-30 09:31:46,22700.0,200,Buy,227171961
2024-07-30 09:31:48,22700.0,100,Buy,227172006
2024-07-30 09:31:50,22700.0,300,Buy,227172065
2024-07-30 09:31:50,22700.0,5000,Buy,227172090
2024-07-30 09:31:58,22650.0,200,Sell,227172333
2024-07-30 09:32:05,22650.0,100,Sell,227172537
2024-07-30 09:32:08,22700.0,300,Buy,227172638
2024-07-30 09:32:08,22700.0,10000,Buy,227172649
2024-07-30 09:32:13,22700.0,500,Buy,227172776
2024-07-30 09:32:17,22700.0,500,Buy,227172897
2024-07-30 09:32:18,22650.0,200,Sell,227172922
2024-07-30 09:32:21,22700.0,100,Buy,227173105
2024-07-30 09:32:27,22700.0,300,Buy,227173298
2024-07-30 09:32:38,22650.0,200,Sell,227173597
2024-07-30 09:32:38,22700.0,3000,Buy,227173592
2024-07-30 09:32:47,22650.0,100,Sell,227173801
2024-07-30 09:32:50,22700.0,200,Buy,227173857
2024-07-30 09:32:51,22700.0,1000,Buy,227173888
2024-07-30 09:32:58,22650.0,200,Sell,227174084
2024-07-30 09:33:01,22700.0,400,Buy,227174147
2024-07-30 09:33:01,22700.0,4000,Buy,227174148
2024-07-30 09:33:11,22700.0,100,Buy,227174381
2024-07-30 09:33:18,22650.0,200,Sell,227174530
2024-07-30 09:33:22,22700.0,100,Buy,227174617
2024-07-30 09:33:24,22700.0,4900,Buy,227174658
2024-07-30 09:33:29,22650.0,100,Sell,227174772
2024-07-30 09:33:33,22700.0,7500,Buy,227174883
2024-07-30 09:33:36,22700.0,3000,Buy,227174987
2024-07-30 09:33:36,22700.0,900,Buy,227174988
2024-07-30 09:33:38,22650.0,200,Sell,227175046
2024-07-30 09:33:40,22700.0,100,Buy,227175083
2024-07-30 09:33:48,22700.0,100,Buy,227175301
2024-07-30 09:33:58,22650.0,200,Sell,227175609
2024-07-30 09:34:08,22700.0,200,Buy,227175831
2024-07-30 09:34:08,22700.0,5200,Buy,227175832
2024-07-30 09:34:09,22700.0,200,Buy,227175861
2024-07-30 09:34:10,22700.0,200,Buy,227175874
2024-07-30 09:34:10,22650.0,100,Sell,227175876
2024-07-30 09:34:13,22700.0,1000,Buy,227175957
2024-07-30 09:34:14,22700.0,4800,Buy,227176002
2024-07-30 09:34:14,22700.0,100,Buy,227176003
2024-07-30 09:34:14,22700.0,100,Buy,227176004
2024-07-30 09:34:17,22700.0,100,Buy,227176077
2024-07-30 09:34:18,22650.0,200,Sell,227176133
2024-07-30 09:34:20,22700.0,200,Buy,227176153
2024-07-30 09:34:20,22700.0,5200,Buy,227176154
2024-07-30 09:34:23,22700.0,4400,Buy,227176232
2024-07-30 09:34:23,22700.0,100,Buy,227176231
2024-07-30 09:34:24,22700.0,1500,Buy,227176288
2024-07-30 09:34:29,22700.0,100,Buy,227176389
2024-07-30 09:34:35,22700.0,100,Buy,227176545
2024-07-30 09:34:37,22700.0,1400,Buy,227176575
2024-07-30 09:34:37,22700.0,3600,Buy,227176574
2024-07-30 09:34:38,22700.0,100,Buy,227176580
2024-07-30 09:34:39,22700.0,6100,Buy,227176591
2024-07-30 09:34:39,22700.0,200,Sell,227176592
2024-07-30 09:34:39,22700.0,3900,Sell,227176593
2024-07-30 09:34:42,22650.0,100,Sell,227176655
2024-07-30 09:34:42,22650.0,900,Sell,227176656
2024-07-30 09:34:46,22700.0,800,Buy,227176730
2024-07-30 09:34:50,22700.0,100,Buy,227176863
2024-07-30 09:34:51,22700.0,2900,Buy,227176883
2024-07-30 09:34:52,22700.0,100,Sell,227176913
2024-07-30 09:34:59,22700.0,200,Sell,227177110
2024-07-30 09:35:07,22700.0,1300,Sell,227177306
2024-07-30 09:35:08,22700.0,300,Sell,227177336
2024-07-30 09:35:08,22700.0,200,Sell,227177335
2024-07-30 09:35:08,22700.0,500,Sell,227177334
2024-07-30 09:35:19,22700.0,200,Sell,227177567
2024-07-30 09:35:23,22750.0,4000,Buy,227177657
2024-07-30 09:35:33,22750.0,200,Buy,227177913
2024-07-30 09:35:34,22700.0,100,Sell,227177939
2024-07-30 09:35:39,22700.0,200,Sell,227178042
2024-07-30 09:35:45,22750.0,200,Buy,227178222
2024-07-30 09:35:45,22750.0,5200,Buy,227178223
2024-07-30 09:35:59,22700.0,200,Sell,227178476
2024-07-30 09:36:16,22700.0,200,Sell,227178860
2024-07-30 09:36:16,22700.0,100,Sell,227178862
2024-07-30 09:36:19,22700.0,200,Sell,227178919
2024-07-30 09:36:32,22750.0,400,Buy,227179177
2024-07-30 09:36:39,22700.0,200,Sell,227179328
2024-07-30 09:36:58,22700.0,100,Sell,227179807
2024-07-30 09:36:59,22700.0,200,Sell,227179842
2024-07-30 09:37:06,22750.0,100,Buy,227180008
2024-07-30 09:37:20,22700.0,200,Sell,227180343
2024-07-30 09:37:38,22700.0,200,Sell,227180797
2024-07-30 09:37:38,22700.0,1000,Sell,227180796
2024-07-30 09:37:38,22700.0,100,Sell,227180794
2024-07-30 09:37:38,22700.0,12200,Sell,227180793
2024-07-30 09:37:38,22700.0,2000,Sell,227180795
2024-07-30 09:37:38,22700.0,300,Sell,227180791
2024-07-30 09:37:38,22700.0,2500,Sell,227180790
2024-07-30 09:37:38,22700.0,200,Sell,227180789
2024-07-30 09:37:38,22700.0,3300,Sell,227180788
2024-07-30 09:37:38,22700.0,1000,Sell,227180792
2024-07-30 09:37:40,22700.0,200,Sell,227180856
2024-07-30 09:37:40,22700.0,100,Sell,227180857
2024-07-30 09:37:45,22700.0,700,Sell,227180994
2024-07-30 09:37:45,22700.0,300,Sell,227180995
2024-07-30 09:37:47,22700.0,900,Sell,227181058
2024-07-30 09:37:47,22700.0,200,Sell,227181057
2024-07-30 09:37:47,22700.0,500,Sell,227181054
2024-07-30 09:37:47,22700.0,100,Sell,227181055
2024-07-30 09:37:47,22700.0,200,Sell,227181053
2024-07-30 09:37:47,22700.0,100,Sell,227181056
2024-07-30 09:37:56,22700.0,100,Sell,227181238
2024-07-30 09:37:56,22700.0,1100,Sell,227181237
2024-07-30 09:37:56,22700.0,100,Sell,227181236
2024-07-30 09:37:56,22700.0,100,Sell,227181235
2024-07-30 09:37:56,22700.0,1500,Sell,227181234
2024-07-30 09:37:56,22700.0,500,Sell,227181233
2024-07-30 09:37:56,22700.0,600,Sell,227181232
2024-07-30 09:37:56,22700.0,300,Sell,227181231
2024-07-30 09:37:56,22700.0,1000,Sell,227181229
2024-07-30 09:37:56,22700.0,1800,Sell,227181230
2024-07-30 09:37:56,22700.0,100,Sell,227181228
2024-07-30 09:37:56,22700.0,100,Sell,227181224
2024-07-30 09:37:56,22700.0,1000,Sell,227181226
2024-07-30 09:37:56,22700.0,4300,Sell,227181216
2024-07-30 09:37:56,22700.0,100,Sell,227181217
2024-07-30 09:37:56,22700.0,200,Sell,227181218
2024-07-30 09:37:56,22700.0,100,Sell,227181219
2024-07-30 09:37:56,22700.0,2000,Sell,227181227
2024-07-30 09:37:56,22700.0,1000,Sell,227181221
2024-07-30 09:37:56,22700.0,500,Sell,227181222
2024-07-30 09:37:56,22700.0,5000,Sell,227181223
2024-07-30 09:37:56,22700.0,100,Sell,227181225
2024-07-30 09:37:56,22700.0,100,Sell,227181220
2024-07-30 09:38:00,22650.0,200,Sell,227181326
2024-07-30 09:38:18,22650.0,200,Sell,227181766
2024-07-30 09:38:18,22650.0,400,Sell,227181767
2024-07-30 09:38:18,22650.0,500,Sell,227181764
2024-07-30 09:38:18,22650.0,5000,Sell,227181765
2024-07-30 09:38:18,22650.0,3900,Sell,227181763
2024-07-30 09:38:20,22650.0,100,Sell,227181786
2024-07-30 09:38:20,22650.0,100,Sell,227181787
2024-07-30 09:38:21,22650.0,100,Sell,227181826
2024-07-30 09:38:22,22650.0,100,Sell,227181836
2024-07-30 09:38:40,22650.0,200,Sell,227182166
2024-07-30 09:38:54,22700.0,1000,Buy,227182416
2024-07-30 09:39:00,22650.0,200,Sell,227182567
2024-07-30 09:39:03,22650.0,100,Sell,227182690
2024-07-30 09:39:05,22700.0,100,Buy,227182718
2024-07-30 09:39:05,22700.0,900,Buy,227182719
2024-07-30 09:39:11,22700.0,100,Buy,227182854
2024-07-30 09:39:20,22650.0,200,Sell,227183053
2024-07-30 09:39:37,22700.0,200,Buy,227183380
2024-07-30 09:39:37,22700.0,1000,Buy,227183353
2024-07-30 09:39:38,22700.0,100,Buy,227183395
2024-07-30 09:39:40,22650.0,200,Sell,227183445
2024-07-30 09:39:45,22650.0,100,Sell,227183539
2024-07-30 09:40:00,22650.0,200,Sell,227183806
2024-07-30 09:40:14,22650.0,200,Sell,227184145
2024-07-30 09:40:17,22700.0,300,Buy,227184190
2024-07-30 09:40:20,22650.0,200,Sell,227184246
2024-07-30 09:40:27,22650.0,100,Sell,227184440
2024-07-30 09:40:28,22650.0,100,Sell,227184479
2024-07-30 09:40:40,22650.0,200,Sell,227184695
2024-07-30 09:40:41,22650.0,200,Sell,227184707
2024-07-30 09:41:01,22650.0,200,Sell,227185169
2024-07-30 09:41:03,22650.0,100,Sell,227185201
2024-07-30 09:41:03,22650.0,100,Sell,227185202
2024-07-30 09:41:03,22650.0,800,Sell,227185203
2024-07-30 09:41:09,22650.0,100,Sell,227185351
2024-07-30 09:41:21,22650.0,100,Sell,227185587
2024-07-30 09:41:21,22650.0,100,Sell,227185588
2024-07-30 09:41:22,22650.0,100,Sell,227185607
2024-07-30 09:41:22,22650.0,200,Sell,227185608
2024-07-30 09:41:22,22650.0,1000,Sell,227185609
2024-07-30 09:41:22,22650.0,300,Sell,227185610
2024-07-30 09:41:22,22650.0,500,Sell,227185611
2024-07-30 09:41:22,22650.0,100,Sell,227185612
2024-07-30 09:41:22,22650.0,800,Sell,227185613
2024-07-30 09:41:41,22650.0,200,Sell,227185983
2024-07-30 09:41:45,22700.0,1000,Buy,227186058
2024-07-30 09:41:51,22650.0,100,Sell,227186220
2024-07-30 09:42:01,22650.0,200,Sell,227186383
2024-07-30 09:42:18,22700.0,500,Buy,227186652
2024-07-30 09:42:18,22700.0,400,Buy,227186651
2024-07-30 09:42:18,22700.0,13000,Buy,227186649
2024-07-30 09:42:18,22700.0,100,Buy,227186650
2024-07-30 09:42:18,22700.0,4000,Buy,227186648
2024-07-30 09:42:21,22650.0,200,Sell,227186693
2024-07-30 09:42:33,22650.0,100,Sell,227186854
2024-07-30 09:42:41,22700.0,200,Sell,227187032
2024-07-30 09:43:01,22700.0,200,Sell,227187461
2024-07-30 09:43:15,22700.0,100,Sell,227187713
2024-07-30 09:43:21,22700.0,200,Sell,227187933
2024-07-30 09:43:23,22700.0,100,Sell,227187963
2024-07-30 09:43:25,22700.0,900,Sell,227188013
2024-07-30 09:43:25,22700.0,200,Sell,227188014
2024-07-30 09:43:25,22700.0,500,Sell,227188015
2024-07-30 09:43:25,22700.0,300,Sell,227188016
2024-07-30 09:43:25,22700.0,200,Sell,227188017
2024-07-30 09:43:36,22700.0,1400,Buy,227188278
2024-07-30 09:43:38,22700.0,100,Buy,227188301
2024-07-30 09:43:40,22700.0,10000,Buy,227188358
2024-07-30 09:43:41,22700.0,100,Buy,227188364
2024-07-30 09:43:42,22650.0,200,Sell,227188377
2024-07-30 09:43:45,22700.0,500,Buy,227188465
2024-07-30 09:43:57,22700.0,500,Buy,227188700
2024-07-30 09:43:57,22650.0,100,Sell,227188712
2024-07-30 09:44:02,22650.0,100,Sell,227188824
2024-07-30 09:44:02,22650.0,100,Sell,227188825
2024-07-30 09:44:22,22650.0,100,Sell,227189201
2024-07-30 09:44:22,22650.0,100,Sell,227189202
2024-07-30 09:44:39,22650.0,100,Sell,227189558
2024-07-30 09:44:42,22650.0,200,Sell,227189600
2024-07-30 09:45:02,22650.0,200,Sell,227190058
2024-07-30 09:45:03,22650.0,100,Sell,227190082
2024-07-30 09:45:09,22650.0,100,Sell,227190167
2024-07-30 09:45:21,22650.0,100,Sell,227190411
2024-07-30 09:45:21,22700.0,100,Buy,227190398
2024-07-30 09:45:22,22650.0,200,Sell,227190420
2024-07-30 09:45:42,22650.0,100,Sell,227190824
2024-07-30 09:45:42,22650.0,100,Sell,227190825
2024-07-30 09:45:47,22650.0,100,Sell,227190920
2024-07-30 09:45:47,22650.0,100,Sell,227190921
2024-07-30 09:45:47,22650.0,700,Sell,227190922
2024-07-30 09:45:58,22650.0,100,Sell,227191150
2024-07-30 09:46:02,22650.0,200,Sell,227191250
2024-07-30 09:46:03,22650.0,100,Sell,227191268
2024-07-30 09:46:22,22650.0,200,Sell,227191688
2024-07-30 09:46:35,22700.0,200,Buy,227191953
2024-07-30 09:46:35,22700.0,5200,Buy,227191954
2024-07-30 09:46:39,22700.0,1000,Buy,227192226
2024-07-30 09:46:42,22650.0,200,Sell,227192289
2024-07-30 09:46:45,22650.0,100,Sell,227192330
2024-07-30 09:46:48,22700.0,200,Buy,227192370
2024-07-30 09:46:48,22700.0,1400,Buy,227192371
2024-07-30 09:46:48,22700.0,100,Buy,227192372
2024-07-30 09:46:48,22700.0,3700,Buy,227192373
2024-07-30 09:46:54,22700.0,100,Buy,227192483
2024-07-30 09:47:03,22650.0,100,Sell,227192685
2024-07-30 09:47:03,22650.0,100,Sell,227192686
2024-07-30 09:47:04,22700.0,100,Buy,227192699
2024-07-30 09:47:16,22700.0,100,Buy,227192982
2024-07-30 09:47:23,22650.0,200,Sell,227193213
2024-07-30 09:47:23,22650.0,100,Sell,227193204
2024-07-30 09:47:23,22650.0,100,Sell,227193203
2024-07-30 09:47:27,22650.0,100,Sell,227193288
2024-07-30 09:47:28,22700.0,3100,Buy,227193307
2024-07-30 09:47:28,22700.0,100,Buy,227193308
2024-07-30 09:47:28,22700.0,400,Buy,227193309
2024-07-30 09:47:43,22650.0,200,Sell,227193647
2024-07-30 09:47:43,22700.0,1000,Buy,227193677
2024-07-30 09:47:46,22700.0,100,Buy,227193695
2024-07-30 09:47:48,22700.0,300,Buy,227193720
2024-07-30 09:47:59,22650.0,100,Sell,227193964
2024-07-30 09:48:02,22700.0,600,Buy,227194025
2024-07-30 09:48:03,22650.0,200,Sell,227194038
2024-07-30 09:48:06,22650.0,1000,Sell,227194159
2024-07-30 09:48:06,22650.0,5200,Sell,227194158
2024-07-30 09:48:06,22650.0,200,Sell,227194157
2024-07-30 09:48:06,22650.0,5000,Sell,227194151
2024-07-30 09:48:06,22650.0,100,Sell,227194154
2024-07-30 09:48:06,22650.0,1000,Sell,227194153
2024-07-30 09:48:06,22650.0,100,Sell,227194152
2024-07-30 09:48:06,22650.0,5000,Sell,227194150
2024-07-30 09:48:06,22650.0,500,Sell,227194144
2024-07-30 09:48:06,22650.0,4000,Sell,227194148
2024-07-30 09:48:06,22650.0,25000,Sell,227194147
2024-07-30 09:48:06,22650.0,200,Sell,227194146
2024-07-30 09:48:06,22650.0,20000,Sell,227194145
2024-07-30 09:48:06,22650.0,100,Sell,227194160
2024-07-30 09:48:06,22650.0,1000,Sell,227194143
2024-07-30 09:48:06,22650.0,7800,Sell,227194142
2024-07-30 09:48:06,22650.0,200,Sell,227194141
2024-07-30 09:48:06,22650.0,100,Sell,227194140
2024-07-30 09:48:06,22650.0,100,Sell,227194149
2024-07-30 09:48:06,22650.0,5000,Sell,227194161
2024-07-30 09:48:06,22650.0,1400,Sell,227194166
2024-07-30 09:48:06,22650.0,200,Sell,227194163
2024-07-30 09:48:06,22650.0,100,Sell,227194182
2024-07-30 09:48:06,22650.0,100,Sell,227194181
2024-07-30 09:48:06,22650.0,1000,Sell,227194180
2024-07-30 09:48:06,22650.0,100,Sell,227194179
2024-07-30 09:48:06,22650.0,400,Sell,227194178
2024-07-30 09:48:06,22650.0,1000,Sell,227194177
2024-07-30 09:48:06,22650.0,1000,Sell,227194176
2024-07-30 09:48:06,22650.0,100,Sell,227194175
2024-07-30 09:48:06,22650.0,100,Sell,227194174
2024-07-30 09:48:06,22650.0,100,Sell,227194173
2024-07-30 09:48:06,22650.0,1000,Sell,227194172
2024-07-30 09:48:06,22650.0,1000,Sell,227194171
2024-07-30 09:48:06,22650.0,1000,Sell,227194170
2024-07-30 09:48:06,22650.0,5000,Sell,227194169
2024-07-30 09:48:06,22650.0,300,Sell,227194168
2024-07-30 09:48:06,22650.0,200,Sell,227194167
2024-07-30 09:48:06,22650.0,100,Sell,227194139
2024-07-30 09:48:06,22650.0,200,Sell,227194165
2024-07-30 09:48:06,22650.0,100,Sell,227194164
2024-07-30 09:48:06,22650.0,100,Sell,227194162
2024-07-30 09:48:06,22650.0,200,Sell,227194138
2024-07-30 09:48:06,22650.0,500,Sell,227194156
2024-07-30 09:48:06,22650.0,2000,Sell,227194136
2024-07-30 09:48:06,22650.0,300,Sell,227194112
2024-07-30 09:48:06,22650.0,300,Sell,227194111
2024-07-30 09:48:06,22650.0,100,Sell,227194110
2024-07-30 09:48:06,22650.0,100,Sell,227194109
2024-07-30 09:48:06,22650.0,100,Sell,227194108
2024-07-30 09:48:06,22650.0,100,Sell,227194107
2024-07-30 09:48:06,22650.0,100,Sell,227194106
2024-07-30 09:48:06,22650.0,1000,Sell,227194105
2024-07-30 09:48:06,22650.0,1200,Sell,227194104
2024-07-30 09:48:06,22650.0,500,Sell,227194113
2024-07-30 09:48:06,22650.0,500,Sell,227194103
2024-07-30 09:48:06,22650.0,4200,Sell,227194101
2024-07-30 09:48:06,22650.0,2000,Sell,227194100
2024-07-30 09:48:06,22650.0,200,Sell,227194099
2024-07-30 09:48:06,22650.0,100,Sell,227194098
2024-07-30 09:48:06,22650.0,200,Sell,227194097
2024-07-30 09:48:06,22650.0,500,Sell,227194096
2024-07-30 09:48:06,22650.0,10000,Sell,227194095
2024-07-30 09:48:06,22650.0,200,Sell,227194094
2024-07-30 09:48:06,22650.0,100,Sell,227194137
2024-07-30 09:48:06,22650.0,1000,Sell,227194102
2024-07-30 09:48:06,22650.0,300,Sell,227194114
2024-07-30 09:48:06,22650.0,200,Sell,227194155
2024-07-30 09:48:06,22650.0,1000,Sell,227194116
2024-07-30 09:48:06,22650.0,700,Sell,227194134
2024-07-30 09:48:06,22650.0,200,Sell,227194133
2024-07-30 09:48:06,22650.0,200,Sell,227194132
2024-07-30 09:48:06,22650.0,2500,Sell,227194131
2024-07-30 09:48:06,22650.0,2000,Sell,227194130
2024-07-30 09:48:06,22650.0,100,Sell,227194129
2024-07-30 09:48:06,22650.0,1000,Sell,227194128
2024-07-30 09:48:06,22650.0,600,Sell,227194127
2024-07-30 09:48:06,22650.0,2000,Sell,227194126
2024-07-30 09:48:06,22650.0,500,Sell,227194135
2024-07-30 09:48:06,22650.0,100,Sell,227194124
2024-07-30 09:48:06,22650.0,300,Sell,227194123
2024-07-30 09:48:06,22650.0,100,Sell,227194122
2024-07-30 09:48:06,22650.0,5000,Sell,227194121
2024-07-30 09:48:06,22650.0,500,Sell,227194115
2024-07-30 09:48:06,22650.0,200,Sell,227194120
2024-07-30 09:48:06,22650.0,500,Sell,227194119
2024-07-30 09:48:06,22650.0,5000,Sell,227194118
2024-07-30 09:48:06,22650.0,200,Sell,227194117
2024-07-30 09:48:06,22650.0,100,Sell,227194125
2024-07-30 09:48:09,22650.0,100,Sell,227194231
2024-07-30 09:48:19,22700.0,100,Buy,227194708
2024-07-30 09:48:23,22650.0,100,Sell,227194824
2024-07-30 09:48:23,22650.0,100,Sell,227194825
2024-07-30 09:48:28,22650.0,100,Sell,227194919
2024-07-30 09:48:28,22650.0,200,Sell,227194918
2024-07-30 09:48:28,22650.0,100,Sell,227194916
2024-07-30 09:48:28,22650.0,100,Sell,227194915
2024-07-30 09:48:28,22650.0,1500,Sell,227194917
2024-07-30 09:48:39,22650.0,100,Sell,227195111
2024-07-30 09:48:43,22650.0,200,Sell,227195220
2024-07-30 09:48:51,22650.0,100,Sell,227195399
2024-07-30 09:49:03,22650.0,200,Sell,227195654
2024-07-30 09:49:09,22650.0,400,Sell,227195725
2024-07-30 09:49:09,22650.0,2600,Sell,227195726
2024-07-30 09:49:14,22650.0,600,Sell,227195833
2024-07-30 09:49:23,22650.0,200,Sell,227196037
2024-07-30 09:49:25,22700.0,300,Buy,227196097
2024-07-30 09:49:29,22700.0,5900,Buy,227196180
2024-07-30 09:49:33,22650.0,100,Sell,227196237
2024-07-30 09:49:36,22700.0,7900,Buy,227196301
2024-07-30 09:49:36,22700.0,10800,Buy,227196302
2024-07-30 09:49:36,22700.0,1300,Buy,227196300
2024-07-30 09:49:37,22700.0,100,Buy,227196309
2024-07-30 09:49:44,22650.0,200,Sell,227196468
2024-07-30 09:49:54,22650.0,200,Sell,227196783
2024-07-30 09:49:59,22650.0,1100,Sell,227196864
2024-07-30 09:49:59,22650.0,900,Sell,227196865
2024-07-30 09:50:04,22650.0,200,Sell,227196962
2024-07-30 09:50:11,22650.0,100,Sell,227197113
2024-07-30 09:50:15,22650.0,100,Sell,227197200
2024-07-30 09:50:22,22650.0,200,Sell,227197384
2024-07-30 09:50:24,22650.0,200,Sell,227197432
2024-07-30 09:50:29,22700.0,200,Buy,227197592
2024-07-30 09:50:29,22650.0,2000,Sell,227197595
2024-07-30 09:50:29,22700.0,1900,Buy,227197596
2024-07-30 09:50:29,22700.0,1100,Buy,227197597
2024-07-30 09:50:44,22650.0,200,Sell,227198002
2024-07-30 09:50:45,22700.0,1000,Buy,227198026
2024-07-30 09:50:58,22650.0,100,Sell,227198278
2024-07-30 09:51:04,22650.0,200,Sell,227198393
2024-07-30 09:51:24,22650.0,1400,Sell,227198847
2024-07-30 09:51:24,22650.0,100,Sell,227198845
2024-07-30 09:51:24,22650.0,200,Sell,227198846
2024-07-30 09:51:24,22650.0,200,Sell,227198844
2024-07-30 09:51:35,22650.0,100,Sell,227199065
2024-07-30 09:51:35,22650.0,100,Sell,227199066
2024-07-30 09:51:35,22650.0,1800,Sell,227199067
2024-07-30 09:51:35,22650.0,100,Sell,227199127
2024-07-30 09:51:40,22650.0,100,Sell,227199234
2024-07-30 09:51:44,22650.0,200,Sell,227199365
2024-07-30 09:52:04,22650.0,200,Sell,227199839
2024-07-30 09:52:22,22650.0,100,Sell,227200169
2024-07-30 09:52:24,22650.0,200,Sell,227200209
2024-07-30 09:52:45,22650.0,200,Sell,227200625
2024-07-30 09:52:51,22650.0,100,Sell,227200735
2024-07-30 09:52:52,22700.0,1600,Buy,227200755
2024-07-30 09:52:53,22700.0,100,Buy,227200766
2024-07-30 09:53:04,22650.0,100,Sell,227201038
2024-07-30 09:53:05,22650.0,200,Sell,227201064
2024-07-30 09:53:13,22650.0,300,Sell,227201208
2024-07-30 09:53:25,22650.0,200,Sell,227201421
2024-07-30 09:53:39,22650.0,200,Sell,227201778
2024-07-30 09:53:45,22650.0,100,Sell,227201865
2024-07-30 09:53:45,22650.0,100,Sell,227201866
2024-07-30 09:53:46,22650.0,100,Sell,227201882
2024-07-30 09:54:05,22650.0,200,Sell,227202248
2024-07-30 09:54:09,22650.0,2000,Sell,227202355
2024-07-30 09:54:10,22650.0,100,Sell,227202363
2024-07-30 09:54:10,22650.0,8300,Sell,227202364
2024-07-30 09:54:10,22650.0,11600,Sell,227202362
2024-07-30 09:54:22,22700.0,100,Buy,227202647
2024-07-30 09:54:25,22650.0,200,Sell,227202729
2024-07-30 09:54:28,22650.0,100,Sell,227202771
2024-07-30 09:54:30,22700.0,1000,Buy,227202810
2024-07-30 09:54:45,22650.0,200,Sell,227203124
2024-07-30 09:54:50,22700.0,100,Buy,227203218
2024-07-30 09:54:50,22700.0,500,Buy,227203219
2024-07-30 09:55:03,22700.0,200,Buy,227203450
2024-07-30 09:55:05,22700.0,200,Buy,227203475
2024-07-30 09:55:05,22700.0,5200,Buy,227203476
2024-07-30 09:55:05,22650.0,200,Sell,227203511
2024-07-30 09:55:10,22650.0,100,Sell,227203605
2024-07-30 09:55:25,22650.0,200,Sell,227203926
2024-07-30 09:55:35,22700.0,100,Buy,227204196
2024-07-30 09:55:45,22650.0,200,Sell,227204357
2024-07-30 09:55:49,22700.0,100,Buy,227204412
2024-07-30 09:55:52,22650.0,500,Sell,227204498
2024-07-30 09:55:52,22650.0,1000,Sell,227204499
2024-07-30 09:55:52,22650.0,500,Sell,227204500
2024-07-30 09:55:53,22650.0,100,Sell,227204513
2024-07-30 09:56:06,22650.0,200,Sell,227204800
2024-07-30 09:56:26,22650.0,200,Sell,227205151
2024-07-30 09:56:35,22650.0,100,Sell,227205293
2024-07-30 09:56:44,22650.0,100,Sell,227205469
2024-07-30 09:56:44,22650.0,100,Sell,227205470
2024-07-30 09:56:44,22650.0,100,Sell,227205471
2024-07-30 09:56:44,22650.0,100,Sell,227205472
2024-07-30 09:56:44,22650.0,100,Sell,227205473
2024-07-30 09:56:44,22650.0,500,Sell,227205474
2024-07-30 09:56:46,22650.0,200,Sell,227205531
2024-07-30 09:57:05,22700.0,100,Buy,227205958
2024-07-30 09:57:06,22650.0,200,Sell,227205995
2024-07-30 09:57:17,22650.0,100,Sell,227206212
2024-07-30 09:57:26,22650.0,200,Sell,227206382
2024-07-30 09:57:46,22650.0,200,Sell,227206772
2024-07-30 09:57:59,22650.0,100,Sell,227207006
2024-07-30 09:58:06,22650.0,200,Sell,227207163
2024-07-30 09:58:14,22650.0,100,Sell,227207267
2024-07-30 09:58:14,22650.0,700,Sell,227207265
2024-07-30 09:58:14,22650.0,200,Sell,227207266
2024-07-30 09:58:27,22650.0,200,Sell,227207563
2024-07-30 09:58:39,22700.0,200,Buy,227207781
2024-07-30 09:58:41,22650.0,100,Sell,227207826
2024-07-30 09:58:45,22650.0,400,Sell,227207875
2024-07-30 09:58:47,22650.0,200,Sell,227207889
2024-07-30 09:58:54,22700.0,1000,Buy,227208060
2024-07-30 09:59:05,22700.0,100,Buy,227208216
2024-07-30 09:59:07,22650.0,200,Sell,227208255
2024-07-30 09:59:10,22700.0,300,Buy,227208346
2024-07-30 09:59:17,22700.0,1000,Buy,227208498
2024-07-30 09:59:20,22700.0,2000,Buy,227208544
2024-07-30 09:59:22,22650.0,3000,Sell,227208596
2024-07-30 09:59:22,22650.0,100,Sell,227208603
2024-07-30 09:59:22,22650.0,1000,Sell,227208597
2024-07-30 09:59:22,22650.0,8800,Sell,227208598
2024-07-30 09:59:22,22650.0,100,Sell,227208599
2024-07-30 09:59:22,22650.0,100,Sell,227208600
2024-07-30 09:59:22,22650.0,100,Sell,227208601
2024-07-30 09:59:22,22650.0,500,Sell,227208602
2024-07-30 09:59:22,22650.0,5900,Sell,227208595
2024-07-30 09:59:22,22650.0,13800,Sell,227208604
2024-07-30 09:59:22,22650.0,100,Sell,227208609
2024-07-30 09:59:22,22650.0,2000,Sell,227208606
2024-07-30 09:59:22,22650.0,200,Sell,227208607
2024-07-30 09:59:22,22650.0,200,Sell,227208608
2024-07-30 09:59:22,22650.0,300,Sell,227208594
2024-07-30 09:59:22,22650.0,500,Sell,227208610
2024-07-30 09:59:22,22650.0,100,Sell,227208611
2024-07-30 09:59:22,22650.0,100,Sell,227208612
2024-07-30 09:59:22,22650.0,100,Sell,227208613
2024-07-30 09:59:22,22650.0,100,Sell,227208614
2024-07-30 09:59:22,22650.0,500,Sell,227208615
2024-07-30 09:59:22,22650.0,100,Sell,227208605
2024-07-30 09:59:22,22650.0,100,Sell,227208593
2024-07-30 09:59:22,22650.0,400,Sell,227208587
2024-07-30 09:59:22,22650.0,1000,Sell,227208591
2024-07-30 09:59:22,22650.0,4000,Sell,227208568
2024-07-30 09:59:22,22650.0,500,Sell,227208569
2024-07-30 09:59:22,22650.0,1000,Sell,227208570
2024-07-30 09:59:22,22650.0,200,Sell,227208571
2024-07-30 09:59:22,22650.0,300,Sell,227208572
2024-07-30 09:59:22,22650.0,100,Sell,227208573
2024-07-30 09:59:22,22650.0,500,Sell,227208574
2024-07-30 09:59:22,22650.0,300,Sell,227208575
2024-07-30 09:59:22,22650.0,500,Sell,227208576
2024-07-30 09:59:22,22650.0,500,Sell,227208577
2024-07-30 09:59:22,22650.0,100,Sell,227208592
2024-07-30 09:59:22,22650.0,300,Sell,227208578
2024-07-30 09:59:22,22650.0,1000,Sell,227208580
2024-07-30 09:59:22,22650.0,100,Sell,227208581
2024-07-30 09:59:22,22650.0,100,Sell,227208582
2024-07-30 09:59:22,22650.0,500,Sell,227208583
2024-07-30 09:59:22,22650.0,100,Sell,227208584
2024-07-30 09:59:22,22650.0,100,Sell,227208586
2024-07-30 09:59:22,22650.0,500,Sell,227208588
2024-07-30 09:59:22,22650.0,300,Sell,227208589
2024-07-30 09:59:22,22650.0,100,Sell,227208590
2024-07-30 09:59:22,22650.0,200,Sell,227208579
2024-07-30 09:59:22,22650.0,1000,Sell,227208585
2024-07-30 09:59:24,22650.0,100,Sell,227208666
2024-07-30 09:59:27,22650.0,100,Sell,227208772
2024-07-30 09:59:27,22650.0,100,Sell,227208771
2024-07-30 09:59:47,22650.0,200,Sell,227209115
2024-07-30 10:00:06,22650.0,100,Sell,227209484
2024-07-30 10:00:07,22650.0,100,Sell,227209672
2024-07-30 10:00:07,22650.0,100,Sell,227209673
2024-07-30 10:00:27,22650.0,200,Sell,227209999
2024-07-30 10:00:32,22700.0,2000,Buy,227210060
2024-07-30 10:00:47,22650.0,200,Sell,227210305
2024-07-30 10:00:48,22650.0,100,Sell,227210316
2024-07-30 10:01:07,22650.0,200,Sell,227210580
2024-07-30 10:01:28,22650.0,200,Sell,227211022
2024-07-30 10:01:30,22650.0,100,Sell,227211062
2024-07-30 10:01:48,22650.0,200,Sell,227211338
2024-07-30 10:01:54,22650.0,5000,Sell,227211451
2024-07-30 10:01:54,22650.0,1900,Sell,227211455
2024-07-30 10:01:54,22650.0,200,Sell,227211454
2024-07-30 10:01:54,22650.0,100,Sell,227211453
2024-07-30 10:01:54,22650.0,100,Sell,227211452
2024-07-30 10:01:54,22650.0,100,Sell,227211450
2024-07-30 10:01:54,22650.0,1000,Sell,227211449
2024-07-30 10:01:54,22650.0,100,Sell,227211447
2024-07-30 10:01:54,22650.0,4200,Sell,227211446
2024-07-30 10:01:54,22650.0,300,Sell,227211445
2024-07-30 10:01:54,22650.0,100,Sell,227211444
2024-07-30 10:01:54,22650.0,100,Sell,227211443
2024-07-30 10:01:54,22650.0,500,Sell,227211442
2024-07-30 10:01:54,22650.0,1000,Sell,227211448
2024-07-30 10:01:54,22650.0,300,Sell,227211441
2024-07-30 10:02:00,22650.0,500,Sell,227211552
2024-07-30 10:02:00,22650.0,1000,Sell,227211553
2024-07-30 10:02:00,22650.0,100,Sell,227211554
2024-07-30 10:02:00,22650.0,200,Sell,227211555
2024-07-30 10:02:00,22650.0,500,Sell,227211559
2024-07-30 10:02:00,22650.0,28000,Sell,227211557
2024-07-30 10:02:00,22650.0,500,Sell,227211558
2024-07-30 10:02:00,22650.0,2000,Sell,227211560
2024-07-30 10:02:00,22650.0,3000,Sell,227211561
2024-07-30 10:02:00,22650.0,2000,Sell,227211556
2024-07-30 10:02:00,22650.0,1000,Sell,227211551
2024-07-30 10:02:00,22650.0,100,Sell,227211545
2024-07-30 10:02:00,22650.0,500,Sell,227211549
2024-07-30 10:02:00,22650.0,1000,Sell,227211550
2024-07-30 10:02:00,22650.0,1200,Sell,227211539
2024-07-30 10:02:00,22650.0,2300,Sell,227211540
2024-07-30 10:02:00,22650.0,2000,Sell,227211541
2024-07-30 10:02:00,22650.0,500,Sell,227211542
2024-07-30 10:02:00,22650.0,200,Sell,227211544
2024-07-30 10:02:00,22650.0,100,Sell,227211546
2024-07-30 10:02:00,22650.0,1100,Sell,227211547
2024-07-30 10:02:00,22650.0,100,Sell,227211548
2024-07-30 10:02:00,22650.0,100,Sell,227211543
2024-07-30 10:02:08,22650.0,200,Sell,227211711
2024-07-30 10:02:13,22650.0,100,Sell,227211788
2024-07-30 10:02:15,22650.0,1700,Sell,227211809
2024-07-30 10:02:15,22650.0,1300,Sell,227211810
2024-07-30 10:02:25,22700.0,8800,Buy,227211929
2024-07-30 10:02:28,22650.0,200,Sell,227211993
2024-07-30 10:02:29,22650.0,1000,Sell,227212014
2024-07-30 10:02:48,22650.0,200,Sell,227212351
2024-07-30 10:02:55,22650.0,100,Sell,227212454
2024-07-30 10:03:08,22650.0,200,Sell,227212706
2024-07-30 10:03:09,22700.0,4500,Buy,227212723
2024-07-30 10:03:14,22700.0,2000,Buy,227212790
2024-07-30 10:03:28,22650.0,200,Sell,227213059
2024-07-30 10:03:37,22650.0,100,Sell,227213183
2024-07-30 10:03:48,22650.0,200,Sell,227213364
2024-07-30 10:03:49,22700.0,9000,Buy,227213375
2024-07-30 10:03:52,22700.0,200,Buy,227213421
2024-07-30 10:03:52,22700.0,5200,Buy,227213422
2024-07-30 10:04:04,22650.0,1000,Sell,227213681
2024-07-30 10:04:08,22650.0,200,Sell,227213754
2024-07-30 10:04:20,22650.0,100,Sell,227213954
2024-07-30 10:04:29,22650.0,200,Sell,227214109
2024-07-30 10:04:49,22650.0,200,Sell,227214468
2024-07-30 10:05:02,22650.0,100,Sell,227214666
2024-07-30 10:05:06,22650.0,1300,Sell,227214726
2024-07-30 10:05:08,22650.0,3000,Sell,227214790
2024-07-30 10:05:09,22650.0,200,Sell,227214810
2024-07-30 10:05:29,22650.0,200,Sell,227215137
2024-07-30 10:05:39,22700.0,100,Buy,227215293
2024-07-30 10:05:44,22650.0,100,Sell,227215362
2024-07-30 10:05:49,22650.0,200,Sell,227215447
2024-07-30 10:06:09,22650.0,200,Sell,227215728
2024-07-30 10:06:27,22650.0,100,Sell,227215985
2024-07-30 10:06:29,22650.0,200,Sell,227216013
2024-07-30 10:06:50,22650.0,200,Sell,227216445
2024-07-30 10:06:52,22650.0,3000,Sell,227216554
2024-07-30 10:06:52,22650.0,100,Sell,227216548
2024-07-30 10:06:52,22650.0,100,Sell,227216553
2024-07-30 10:06:52,22650.0,100,Sell,227216552
2024-07-30 10:06:52,22650.0,100,Sell,227216551
2024-07-30 10:06:52,22650.0,100,Sell,227216550
2024-07-30 10:06:52,22650.0,100,Sell,227216549
2024-07-30 10:06:52,22650.0,100,Sell,227216547
2024-07-30 10:06:52,22650.0,2500,Sell,227216538
2024-07-30 10:06:52,22650.0,100,Sell,227216545
2024-07-30 10:06:52,22650.0,100,Sell,227216544
2024-07-30 10:06:52,22650.0,1000,Sell,227216543
2024-07-30 10:06:52,22650.0,1000,Sell,227216542
2024-07-30 10:06:52,22650.0,100,Sell,227216541
2024-07-30 10:06:52,22650.0,100,Sell,227216540
2024-07-30 10:06:52,22650.0,11200,Sell,227216539
2024-07-30 10:06:52,22650.0,100,Sell,227216555
2024-07-30 10:06:52,22650.0,1000,Sell,227216546
2024-07-30 10:06:52,22650.0,100,Sell,227216556
2024-07-30 10:06:52,22650.0,100,Sell,227216566
2024-07-30 10:06:52,22650.0,500,Sell,227216558
2024-07-30 10:06:52,22650.0,1800,Sell,227216577
2024-07-30 10:06:52,22650.0,600,Sell,227216576
2024-07-30 10:06:52,22650.0,200,Sell,227216575
2024-07-30 10:06:52,22650.0,4000,Sell,227216574
2024-07-30 10:06:52,22650.0,500,Sell,227216573
2024-07-30 10:06:52,22650.0,1000,Sell,227216572
2024-07-30 10:06:52,22650.0,300,Sell,227216571
2024-07-30 10:06:52,22650.0,1000,Sell,227216570
2024-07-30 10:06:52,22650.0,200,Sell,227216557
2024-07-30 10:06:52,22650.0,500,Sell,227216569
2024-07-30 10:06:52,22650.0,500,Sell,227216567
2024-07-30 10:06:52,22650.0,1000,Sell,227216536
2024-07-30 10:06:52,22650.0,1600,Sell,227216565
2024-07-30 10:06:52,22650.0,3000,Sell,227216564
2024-07-30 10:06:52,22650.0,100,Sell,227216563
2024-07-30 10:06:52,22650.0,100,Sell,227216562
2024-07-30 10:06:52,22650.0,100,Sell,227216560
2024-07-30 10:06:52,22650.0,2000,Sell,227216559
2024-07-30 10:06:52,22650.0,100,Sell,227216568
2024-07-30 10:06:52,22650.0,200,Sell,227216535
2024-07-30 10:06:52,22650.0,100,Sell,227216537
2024-07-30 10:06:52,22650.0,1000,Sell,227216533
2024-07-30 10:06:52,22650.0,100,Sell,227216509
2024-07-30 10:06:52,22650.0,100,Sell,227216508
2024-07-30 10:06:52,22650.0,5000,Sell,227216507
2024-07-30 10:06:52,22650.0,100,Sell,227216506
2024-07-30 10:06:52,22650.0,500,Sell,227216505
2024-07-30 10:06:52,22650.0,500,Sell,227216504
2024-07-30 10:06:52,22650.0,11200,Sell,227216503
2024-07-30 10:06:52,22650.0,100,Sell,227216502
2024-07-30 10:06:52,22650.0,100,Sell,227216510
2024-07-30 10:06:52,22650.0,1000,Sell,227216501
2024-07-30 10:06:52,22650.0,500,Sell,227216499
2024-07-30 10:06:52,22650.0,100,Sell,227216498
2024-07-30 10:06:52,22650.0,100,Sell,227216497
2024-07-30 10:06:52,22650.0,2000,Sell,227216496
2024-07-30 10:06:52,22650.0,100,Sell,227216495
2024-07-30 10:06:52,22650.0,500,Sell,227216494
2024-07-30 10:06:52,22650.0,100,Sell,227216493
2024-07-30 10:06:52,22650.0,9000,Sell,227216492
2024-07-30 10:06:52,22650.0,3700,Sell,227216534
2024-07-30 10:06:52,22650.0,100,Sell,227216511
2024-07-30 10:06:52,22650.0,400,Sell,227216500
2024-07-30 10:06:52,22650.0,1000,Sell,227216513
2024-07-30 10:06:52,22650.0,2000,Sell,227216532
2024-07-30 10:06:52,22650.0,500,Sell,227216531
2024-07-30 10:06:52,22650.0,100,Sell,227216530
2024-07-30 10:06:52,22650.0,300,Sell,227216529
2024-07-30 10:06:52,22650.0,1000,Sell,227216528
2024-07-30 10:06:52,22650.0,100,Sell,227216527
2024-07-30 10:06:52,22650.0,3000,Sell,227216526
2024-07-30 10:06:52,22650.0,100,Sell,227216525
2024-07-30 10:06:52,22650.0,1000,Sell,227216523
2024-07-30 10:06:52,22650.0,200,Sell,227216524
2024-07-30 10:06:52,22650.0,2000,Sell,227216521
2024-07-30 10:06:52,22650.0,100,Sell,227216520
2024-07-30 10:06:52,22650.0,1000,Sell,227216519
2024-07-30 10:06:52,22650.0,500,Sell,227216518
2024-07-30 10:06:52,22650.0,5200,Sell,227216517
2024-07-30 10:06:52,22650.0,200,Sell,227216516
2024-07-30 10:06:52,22650.0,300,Sell,227216515
2024-07-30 10:06:52,22650.0,100,Sell,227216514
2024-07-30 10:06:52,22650.0,2000,Sell,227216522
2024-07-30 10:06:52,22650.0,100,Sell,227216512
2024-07-30 10:07:04,22700.0,100,Buy,227217012
2024-07-30 10:07:09,22650.0,100,Sell,227217067
2024-07-30 10:07:10,22650.0,200,Sell,227217077
2024-07-30 10:07:23,22650.0,500,Sell,227217283
2024-07-30 10:07:23,22650.0,1500,Sell,227217284
2024-07-30 10:07:23,22650.0,2100,Sell,227217285
2024-07-30 10:07:23,22650.0,900,Sell,227217281
2024-07-30 10:07:24,22650.0,1000,Sell,227217295
2024-07-30 10:07:25,22650.0,10000,Sell,227217317
2024-07-30 10:07:28,22650.0,13000,Sell,227217374
2024-07-30 10:07:30,22650.0,200,Sell,227217398
2024-07-30 10:07:30,22700.0,200,Buy,227217412
2024-07-30 10:07:38,22700.0,100,Buy,227217545
2024-07-30 10:07:50,22650.0,200,Sell,227217865
2024-07-30 10:07:52,22650.0,100,Sell,227217923
2024-07-30 10:08:02,22650.0,100,Sell,227218093
2024-07-30 10:08:02,22650.0,500,Sell,227218094
2024-07-30 10:08:02,22650.0,100,Sell,227218095
2024-07-30 10:08:02,22650.0,100,Sell,227218096
2024-07-30 10:08:02,22650.0,2200,Sell,227218092
2024-07-30 10:08:10,22650.0,200,Sell,227218201
2024-07-30 10:08:14,22650.0,3000,Sell,227218254
2024-07-30 10:08:26,22650.0,100,Sell,227218445
2024-07-30 10:08:30,22650.0,200,Sell,227218496
2024-07-30 10:08:32,22700.0,100,Buy,227218513
2024-07-30 10:08:34,22650.0,100,Sell,227218541
2024-07-30 10:08:34,22650.0,100,Sell,227218539
2024-07-30 10:08:50,22650.0,200,Sell,227218757
2024-07-30 10:09:10,22650.0,200,Sell,227219074
2024-07-30 10:09:16,22650.0,100,Sell,227219154
2024-07-30 10:09:31,22650.0,200,Sell,227219356
2024-07-30 10:09:38,22650.0,100,Sell,227219483
2024-07-30 10:09:38,22650.0,100,Sell,227219484
2024-07-30 10:09:38,22650.0,200,Sell,227219485
2024-07-30 10:09:38,22650.0,100,Sell,227219486
2024-07-30 10:09:38,22650.0,2500,Sell,227219487
2024-07-30 10:09:38,22650.0,400,Sell,227219488
2024-07-30 10:09:38,22650.0,1000,Sell,227219489
2024-07-30 10:09:38,22650.0,3000,Sell,227219490
2024-07-30 10:09:38,22650.0,5000,Sell,227219491
2024-07-30 10:09:38,22650.0,100,Sell,227219492
2024-07-30 10:09:38,22650.0,900,Sell,227219493
2024-07-30 10:09:38,22650.0,300,Sell,227219494
2024-07-30 10:09:38,22650.0,100,Sell,227219495
2024-07-30 10:09:38,22650.0,4000,Sell,227219496
2024-07-30 10:09:38,22650.0,5600,Sell,227219497
2024-07-30 10:09:38,22650.0,1000,Sell,227219482
2024-07-30 10:09:38,22650.0,100,Sell,227219481
2024-07-30 10:09:38,22650.0,800,Sell,227219463
2024-07-30 10:09:38,22650.0,200,Sell,227219479
2024-07-30 10:09:38,22650.0,200,Sell,227219464
2024-07-30 10:09:38,22650.0,100,Sell,227219465
2024-07-30 10:09:38,22650.0,100,Sell,227219466
2024-07-30 10:09:38,22650.0,300,Sell,227219467
2024-07-30 10:09:38,22650.0,500,Sell,227219468
2024-07-30 10:09:38,22650.0,2000,Sell,227219469
2024-07-30 10:09:38,22650.0,100,Sell,227219470
2024-07-30 10:09:38,22650.0,5200,Sell,227219480
2024-07-30 10:09:38,22650.0,100,Sell,227219472
2024-07-30 10:09:38,22650.0,2000,Sell,227219473
2024-07-30 10:09:38,22650.0,1000,Sell,227219474
2024-07-30 10:09:38,22650.0,600,Sell,227219475
2024-07-30 10:09:38,22650.0,100,Sell,227219476
2024-07-30 10:09:38,22650.0,10000,Sell,227219477
2024-07-30 10:09:38,22650.0,2000,Sell,227219478
2024-07-30 10:09:38,22650.0,200,Sell,227219471
2024-07-30 10:09:51,22650.0,200,Sell,227219642
2024-07-30 10:09:52,22650.0,4200,Sell,227219656
2024-07-30 10:09:52,22650.0,100,Sell,227219657
2024-07-30 10:09:52,22650.0,100,Sell,227219658
2024-07-30 10:09:52,22650.0,500,Sell,227219659
2024-07-30 10:09:52,22650.0,100,Sell,227219660
2024-07-30 10:09:58,22650.0,100,Buy,227219764
2024-07-30 10:09:58,22650.0,500,Buy,227219769
2024-07-30 10:09:59,22600.0,100,Sell,227219772
2024-07-30 10:10:00,22650.0,100,Buy,227219794
2024-07-30 10:10:03,22650.0,200,Buy,227219858
2024-07-30 10:10:06,22650.0,500,Buy,227219920
2024-07-30 10:10:09,22650.0,200,Buy,227219948
2024-07-30 10:10:11,22600.0,200,Sell,227219963
2024-07-30 10:10:12,22650.0,200,Buy,227219980
2024-07-30 10:10:20,22650.0,500,Buy,227220103
2024-07-30 10:10:31,22600.0,100,Sell,227220325
2024-07-30 10:10:31,22600.0,100,Sell,227220326
2024-07-30 10:10:34,22650.0,200,Buy,227220355
2024-07-30 10:10:35,22650.0,100,Buy,227220371
2024-07-30 10:10:35,22650.0,100,Buy,227220369
2024-07-30 10:10:41,22600.0,100,Sell,227220470
2024-07-30 10:10:42,22650.0,2300,Buy,227220473
2024-07-30 10:10:42,22650.0,2700,Buy,227220474
2024-07-30 10:10:48,22650.0,500,Buy,227220578
2024-07-30 10:10:51,22600.0,200,Sell,227220611
2024-07-30 10:10:59,22650.0,1000,Buy,227220744
2024-07-30 10:11:02,22650.0,2500,Buy,227220775
2024-07-30 10:11:02,22650.0,500,Buy,227220771
2024-07-30 10:11:11,22600.0,200,Sell,227220890
2024-07-30 10:11:12,22650.0,100,Buy,227220934
2024-07-30 10:11:16,22600.0,300,Sell,227221004
2024-07-30 10:11:21,22650.0,300,Buy,227221083
2024-07-30 10:11:21,22650.0,700,Buy,227221084
2024-07-30 10:11:22,22650.0,300,Buy,227221098
2024-07-30 10:11:24,22600.0,100,Sell,227221115
2024-07-30 10:11:26,22650.0,400,Buy,227221149
2024-07-30 10:11:28,22650.0,100,Buy,227221163
2024-07-30 10:11:31,22600.0,200,Sell,227221200
2024-07-30 10:11:33,22650.0,500,Buy,227221214
2024-07-30 10:11:38,22650.0,1000,Buy,227221284
2024-07-30 10:11:47,22650.0,1000,Buy,227221391
2024-07-30 10:11:51,22600.0,200,Sell,227221480
2024-07-30 10:11:52,22650.0,100,Buy,227221482
2024-07-30 10:12:00,22650.0,500,Buy,227221606
2024-07-30 10:12:00,22650.0,100,Buy,227221607
2024-07-30 10:12:00,22650.0,9400,Buy,227221608
2024-07-30 10:12:05,22650.0,1000,Buy,227221698
2024-07-30 10:12:06,22600.0,100,Sell,227221702
2024-07-30 10:12:06,22650.0,100,Buy,227221705
2024-07-30 10:12:07,22650.0,2000,Buy,227221714
2024-07-30 10:12:07,22650.0,500,Buy,227221715
2024-07-30 10:12:11,22650.0,200,Sell,227221759
2024-07-30 10:12:27,22650.0,200,Sell,227221927
2024-07-30 10:12:31,22650.0,100,Sell,227221962
2024-07-30 10:12:31,22650.0,100,Sell,227221963
2024-07-30 10:12:49,22650.0,100,Sell,227222229
2024-07-30 10:12:52,22650.0,200,Sell,227222267
2024-07-30 10:13:08,22650.0,2200,Sell,227222515
2024-07-30 10:13:08,22650.0,200,Sell,227222514
2024-07-30 10:13:08,22650.0,100,Sell,227222513
2024-07-30 10:13:08,22650.0,1000,Sell,227222511
2024-07-30 10:13:08,22650.0,9000,Sell,227222510
2024-07-30 10:13:08,22650.0,500,Sell,227222509
2024-07-30 10:13:08,22650.0,2000,Sell,227222512
2024-07-30 10:13:12,22650.0,200,Sell,227222560
2024-07-30 10:13:15,22650.0,2000,Sell,227222623
2024-07-30 10:13:15,22650.0,2600,Sell,227222622
2024-07-30 10:13:15,22650.0,100,Sell,227222624
2024-07-30 10:13:16,22650.0,100,Buy,227222635
2024-07-30 10:13:17,22650.0,2500,Buy,227222677
2024-07-30 10:13:31,22650.0,100,Sell,227222841
2024-07-30 10:13:32,22650.0,200,Sell,227222854
2024-07-30 10:13:52,22650.0,200,Sell,227223203
2024-07-30 10:14:00,22700.0,100,Buy,227223317
2024-07-30 10:14:12,22650.0,200,Sell,227223549
2024-07-30 10:14:14,22650.0,100,Sell,227223561
2024-07-30 10:14:32,22650.0,200,Sell,227223914
2024-07-30 10:14:32,22650.0,4400,Sell,227223913
2024-07-30 10:14:32,22650.0,200,Sell,227223912
2024-07-30 10:14:32,22650.0,100,Sell,227223908
2024-07-30 10:14:32,22650.0,200,Sell,227223910
2024-07-30 10:14:32,22650.0,200,Sell,227223909
2024-07-30 10:14:32,22650.0,1700,Sell,227223907
2024-07-30 10:14:32,22650.0,200,Sell,227223911
2024-07-30 10:14:48,22700.0,400,Buy,227224198
2024-07-30 10:14:52,22700.0,500,Buy,227224250
2024-07-30 10:14:53,22650.0,200,Sell,227224258
2024-07-30 10:14:56,22650.0,100,Sell,227224327
2024-07-30 10:15:02,22650.0,300,Sell,227224420
2024-07-30 10:15:02,22650.0,200,Sell,227224421
2024-07-30 10:15:12,22650.0,200,Sell,227224630
2024-07-30 10:15:18,22700.0,100,Buy,227224711
2024-07-30 10:15:33,22650.0,200,Sell,227225107
2024-07-30 10:15:39,22650.0,100,Sell,227225240
2024-07-30 10:15:53,22650.0,200,Sell,227225461
2024-07-30 10:16:11,22650.0,100,Sell,227225712
2024-07-30 10:16:13,22650.0,200,Sell,227225766
2024-07-30 10:16:33,22650.0,200,Sell,227226008
2024-07-30 10:16:43,22650.0,100,Sell,227226196
2024-07-30 10:16:44,22700.0,300,Buy,227226229
2024-07-30 10:16:53,22650.0,200,Sell,227226387
2024-07-30 10:17:13,22650.0,200,Sell,227226730
2024-07-30 10:17:15,22650.0,100,Sell,227226759
2024-07-30 10:17:21,22650.0,600,Sell,227226850
2024-07-30 10:17:22,22650.0,100,Sell,227226867
2024-07-30 10:17:22,22650.0,100,Sell,227226866
2024-07-30 10:17:22,22650.0,500,Sell,227226865
2024-07-30 10:17:22,22650.0,200,Sell,227226868
2024-07-30 10:17:22,22650.0,1000,Sell,227226863
2024-07-30 10:17:22,22650.0,200,Sell,227226862
2024-07-30 10:17:22,22650.0,100,Sell,227226864
2024-07-30 10:17:22,22650.0,2800,Sell,227226861
2024-07-30 10:17:25,22700.0,300,Buy,227226936
2024-07-30 10:17:33,22650.0,200,Sell,227227025
2024-07-30 10:17:45,22650.0,100,Sell,227227159
2024-07-30 10:17:54,22650.0,200,Sell,227227291
2024-07-30 10:18:05,22650.0,1800,Sell,227227487
2024-07-30 10:18:05,22650.0,4000,Sell,227227489
2024-07-30 10:18:05,22650.0,200,Sell,227227488
2024-07-30 10:18:14,22650.0,200,Sell,227227596
2024-07-30 10:18:16,22650.0,100,Sell,227227641
2024-07-30 10:18:33,22650.0,900,Sell,227227940
2024-07-30 10:18:33,22650.0,100,Sell,227227941
2024-07-30 10:18:33,22650.0,200,Sell,227227942
2024-07-30 10:18:33,22650.0,3800,Sell,227227943
2024-07-30 10:18:34,22650.0,200,Sell,227227953
2024-07-30 10:18:47,22650.0,100,Sell,227228276
2024-07-30 10:18:48,22650.0,700,Sell,227228281
2024-07-30 10:18:51,22700.0,100,Buy,227228314
2024-07-30 10:18:54,22650.0,200,Sell,227228369
2024-07-30 10:19:14,22650.0,200,Sell,227228814
2024-07-30 10:19:18,22650.0,100,Sell,227228885
2024-07-30 10:19:27,22650.0,900,Sell,227229067
2024-07-30 10:19:27,22650.0,200,Sell,227229068
2024-07-30 10:19:34,22650.0,200,Sell,227229191
2024-07-30 10:19:36,22650.0,1100,Sell,227229225
2024-07-30 10:19:43,22700.0,100,Buy,227229340
2024-07-30 10:19:49,22650.0,100,Sell,227229473
2024-07-30 10:19:54,22650.0,200,Sell,227229555
2024-07-30 10:20:03,22650.0,1200,Sell,227229706
2024-07-30 10:20:03,22650.0,100,Sell,227229705
2024-07-30 10:20:03,22650.0,500,Sell,227229704
2024-07-30 10:20:03,22650.0,2000,Sell,227229702
2024-07-30 10:20:03,22650.0,2700,Sell,227229701
2024-07-30 10:20:03,22650.0,400,Sell,227229703
2024-07-30 10:20:14,22650.0,200,Sell,227229887
2024-07-30 10:20:15,22650.0,1600,Sell,227229899
2024-07-30 10:20:15,22650.0,100,Sell,227229900
2024-07-30 10:20:15,22650.0,100,Sell,227229901
2024-07-30 10:20:15,22650.0,200,Sell,227229902
2024-07-30 10:20:19,22650.0,100,Sell,227230009
2024-07-30 10:20:34,22650.0,100,Sell,227230322
2024-07-30 10:20:34,22650.0,100,Sell,227230323
2024-07-30 10:20:52,22650.0,100,Sell,227230616
2024-07-30 10:20:55,22650.0,200,Sell,227230639
2024-07-30 10:21:00,22650.0,4000,Sell,227230746
2024-07-30 10:21:00,22650.0,2400,Sell,227230747
2024-07-30 10:21:00,22650.0,2000,Sell,227230744
2024-07-30 10:21:00,22650.0,1500,Sell,227230745
2024-07-30 10:21:00,22650.0,100,Sell,227230743
2024-07-30 10:21:02,22650.0,100,Sell,227230776
2024-07-30 10:21:11,22650.0,1000,Sell,227230912
2024-07-30 10:21:15,22650.0,200,Sell,227230959
2024-07-30 10:21:21,22650.0,300,Sell,227231045
2024-07-30 10:21:22,22650.0,100,Sell,227231063
2024-07-30 10:21:35,22650.0,200,Sell,227231223
2024-07-30 10:21:53,22650.0,100,Sell,227231517
2024-07-30 10:21:55,22650.0,200,Sell,227231583
2024-07-30 10:22:15,22650.0,200,Sell,227232036
2024-07-30 10:22:24,22650.0,100,Sell,227232203
2024-07-30 10:22:34,22700.0,2800,Buy,227232354
2024-07-30 10:22:35,22650.0,100,Sell,227232366
2024-07-30 10:22:35,22650.0,100,Sell,227232365
2024-07-30 10:22:41,22650.0,100,Sell,227232506
2024-07-30 10:22:41,22650.0,200,Sell,227232507
2024-07-30 10:22:43,22700.0,200,Buy,227232580
2024-07-30 10:22:54,22650.0,800,Sell,227232880
2024-07-30 10:22:54,22650.0,200,Sell,227232879
2024-07-30 10:22:54,22650.0,1000,Sell,227232878
2024-07-30 10:22:54,22650.0,500,Sell,227232877
2024-07-30 10:22:54,22650.0,300,Sell,227232876
2024-07-30 10:22:54,22650.0,1000,Sell,227232875
2024-07-30 10:22:54,22650.0,1000,Sell,227232874
2024-07-30 10:22:54,22650.0,700,Sell,227232881
2024-07-30 10:22:54,22650.0,100,Sell,227232872
2024-07-30 10:22:54,22650.0,100,Sell,227232871
2024-07-30 10:22:54,22650.0,2600,Sell,227232870
2024-07-30 10:22:54,22650.0,400,Sell,227232869
2024-07-30 10:22:54,22650.0,100,Sell,227232868
2024-07-30 10:22:54,22650.0,300,Sell,227232867
2024-07-30 10:22:54,22650.0,1000,Sell,227232873
2024-07-30 10:22:54,22650.0,300,Sell,227232866
2024-07-30 10:22:55,22650.0,200,Sell,227232924
2024-07-30 10:22:55,22650.0,100,Sell,227232907
2024-07-30 10:23:06,22700.0,100,Buy,227233208
2024-07-30 10:23:15,22650.0,200,Sell,227233308
2024-07-30 10:23:20,22700.0,400,Buy,227233422
2024-07-30 10:23:27,22650.0,100,Sell,227233508
2024-07-30 10:23:35,22650.0,200,Sell,227233691
2024-07-30 10:23:37,22650.0,400,Sell,227233759
2024-07-30 10:23:56,22650.0,200,Sell,227234010
2024-07-30 10:23:58,22650.0,100,Sell,227234104
2024-07-30 10:23:59,22700.0,1000,Buy,227234108
2024-07-30 10:24:15,22700.0,200,Buy,227234386
2024-07-30 10:24:16,22650.0,200,Sell,227234398
2024-07-30 10:24:30,22650.0,100,Sell,227234666
2024-07-30 10:24:36,22650.0,200,Sell,227234771
2024-07-30 10:24:56,22650.0,100,Sell,227235120
2024-07-30 10:24:56,22650.0,200,Sell,227235126
2024-07-30 10:25:02,22650.0,100,Sell,227235305
2024-07-30 10:25:06,22650.0,100,Sell,227235437
2024-07-30 10:25:09,22650.0,100,Sell,227235473
2024-07-30 10:25:16,22650.0,200,Sell,227235570
2024-07-30 10:25:35,22650.0,100,Sell,227235889
2024-07-30 10:25:36,22650.0,200,Sell,227235908
2024-07-30 10:25:39,22650.0,100,Sell,227235961
2024-07-30 10:25:52,22700.0,500,Buy,227236119
2024-07-30 10:25:55,22700.0,3000,Buy,227236169
2024-07-30 10:25:57,22650.0,200,Sell,227236194
2024-07-30 10:25:59,22700.0,5800,Buy,227236221
2024-07-30 10:25:59,22700.0,2500,Buy,227236222
2024-07-30 10:25:59,22700.0,1700,Buy,227236225
2024-07-30 10:26:01,22700.0,5200,Buy,227236243
2024-07-30 10:26:01,22700.0,200,Buy,227236242
2024-07-30 10:26:07,22650.0,100,Sell,227236334
2024-07-30 10:26:07,22700.0,2000,Buy,227236335
2024-07-30 10:26:16,22650.0,200,Sell,227236416
2024-07-30 10:26:18,22700.0,100,Buy,227236429
2024-07-30 10:26:18,22700.0,8100,Buy,227236441
2024-07-30 10:26:18,22700.0,7600,Buy,227236440
2024-07-30 10:26:18,22700.0,5000,Buy,227236439
2024-07-30 10:26:18,22700.0,200,Buy,227236438
2024-07-30 10:26:18,22700.0,1000,Buy,227236437
2024-07-30 10:26:18,22700.0,300,Buy,227236436
2024-07-30 10:26:18,22700.0,4000,Buy,227236428
2024-07-30 10:26:18,22700.0,17300,Buy,227236434
2024-07-30 10:26:18,22700.0,300,Buy,227236430
2024-07-30 10:26:18,22700.0,100,Buy,227236431
2024-07-30 10:26:18,22700.0,13000,Buy,227236435
2024-07-30 10:26:18,22700.0,1000,Buy,227236433
2024-07-30 10:26:18,22700.0,5000,Buy,227236432
2024-07-30 10:26:19,22700.0,10000,Buy,227236480
2024-07-30 10:26:19,22700.0,700,Buy,227236482
2024-07-30 10:26:26,22700.0,100,Buy,227236544
2024-07-30 10:26:26,22700.0,100,Buy,227236558
2024-07-30 10:26:36,22700.0,6000,Buy,227236700
2024-07-30 10:26:36,22700.0,7600,Buy,227236701
2024-07-30 10:26:37,22700.0,200,Sell,227236703
2024-07-30 10:26:37,22700.0,100,Sell,227236719
2024-07-30 10:26:57,22700.0,200,Sell,227236980
2024-07-30 10:27:06,22700.0,15900,Sell,227237061
2024-07-30 10:27:06,22700.0,34100,Sell,227237062
2024-07-30 10:27:08,22700.0,100,Sell,227237090
2024-07-30 10:27:17,22700.0,200,Sell,227237239
2024-07-30 10:27:37,22700.0,200,Sell,227237548
2024-07-30 10:27:39,22700.0,100,Sell,227237588
2024-07-30 10:27:57,22700.0,200,Sell,227237847
2024-07-30 10:28:11,22700.0,100,Sell,227238076
2024-07-30 10:28:17,22700.0,200,Sell,227238142
2024-07-30 10:28:18,22700.0,1000,Sell,227238146
2024-07-30 10:28:37,22700.0,200,Sell,227238372
2024-07-30 10:28:40,22700.0,3600,Sell,227238414
2024-07-30 10:28:40,22700.0,3200,Sell,227238425
2024-07-30 10:28:40,22700.0,500,Sell,227238424
2024-07-30 10:28:40,22700.0,5200,Sell,227238423
2024-07-30 10:28:40,22700.0,200,Sell,227238422
2024-07-30 10:28:40,22700.0,100,Sell,227238421
2024-07-30 10:28:40,22700.0,200,Sell,227238416
2024-07-30 10:28:40,22700.0,100,Sell,227238419
2024-07-30 10:28:40,22700.0,1000,Sell,227238418
2024-07-30 10:28:40,22700.0,5200,Sell,227238417
2024-07-30 10:28:40,22700.0,200,Sell,227238420
2024-07-30 10:28:40,22700.0,500,Sell,227238415
2024-07-30 10:28:41,22700.0,100,Sell,227238436
2024-07-30 10:28:44,22700.0,1000,Sell,227238477
2024-07-30 10:28:58,22700.0,200,Sell,227238595
2024-07-30 10:29:12,22700.0,100,Sell,227238768
2024-07-30 10:29:18,22700.0,200,Sell,227238818
2024-07-30 10:29:38,22700.0,200,Sell,227239048
2024-07-30 10:29:44,22700.0,100,Sell,227239127
2024-07-30 10:29:45,22700.0,500,Sell,227239138
2024-07-30 10:29:58,22700.0,200,Sell,227239303
2024-07-30 10:29:59,22700.0,100,Sell,227239311
2024-07-30 10:30:07,22700.0,1100,Sell,227239439
2024-07-30 10:30:07,22700.0,1900,Sell,227239440
2024-07-30 10:30:07,22700.0,200,Sell,227239441
2024-07-30 10:30:07,22700.0,400,Sell,227239442
2024-07-30 10:30:07,22700.0,100,Sell,227239443
2024-07-30 10:30:07,22700.0,1700,Sell,227239444
2024-07-30 10:30:07,22700.0,300,Buy,227239445
2024-07-30 10:30:12,22700.0,100,Buy,227239503
2024-07-30 10:30:14,22650.0,100,Sell,227239524
2024-07-30 10:30:15,22700.0,100,Buy,227239527
2024-07-30 10:30:18,22650.0,200,Sell,227239598
2024-07-30 10:30:19,22700.0,100,Buy,227239605
2024-07-30 10:30:37,22700.0,100,Buy,227239856
2024-07-30 10:30:37,22700.0,1000,Buy,227239859
2024-07-30 10:30:38,22650.0,200,Sell,227239870
2024-07-30 10:30:47,22650.0,100,Sell,227240005
2024-07-30 10:30:53,22700.0,200,Buy,227240063
2024-07-30 10:30:53,22700.0,2700,Buy,227240064
2024-07-30 10:30:53,22700.0,2500,Buy,227240065
2024-07-30 10:30:58,22650.0,200,Sell,227240150
2024-07-30 10:31:18,22650.0,300,Sell,227240401
2024-07-30 10:31:18,22650.0,100,Sell,227240400
2024-07-30 10:31:18,22650.0,200,Sell,227240408
2024-07-30 10:31:18,22650.0,100,Sell,227240398
2024-07-30 10:31:18,22650.0,500,Sell,227240397
2024-07-30 10:31:18,22650.0,200,Sell,227240399
2024-07-30 10:31:18,22650.0,3800,Sell,227240396
2024-07-30 10:31:19,22650.0,100,Sell,227240411
2024-07-30 10:31:39,22650.0,200,Sell,227240763
2024-07-30 10:31:49,22700.0,3000,Buy,227240882
2024-07-30 10:31:50,22650.0,100,Sell,227240895
2024-07-30 10:31:59,22650.0,200,Sell,227241000
2024-07-30 10:32:17,22700.0,100,Buy,227241208
2024-07-30 10:32:18,22700.0,2000,Buy,227241210
2024-07-30 10:32:18,22700.0,3000,Buy,227241211
2024-07-30 10:32:19,22650.0,200,Sell,227241224
2024-07-30 10:32:23,22650.0,100,Sell,227241316
2024-07-30 10:32:24,22700.0,2000,Buy,227241329
2024-07-30 10:32:25,22700.0,100,Buy,227241336
2024-07-30 10:32:29,22700.0,300,Buy,227241370
2024-07-30 10:32:39,22650.0,200,Sell,227241490
2024-07-30 10:32:51,22700.0,200,Buy,227241673
2024-07-30 10:32:55,22650.0,100,Sell,227241732
2024-07-30 10:32:59,22650.0,200,Sell,227241801
2024-07-30 10:33:05,22700.0,600,Buy,227241887
2024-07-30 10:33:05,22700.0,4400,Buy,227241886
2024-07-30 10:33:19,22650.0,200,Sell,227242123
2024-07-30 10:33:27,22650.0,100,Sell,227242260
2024-07-30 10:33:37,22650.0,300,Sell,227242408
2024-07-30 10:33:39,22650.0,200,Sell,227242466
2024-07-30 10:33:58,22650.0,100,Sell,227242727
2024-07-30 10:33:59,22650.0,200,Sell,227242749
2024-07-30 10:34:01,22700.0,300,Buy,227242774
2024-07-30 10:34:20,22650.0,200,Sell,227243094
2024-07-30 10:34:31,22650.0,100,Sell,227243238
2024-07-30 10:34:40,22650.0,200,Sell,227243369
2024-07-30 10:34:45,22700.0,100,Buy,227243437
2024-07-30 10:35:00,22650.0,200,Sell,227243700
2024-07-30 10:35:03,22650.0,100,Sell,227243754
2024-07-30 10:35:09,22650.0,5000,Sell,227243868
2024-07-30 10:35:20,22650.0,200,Sell,227244043
2024-07-30 10:35:33,22650.0,100,Sell,227244277
2024-07-30 10:35:35,22650.0,100,Sell,227244302
2024-07-30 10:35:40,22650.0,200,Sell,227244387
2024-07-30 10:35:49,22650.0,300,Sell,227244516
2024-07-30 10:36:00,22650.0,200,Sell,227244688
2024-07-30 10:36:06,22650.0,100,Sell,227244796
2024-07-30 10:36:20,22650.0,200,Sell,227245096
2024-07-30 10:36:37,22650.0,100,Sell,227245292
2024-07-30 10:36:41,22650.0,200,Sell,227245334
2024-07-30 10:36:59,22650.0,1000,Sell,227245589
2024-07-30 10:37:01,22650.0,200,Sell,227245664
2024-07-30 10:37:07,22650.0,100,Sell,227245760
2024-07-30 10:37:21,22650.0,100,Sell,227245948
2024-07-30 10:37:21,22650.0,100,Sell,227245949
2024-07-30 10:37:31,22700.0,300,Buy,227246252
2024-07-30 10:37:40,22650.0,100,Sell,227246349
2024-07-30 10:37:41,22650.0,200,Sell,227246371
2024-07-30 10:37:53,22650.0,600,Sell,227246624
2024-07-30 10:37:53,22650.0,1000,Sell,227246621
2024-07-30 10:37:53,22650.0,300,Sell,227246620
2024-07-30 10:37:53,22650.0,3000,Sell,227246619
2024-07-30 10:37:53,22650.0,1000,Sell,227246618
2024-07-30 10:37:53,22650.0,100,Sell,227246607
2024-07-30 10:37:53,22650.0,100,Sell,227246623
2024-07-30 10:37:53,22650.0,100,Sell,227246605
2024-07-30 10:37:53,22650.0,1000,Sell,227246606
2024-07-30 10:37:53,22650.0,4800,Sell,227246599
2024-07-30 10:37:53,22650.0,200,Sell,227246600
2024-07-30 10:37:53,22650.0,1000,Sell,227246622
2024-07-30 10:37:53,22650.0,5200,Sell,227246602
2024-07-30 10:37:53,22650.0,4400,Sell,227246603
2024-07-30 10:37:53,22650.0,2000,Sell,227246604
2024-07-30 10:37:53,22650.0,200,Sell,227246601
2024-07-30 10:37:56,22700.0,13000,Buy,227246722
2024-07-30 10:37:56,22700.0,1200,Buy,227246724
2024-07-30 10:37:56,22700.0,1800,Buy,227246723
2024-07-30 10:37:56,22700.0,700,Buy,227246719
2024-07-30 10:37:56,22700.0,1400,Buy,227246720
2024-07-30 10:37:56,22700.0,100,Buy,227246718
2024-07-30 10:37:56,22700.0,12800,Buy,227246717
2024-07-30 10:37:56,22700.0,500,Buy,227246721
2024-07-30 10:38:01,22650.0,200,Sell,227246793
2024-07-30 10:38:12,22650.0,100,Sell,227246976
2024-07-30 10:38:21,22650.0,200,Sell,227247093
2024-07-30 10:38:29,22700.0,1200,Buy,227247226
2024-07-30 10:38:41,22650.0,200,Sell,227247429
2024-07-30 10:38:45,22650.0,100,Sell,227247622
2024-07-30 10:38:46,22700.0,500,Buy,227247636
2024-07-30 10:39:01,22700.0,100,Buy,227247939
2024-07-30 10:39:01,22650.0,200,Sell,227247952
2024-07-30 10:39:04,22700.0,500,Buy,227247994
2024-07-30 10:39:07,22700.0,600,Buy,227248111
2024-07-30 10:39:09,22700.0,100,Buy,227248213
2024-07-30 10:39:17,22650.0,100,Sell,227248332
2024-07-30 10:39:20,22700.0,100,Buy,227248376
2024-07-30 10:39:22,22650.0,200,Sell,227248407
2024-07-30 10:39:23,22700.0,700,Buy,227248412
2024-07-30 10:39:23,22700.0,100,Buy,227248413
2024-07-30 10:39:23,22700.0,100,Buy,227248414
2024-07-30 10:39:23,22700.0,100,Buy,227248415
2024-07-30 10:39:23,22700.0,100,Buy,227248416
2024-07-30 10:39:42,22700.0,200,Sell,227248739
2024-07-30 10:39:48,22700.0,100,Sell,227248828
2024-07-30 10:40:02,22700.0,200,Sell,227249019
2024-07-30 10:40:18,22700.0,100,Sell,227249247
2024-07-30 10:40:22,22700.0,200,Sell,227249298
2024-07-30 10:40:23,22750.0,200,Buy,227249306
2024-07-30 10:40:23,22750.0,4800,Buy,227249307
2024-07-30 10:40:23,22750.0,400,Buy,227249308
2024-07-30 10:40:42,22700.0,100,Sell,227249561
2024-07-30 10:40:42,22700.0,100,Sell,227249562
2024-07-30 10:40:50,22700.0,100,Sell,227249689
2024-07-30 10:41:02,22700.0,200,Sell,227249851
2024-07-30 10:41:22,22700.0,100,Sell,227250148
2024-07-30 10:41:23,22700.0,200,Sell,227250152
2024-07-30 10:41:43,22700.0,200,Sell,227250435
2024-07-30 10:41:52,22700.0,100,Sell,227250620
2024-07-30 10:42:03,22700.0,200,Sell,227250784
2024-07-30 10:42:16,22750.0,1900,Buy,227251015
2024-07-30 10:42:16,22750.0,100,Buy,227251013
2024-07-30 10:42:16,22750.0,5000,Buy,227251014
2024-07-30 10:42:23,22700.0,200,Sell,227251088
2024-07-30 10:42:23,22700.0,100,Sell,227251090
2024-07-30 10:42:41,22700.0,100,Sell,227251414
2024-07-30 10:42:43,22700.0,200,Sell,227251471
2024-07-30 10:42:54,22700.0,200,Sell,227251628
2024-07-30 10:42:54,22700.0,100,Sell,227251626
2024-07-30 10:42:54,22700.0,12400,Sell,227251627
2024-07-30 10:42:54,22700.0,200,Sell,227251624
2024-07-30 10:42:54,22700.0,9400,Sell,227251623
2024-07-30 10:42:54,22700.0,500,Sell,227251625
2024-07-30 10:42:55,22700.0,100,Sell,227251714
2024-07-30 10:42:55,22700.0,100,Sell,227251718
2024-07-30 10:43:03,22700.0,100,Sell,227251803
2024-07-30 10:43:03,22700.0,100,Sell,227251804
2024-07-30 10:43:11,22750.0,100,Buy,227251913
2024-07-30 10:43:11,22750.0,9100,Buy,227251914
2024-07-30 10:43:11,22750.0,100,Buy,227251912
2024-07-30 10:43:11,22750.0,5000,Buy,227251911
2024-07-30 10:43:11,22750.0,3000,Buy,227251910
2024-07-30 10:43:11,22750.0,500,Buy,227251909
2024-07-30 10:43:11,22750.0,8100,Buy,227251908
2024-07-30 10:43:24,22700.0,100,Sell,227252146
2024-07-30 10:43:24,22700.0,100,Sell,227252147
2024-07-30 10:43:27,22700.0,100,Sell,227252211
2024-07-30 10:43:44,22700.0,200,Sell,227252478
2024-07-30 10:43:58,22700.0,100,Sell,227252763
2024-07-30 10:43:58,22700.0,1500,Sell,227252771
2024-07-30 10:44:04,22700.0,200,Sell,227252858
2024-07-30 10:44:24,22700.0,200,Sell,227253099
2024-07-30 10:44:26,22700.0,6700,Sell,227253163
2024-07-30 10:44:26,22700.0,100,Sell,227253136
2024-07-30 10:44:26,22700.0,200,Sell,227253133
2024-07-30 10:44:26,22700.0,5000,Sell,227253135
2024-07-30 10:44:26,22700.0,200,Sell,227253134
2024-07-30 10:44:26,22700.0,200,Sell,227253132
2024-07-30 10:44:26,22700.0,2000,Sell,227253127
2024-07-30 10:44:26,22700.0,300,Sell,227253130
2024-07-30 10:44:26,22700.0,2000,Sell,227253129
2024-07-30 10:44:26,22700.0,2000,Sell,227253128
2024-07-30 10:44:26,22700.0,300,Sell,227253126
2024-07-30 10:44:26,22700.0,2800,Sell,227253125
2024-07-30 10:44:26,22700.0,1000,Sell,227253131
2024-07-30 10:44:28,22700.0,100,Sell,227253225
2024-07-30 10:44:44,22700.0,200,Sell,227253443
2024-07-30 10:44:47,22700.0,100,Sell,227253477
2024-07-30 10:44:48,22700.0,200,Sell,227253481
2024-07-30 10:44:50,22700.0,1000,Sell,227253510
2024-07-30 10:45:00,22700.0,100,Sell,227253628
2024-07-30 10:45:04,22700.0,200,Sell,227253687
2024-07-30 10:45:16,22700.0,19100,Sell,227253910
2024-07-30 10:45:16,22700.0,2600,Sell,227253907
2024-07-30 10:45:16,22700.0,100,Sell,227253908
2024-07-30 10:45:16,22700.0,1000,Sell,227253909
2024-07-30 10:45:24,22700.0,200,Sell,227254064
2024-07-30 10:45:33,22700.0,100,Sell,227254174
2024-07-30 10:45:33,22700.0,100,Sell,227254189
2024-07-30 10:45:40,22700.0,500,Sell,227254307
2024-07-30 10:45:40,22700.0,500,Sell,227254308
2024-07-30 10:45:44,22700.0,100,Sell,227254361
2024-07-30 10:45:44,22700.0,100,Sell,227254362
2024-07-30 10:45:59,22700.0,1000,Sell,227254647
2024-07-30 10:45:59,22700.0,200,Sell,227254646
2024-07-30 10:45:59,22700.0,100,Sell,227254649
2024-07-30 10:45:59,22700.0,4000,Sell,227254644
2024-07-30 10:45:59,22700.0,1200,Sell,227254645
2024-07-30 10:45:59,22700.0,100,Sell,227254637
2024-07-30 10:45:59,22700.0,400,Sell,227254648
2024-07-30 10:45:59,22700.0,1800,Sell,227254643
2024-07-30 10:46:03,22700.0,100,Buy,227254701
2024-07-30 10:46:04,22650.0,200,Sell,227254717
2024-07-30 10:46:04,22700.0,800,Buy,227254711
2024-07-30 10:46:05,22650.0,100,Sell,227254722
2024-07-30 10:46:08,22700.0,100,Buy,227254800
2024-07-30 10:46:14,22700.0,500,Buy,227254946
2024-07-30 10:46:25,22650.0,200,Sell,227255059
2024-07-30 10:46:35,22650.0,700,Sell,227255206
2024-07-30 10:46:35,22650.0,200,Sell,227255207
2024-07-30 10:46:35,22650.0,5000,Sell,227255208
2024-07-30 10:46:35,22650.0,200,Sell,227255209
2024-07-30 10:46:35,22650.0,4500,Sell,227255205
2024-07-30 10:46:36,22650.0,100,Sell,227255229
2024-07-30 10:46:42,22700.0,1000,Buy,227255304
2024-07-30 10:46:45,22650.0,200,Sell,227255348
2024-07-30 10:46:53,22700.0,100,Buy,227255467
2024-07-30 10:47:05,22650.0,200,Sell,227255665
2024-07-30 10:47:06,22700.0,100,Buy,227255675
2024-07-30 10:47:08,22650.0,100,Sell,227255726
2024-07-30 10:47:25,22650.0,200,Sell,227255972
2024-07-30 10:47:26,22700.0,12600,Buy,227255977
2024-07-30 10:47:37,22700.0,500,Buy,227256137
2024-07-30 10:47:37,22700.0,1500,Buy,227256136
2024-07-30 10:47:41,22650.0,100,Sell,227256228
2024-07-30 10:47:45,22650.0,100,Sell,227256289
2024-07-30 10:47:45,22650.0,100,Sell,227256290
2024-07-30 10:48:00,22650.0,300,Sell,227256578
2024-07-30 10:48:05,22650.0,200,Sell,227256662
2024-07-30 10:48:11,22650.0,100,Sell,227256776
2024-07-30 10:48:25,22650.0,200,Sell,227256958
2024-07-30 10:48:43,22650.0,100,Sell,227257225
2024-07-30 10:48:46,22650.0,200,Sell,227257275
2024-07-30 10:49:06,22650.0,200,Sell,227257584
2024-07-30 10:49:15,22650.0,100,Sell,227257755
2024-07-30 10:49:18,22650.0,300,Sell,227257783
2024-07-30 10:49:18,22650.0,3700,Sell,227257782
2024-07-30 10:49:27,22650.0,200,Sell,227257913
2024-07-30 10:49:33,22700.0,300,Buy,227258006
2024-07-30 10:49:34,22650.0,2000,Sell,227258015
2024-07-30 10:49:46,22700.0,100,Buy,227258151
2024-07-30 10:49:46,22650.0,100,Sell,227258153
2024-07-30 10:49:46,22650.0,200,Sell,227258154
2024-07-30 10:49:50,22700.0,100,Buy,227258265
2024-07-30 10:49:57,22700.0,4000,Buy,227258361
2024-07-30 10:50:06,22650.0,200,Sell,227258502
2024-07-30 10:50:16,22650.0,100,Sell,227258756
2024-07-30 10:50:17,22700.0,200,Buy,227258761
2024-07-30 10:50:26,22650.0,200,Sell,227258987
2024-07-30 10:50:28,22700.0,3000,Buy,227259019
2024-07-30 10:50:33,22700.0,1800,Buy,227259098
2024-07-30 10:50:33,22700.0,3200,Buy,227259099
2024-07-30 10:50:38,22700.0,1000,Buy,227259168
2024-07-30 10:50:38,22700.0,4200,Buy,227259167
2024-07-30 10:50:38,22700.0,200,Buy,227259166
2024-07-30 10:50:40,22700.0,500,Buy,227259199
2024-07-30 10:50:47,22650.0,200,Sell,227259313
2024-07-30 10:50:48,22650.0,100,Sell,227259332
2024-07-30 10:51:07,22650.0,200,Sell,227259603
2024-07-30 10:51:20,22650.0,100,Sell,227259855
2024-07-30 10:51:27,22650.0,200,Sell,227259980
2024-07-30 10:51:31,22700.0,100,Buy,227260025
2024-07-30 10:51:40,22700.0,200,Buy,227260142
2024-07-30 10:51:47,22650.0,200,Sell,227260244
2024-07-30 10:51:52,22650.0,100,Sell,227260310
2024-07-30 10:52:07,22650.0,200,Sell,227260527
2024-07-30 10:52:20,22700.0,200,Buy,227260713
2024-07-30 10:52:23,22650.0,100,Sell,227260756
2024-07-30 10:52:23,22650.0,100,Sell,227260748
2024-07-30 10:52:27,22650.0,200,Sell,227260806
2024-07-30 10:52:47,22650.0,200,Sell,227261088
2024-07-30 10:52:49,22650.0,300,Sell,227261105
2024-07-30 10:52:54,22650.0,100,Sell,227261201
2024-07-30 10:52:59,22650.0,1900,Sell,227261284
2024-07-30 10:52:59,22650.0,1100,Sell,227261285
2024-07-30 10:53:08,22650.0,200,Sell,227261369
2024-07-30 10:53:24,22650.0,100,Sell,227261567
2024-07-30 10:53:28,22650.0,200,Sell,227261629
2024-07-30 10:53:48,22650.0,200,Sell,227261898
2024-07-30 10:53:56,22650.0,100,Sell,227262023
2024-07-30 10:54:08,22650.0,200,Sell,227262223
2024-07-30 10:54:27,22650.0,100,Sell,227262510
2024-07-30 10:54:28,22650.0,200,Sell,227262520
2024-07-30 10:54:37,22700.0,3000,Buy,227262635
2024-07-30 10:54:48,22650.0,100,Sell,227263107
2024-07-30 10:54:48,22650.0,100,Sell,227263106
2024-07-30 10:54:58,22650.0,100,Sell,227263474
2024-07-30 10:55:03,22700.0,2000,Buy,227263552
2024-07-30 10:55:08,22650.0,200,Sell,227263645
2024-07-30 10:55:28,22650.0,200,Sell,227263976
2024-07-30 10:55:29,22650.0,100,Sell,227263978
2024-07-30 10:55:49,22650.0,200,Sell,227264362
2024-07-30 10:56:00,22650.0,100,Sell,227264610
2024-07-30 10:56:10,22650.0,200,Sell,227264730
2024-07-30 10:56:19,22700.0,200,Buy,227264832
2024-07-30 10:56:29,22650.0,200,Sell,227264989
2024-07-30 10:56:32,22650.0,100,Sell,227265017
2024-07-30 10:56:49,22650.0,200,Sell,227265220
2024-07-30 10:56:59,22700.0,400,Buy,227265393
2024-07-30 10:56:59,22700.0,4600,Buy,227265394
2024-07-30 10:57:03,22650.0,100,Sell,227265435
2024-07-30 10:57:09,22650.0,200,Sell,227265496
2024-07-30 10:57:17,22700.0,1000,Buy,227265622
2024-07-30 10:57:25,22650.0,2000,Sell,227265751
2024-07-30 10:57:25,22650.0,200,Sell,227265752
2024-07-30 10:57:25,22650.0,100,Sell,227265753
2024-07-30 10:57:25,22650.0,300,Sell,227265754
2024-07-30 10:57:25,22650.0,3000,Sell,227265750
2024-07-30 10:57:29,22650.0,200,Sell,227265805
2024-07-30 10:57:33,22650.0,100,Sell,227265885
2024-07-30 10:57:47,22650.0,3000,Sell,227266105
2024-07-30 10:57:49,22650.0,200,Sell,227266140
2024-07-30 10:57:54,22700.0,200,Buy,227266221
2024-07-30 10:57:58,22700.0,1800,Buy,227266272
2024-07-30 10:57:58,22700.0,200,Buy,227266273
2024-07-30 10:58:06,22650.0,100,Sell,227266441
2024-07-30 10:58:10,22650.0,200,Sell,227266496
2024-07-30 10:58:11,22700.0,2000,Buy,227266526
2024-07-30 10:58:30,22650.0,200,Sell,227267118
2024-07-30 10:58:36,22650.0,100,Sell,227267396
2024-07-30 10:58:46,22700.0,100,Buy,227267759
2024-07-30 10:58:50,22650.0,200,Sell,227267821
2024-07-30 10:59:02,22650.0,400,Sell,227268044
2024-07-30 10:59:02,22650.0,200,Sell,227268045
2024-07-30 10:59:02,22650.0,500,Sell,227268046
2024-07-30 10:59:02,22650.0,1700,Sell,227268047
2024-07-30 10:59:02,22650.0,200,Sell,227268048
2024-07-30 10:59:07,22650.0,100,Sell,227268090
2024-07-30 10:59:10,22650.0,200,Sell,227268133
2024-07-30 10:59:30,22650.0,100,Sell,227268349
2024-07-30 10:59:30,22650.0,100,Sell,227268350
2024-07-30 10:59:39,22650.0,100,Sell,227268496
2024-07-30 10:59:40,22650.0,100,Sell,227268522
2024-07-30 10:59:44,22650.0,100,Sell,227268582
2024-07-30 10:59:50,22650.0,100,Sell,227268643
2024-07-30 10:59:50,22650.0,100,Sell,227268644
2024-07-30 10:59:53,22700.0,500,Buy,227268688
2024-07-30 11:00:00,22700.0,100,Buy,227268889
2024-07-30 11:00:10,22650.0,200,Sell,227269039
2024-07-30 11:00:12,22650.0,100,Sell,227269080
2024-07-30 11:00:30,22650.0,200,Sell,227269378
2024-07-30 11:00:42,22650.0,100,Sell,227269744
2024-07-30 11:00:51,22650.0,200,Sell,227269874
2024-07-30 11:01:11,22650.0,200,Sell,227270175
2024-07-30 11:01:14,22650.0,100,Sell,227270234
2024-07-30 11:01:31,22650.0,200,Sell,227270639
2024-07-30 11:01:34,22700.0,100,Buy,227270699
2024-07-30 11:01:46,22650.0,100,Sell,227270888
2024-07-30 11:01:51,22650.0,200,Sell,227270979
2024-07-30 11:02:07,22650.0,100,Sell,227271230
2024-07-30 11:02:11,22650.0,200,Sell,227271257
2024-07-30 11:02:16,22650.0,100,Sell,227271495
2024-07-30 11:02:23,22700.0,3600,Buy,227271559
2024-07-30 11:02:23,22700.0,100,Buy,227271558
2024-07-30 11:02:23,22700.0,1000,Buy,227271557
2024-07-30 11:02:32,22650.0,200,Sell,227271695
2024-07-30 11:02:47,22650.0,100,Sell,227271898
2024-07-30 11:02:52,22650.0,200,Sell,227271942
2024-07-30 11:03:12,22650.0,200,Sell,227272196
2024-07-30 11:03:16,22700.0,100,Buy,227272245
2024-07-30 11:03:19,22650.0,100,Sell,227272289
2024-07-30 11:03:32,22650.0,200,Sell,227272486
2024-07-30 11:03:52,22650.0,100,Sell,227272853
2024-07-30 11:03:52,22650.0,200,Sell,227272854
2024-07-30 11:04:10,22700.0,300,Buy,227273143
2024-07-30 11:04:10,22700.0,1000,Buy,227273144
2024-07-30 11:04:12,22650.0,200,Sell,227273221
2024-07-30 11:04:23,22650.0,100,Sell,227273376
2024-07-30 11:04:26,22700.0,100,Buy,227273393
2024-07-30 11:04:29,22650.0,100,Sell,227273460
2024-07-30 11:04:33,22650.0,200,Sell,227273512
2024-07-30 11:04:40,22650.0,400,Sell,227273658
2024-07-30 11:04:43,22700.0,3100,Buy,227273834
2024-07-30 11:04:43,22700.0,1000,Buy,227273835
2024-07-30 11:04:43,22700.0,200,Buy,227273836
2024-07-30 11:04:43,22700.0,500,Buy,227273837
2024-07-30 11:04:43,22700.0,200,Buy,227273838
2024-07-30 11:04:53,22650.0,200,Sell,227274037
2024-07-30 11:04:54,22650.0,100,Sell,227274092
2024-07-30 11:05:13,22650.0,200,Sell,227274357
2024-07-30 11:05:16,22700.0,2000,Buy,227274391
2024-07-30 11:05:16,22700.0,100,Buy,227274390
2024-07-30 11:05:16,22700.0,300,Buy,227274386
2024-07-30 11:05:16,22700.0,500,Buy,227274385
2024-07-30 11:05:16,22700.0,2000,Buy,227274387
2024-07-30 11:05:16,22700.0,100,Buy,227274389
2024-07-30 11:05:22,22700.0,100,Buy,227274456
2024-07-30 11:05:26,22650.0,100,Sell,227274508
2024-07-30 11:05:33,22650.0,200,Sell,227274585
2024-07-30 11:05:34,22700.0,2000,Buy,227274600
2024-07-30 11:05:53,22650.0,200,Sell,227275054
2024-07-30 11:05:55,22700.0,500,Buy,227275085
2024-07-30 11:05:57,22650.0,100,Sell,227275101
2024-07-30 11:06:13,22650.0,200,Sell,227275352
2024-07-30 11:06:15,22700.0,2000,Buy,227275378
2024-07-30 11:06:23,22700.0,100,Buy,227275523
2024-07-30 11:06:28,22650.0,100,Sell,227275599
2024-07-30 11:06:33,22650.0,200,Sell,227275689
2024-07-30 11:06:53,22650.0,200,Sell,227276035
2024-07-30 11:07:00,22650.0,100,Sell,227276161
2024-07-30 11:07:13,22650.0,200,Sell,227276302
2024-07-30 11:07:24,22700.0,5200,Buy,227276509
2024-07-30 11:07:24,22700.0,200,Buy,227276508
2024-07-30 11:07:28,22700.0,700,Buy,227276558
2024-07-30 11:07:28,22700.0,200,Buy,227276559
2024-07-30 11:07:28,22700.0,4300,Buy,227276560
2024-07-30 11:07:28,22700.0,200,Buy,227276557
2024-07-30 11:07:31,22700.0,200,Buy,227276630
2024-07-30 11:07:31,22700.0,1500,Buy,227276631
2024-07-30 11:07:31,22700.0,800,Buy,227276632
2024-07-30 11:07:31,22650.0,100,Sell,227276634
2024-07-30 11:07:34,22650.0,200,Sell,227276660
2024-07-30 11:07:37,22700.0,200,Buy,227276713
2024-07-30 11:07:37,22700.0,4000,Buy,227276714
2024-07-30 11:07:37,22700.0,1200,Buy,227276715
2024-07-30 11:07:49,22700.0,8000,Buy,227277050
2024-07-30 11:07:54,22650.0,200,Sell,227277122
2024-07-30 11:07:58,22700.0,200,Buy,227277205
2024-07-30 11:07:58,22700.0,1000,Buy,227277204
2024-07-30 11:07:58,22700.0,800,Buy,227277203
2024-07-30 11:08:03,22650.0,100,Sell,227277270
2024-07-30 11:08:14,22650.0,200,Sell,227277377
2024-07-30 11:08:34,22650.0,100,Sell,227277699
2024-07-30 11:08:34,22650.0,200,Sell,227277700
2024-07-30 11:08:54,22650.0,200,Sell,227277977
2024-07-30 11:09:06,22650.0,100,Sell,227278159
2024-07-30 11:09:14,22650.0,200,Sell,227278279
2024-07-30 11:09:21,22650.0,5000,Sell,227278360
2024-07-30 11:09:35,22650.0,200,Sell,227278582
2024-07-30 11:09:38,22650.0,100,Sell,227278623
2024-07-30 11:09:55,22650.0,200,Sell,227278902
2024-07-30 11:10:01,22700.0,4600,Buy,227279014
2024-07-30 11:10:01,22700.0,600,Buy,227279013
2024-07-30 11:10:01,22700.0,200,Buy,227279012
2024-07-30 11:10:02,22650.0,7400,Sell,227279044
2024-07-30 11:10:05,22700.0,5200,Buy,227279102
2024-07-30 11:10:05,22700.0,200,Buy,227279101
2024-07-30 11:10:10,22650.0,100,Sell,227279147
2024-07-30 11:10:15,22650.0,200,Sell,227279212
2024-07-30 11:10:20,22700.0,2000,Buy,227279301
2024-07-30 11:10:35,22650.0,200,Sell,227279578
2024-07-30 11:10:36,22700.0,1000,Buy,227279589
2024-07-30 11:10:40,22700.0,600,Buy,227279721
2024-07-30 11:10:41,22650.0,100,Sell,227279724
2024-07-30 11:10:55,22650.0,200,Sell,227279999
2024-07-30 11:11:11,22650.0,100,Sell,227280288
2024-07-30 11:11:15,22650.0,200,Sell,227280364
2024-07-30 11:11:35,22650.0,200,Sell,227280669
2024-07-30 11:11:44,22650.0,100,Sell,227280845
2024-07-30 11:11:56,22650.0,200,Sell,227281053
2024-07-30 11:12:14,22650.0,100,Sell,227281396
2024-07-30 11:12:16,22650.0,300,Sell,227281414
2024-07-30 11:12:37,22650.0,300,Sell,227281719
2024-07-30 11:12:45,22650.0,100,Sell,227281835
2024-07-30 11:12:50,22700.0,1200,Buy,227281922
2024-07-30 11:12:56,22650.0,300,Sell,227281994
2024-07-30 11:13:03,22700.0,100,Buy,227282090
2024-07-30 11:13:16,22650.0,100,Sell,227282301
2024-07-30 11:13:16,22650.0,200,Sell,227282302
2024-07-30 11:13:17,22650.0,100,Sell,227282326
2024-07-30 11:13:20,22700.0,100,Buy,227282362
2024-07-30 11:13:35,22700.0,1000,Buy,227282529
2024-07-30 11:13:36,22650.0,300,Sell,227282537
2024-07-30 11:13:43,22700.0,5000,Buy,227282620
2024-07-30 11:13:48,22650.0,100,Sell,227282671
2024-07-30 11:13:50,22700.0,100,Buy,227282716
2024-07-30 11:13:57,22650.0,300,Sell,227282907
2024-07-30 11:14:17,22650.0,300,Sell,227283239
2024-07-30 11:14:20,22650.0,100,Sell,227283274
2024-07-30 11:14:26,22700.0,600,Buy,227283390
2024-07-30 11:14:37,22650.0,300,Sell,227283539
2024-07-30 11:14:51,22650.0,100,Sell,227283806
2024-07-30 11:14:57,22650.0,300,Sell,227283876
2024-07-30 11:15:06,22650.0,2000,Sell,227284064
2024-07-30 11:15:17,22650.0,300,Sell,227284261
2024-07-30 11:15:22,22650.0,100,Sell,227284341
2024-07-30 11:15:37,22650.0,300,Sell,227284588
2024-07-30 11:15:42,22700.0,100,Buy,227284655
2024-07-30 11:15:53,22650.0,100,Sell,227284813
2024-07-30 11:15:57,22650.0,100,Sell,227284924
2024-07-30 11:15:57,22650.0,200,Sell,227284925
2024-07-30 11:16:08,22650.0,500,Sell,227285020
2024-07-30 11:16:08,22650.0,100,Sell,227285021
2024-07-30 11:16:16,22700.0,300,Buy,227285092
2024-07-30 11:16:18,22650.0,300,Sell,227285115
2024-07-30 11:16:26,22650.0,100,Sell,227285262
2024-07-30 11:16:32,22700.0,700,Buy,227285472
2024-07-30 11:16:32,22700.0,500,Buy,227285473
2024-07-30 11:16:32,22700.0,800,Buy,227285474
2024-07-30 11:16:38,22650.0,300,Sell,227285611
2024-07-30 11:16:51,22650.0,200,Sell,227285793
2024-07-30 11:16:57,22650.0,100,Sell,227285881
2024-07-30 11:16:58,22650.0,300,Sell,227285900
2024-07-30 11:16:59,22700.0,100,Buy,227285923
2024-07-30 11:17:18,22650.0,300,Sell,227286112
2024-07-30 11:17:29,22650.0,100,Sell,227286338
2024-07-30 11:17:37,22650.0,500,Sell,227286438
2024-07-30 11:17:37,22650.0,500,Sell,227286437
2024-07-30 11:17:37,22650.0,100,Sell,227286436
2024-07-30 11:17:37,22650.0,2200,Sell,227286433
2024-07-30 11:17:37,22650.0,100,Sell,227286435
2024-07-30 11:17:37,22650.0,100,Sell,227286434
2024-07-30 11:17:38,22650.0,300,Sell,227286454
2024-07-30 11:17:42,22650.0,300,Sell,227286548
2024-07-30 11:17:58,22650.0,100,Sell,227286777
2024-07-30 11:17:58,22650.0,300,Sell,227286780
2024-07-30 11:18:02,22650.0,100,Sell,227286828
2024-07-30 11:18:04,22650.0,100,Sell,227286846
2024-07-30 11:18:15,22650.0,400,Sell,227287016
2024-07-30 11:18:18,22650.0,300,Sell,227287073
2024-07-30 11:18:25,22700.0,300,Buy,227287171
2024-07-30 11:18:25,22700.0,4300,Buy,227287175
2024-07-30 11:18:25,22700.0,10000,Buy,227287174
2024-07-30 11:18:25,22700.0,300,Buy,227287173
2024-07-30 11:18:25,22700.0,100,Buy,227287172
2024-07-30 11:18:25,22700.0,13000,Buy,227287169
2024-07-30 11:18:25,22700.0,10000,Buy,227287168
2024-07-30 11:18:25,22700.0,11900,Buy,227287167
2024-07-30 11:18:25,22700.0,1300,Buy,227287166
2024-07-30 11:18:25,22700.0,100,Buy,227287165
2024-07-30 11:18:25,22700.0,100,Buy,227287164
2024-07-30 11:18:25,22700.0,1700,Buy,227287170
2024-07-30 11:18:26,22650.0,100,Sell,227287182
2024-07-30 11:18:35,22650.0,100,Sell,227287306
2024-07-30 11:18:38,22700.0,600,Buy,227287410
2024-07-30 11:18:38,22700.0,2700,Buy,227287411
2024-07-30 11:18:38,22700.0,100,Buy,227287412
2024-07-30 11:18:38,22700.0,17900,Buy,227287413
2024-07-30 11:18:39,22650.0,300,Sell,227287422
2024-07-30 11:18:59,22650.0,300,Sell,227287644
2024-07-30 11:19:06,22650.0,100,Sell,227287707
2024-07-30 11:19:19,22650.0,300,Sell,227287875
2024-07-30 11:19:38,22650.0,100,Sell,227288144
2024-07-30 11:19:39,22650.0,300,Sell,227288148
2024-07-30 11:19:39,22700.0,2000,Buy,227288168
2024-07-30 11:19:55,22700.0,100,Buy,227288461
2024-07-30 11:19:59,22700.0,300,Sell,227288568
2024-07-30 11:20:08,22700.0,100,Sell,227288717
2024-07-30 11:20:10,22700.0,100,Sell,227288737
2024-07-30 11:20:19,22700.0,300,Sell,227288894
2024-07-30 11:20:23,22700.0,1000,Sell,227288935
2024-07-30 11:20:31,22700.0,1800,Sell,227289035
2024-07-30 11:20:31,22700.0,500,Sell,227289036
2024-07-30 11:20:33,22700.0,1000,Sell,227289048
2024-07-30 11:20:39,22700.0,300,Sell,227289130
2024-07-30 11:20:42,22700.0,100,Sell,227289170
2024-07-30 11:20:44,22700.0,100,Sell,227289185
2024-07-30 11:20:44,22700.0,900,Sell,227289186
2024-07-30 11:20:46,22700.0,1100,Sell,227289212
2024-07-30 11:20:46,22700.0,3000,Sell,227289213
2024-07-30 11:20:50,22700.0,500,Sell,227289281
2024-07-30 11:20:59,22700.0,300,Sell,227289377
2024-07-30 11:21:13,22700.0,100,Sell,227289534
2024-07-30 11:21:20,22700.0,300,Sell,227289614
2024-07-30 11:21:29,22750.0,100,Buy,227289718
2024-07-30 11:21:40,22700.0,300,Sell,227289831
2024-07-30 11:21:45,22700.0,100,Sell,227289907
2024-07-30 11:22:00,22700.0,300,Sell,227290104
2024-07-30 11:22:07,22700.0,100,Sell,227290190
2024-07-30 11:22:07,22700.0,900,Sell,227290191
2024-07-30 11:22:16,22700.0,100,Sell,227290263
2024-07-30 11:22:20,22700.0,300,Sell,227290312
2024-07-30 11:22:23,22700.0,300,Sell,227290346
2024-07-30 11:22:40,22700.0,300,Sell,227290546
2024-07-30 11:22:46,22700.0,300,Sell,227290613
2024-07-30 11:22:48,22700.0,100,Sell,227290638
2024-07-30 11:23:01,22700.0,300,Sell,227290798
2024-07-30 11:23:12,22700.0,100,Sell,227291089
2024-07-30 11:23:21,22700.0,300,Sell,227291231
2024-07-30 11:23:21,22700.0,100,Sell,227291226
2024-07-30 11:23:41,22700.0,300,Sell,227291749
2024-07-30 11:23:53,22700.0,100,Sell,227291928
2024-07-30 11:23:58,22700.0,1000,Sell,227291995
2024-07-30 11:24:01,22700.0,300,Sell,227292025
2024-07-30 11:24:21,22700.0,200,Sell,227292253
2024-07-30 11:24:21,22700.0,100,Sell,227292254
2024-07-30 11:24:24,22700.0,100,Sell,227292288
2024-07-30 11:24:30,22750.0,1000,Buy,227292380
2024-07-30 11:24:41,22700.0,200,Sell,227292502
2024-07-30 11:24:41,22700.0,100,Sell,227292503
2024-07-30 11:24:51,22700.0,200,Sell,227292585
2024-07-30 11:24:57,22700.0,100,Sell,227292681
2024-07-30 11:25:01,22700.0,300,Sell,227292734
2024-07-30 11:25:13,22700.0,200,Sell,227292933
2024-07-30 11:25:22,22700.0,300,Sell,227293025
2024-07-30 11:25:29,22700.0,100,Sell,227293092
2024-07-30 11:25:37,22700.0,3700,Sell,227293186
2024-07-30 11:25:37,22700.0,600,Sell,227293187
2024-07-30 11:25:37,22700.0,200,Sell,227293188
2024-07-30 11:25:42,22700.0,300,Sell,227293220
2024-07-30 11:26:00,22700.0,100,Sell,227293487
2024-07-30 11:26:02,22700.0,300,Sell,227293501
2024-07-30 11:26:22,22700.0,300,Sell,227293763
2024-07-30 11:26:30,22700.0,100,Sell,227293851
2024-07-30 11:26:35,22750.0,100,Buy,227293977
2024-07-30 11:26:42,22700.0,300,Sell,227294075
2024-07-30 11:26:46,22750.0,1000,Buy,227294134
2024-07-30 11:27:02,22700.0,100,Sell,227294327
2024-07-30 11:27:02,22700.0,300,Sell,227294331
2024-07-30 11:27:08,22750.0,100,Buy,227294393
2024-07-30 11:27:22,22700.0,300,Sell,227294586
2024-07-30 11:27:33,22700.0,100,Sell,227294711
2024-07-30 11:27:43,22700.0,400,Sell,227294815
2024-07-30 11:27:55,22700.0,1000,Sell,227295000
2024-07-30 11:28:03,22700.0,400,Sell,227295078
2024-07-30 11:28:03,22750.0,1600,Buy,227295091
2024-07-30 11:28:03,22750.0,300,Buy,227295092
2024-07-30 11:28:03,22750.0,5700,Buy,227295093
2024-07-30 11:28:04,22700.0,100,Sell,227295108
2024-07-30 11:28:20,22700.0,3000,Sell,227295299
2024-07-30 11:28:20,22700.0,2400,Sell,227295300
2024-07-30 11:28:20,22700.0,500,Sell,227295297
2024-07-30 11:28:20,22700.0,16400,Sell,227295296
2024-07-30 11:28:20,22700.0,500,Sell,227295298
2024-07-30 11:28:23,22700.0,400,Sell,227295360
2024-07-30 11:28:57,22700.0,200,Sell,227295937
2024-07-30 11:29:19,22700.0,2000,Sell,227296256
2024-07-30 11:29:19,22700.0,500,Sell,227296257
2024-07-30 11:29:19,22700.0,17500,Sell,227296258
2024-07-30 11:29:21,22700.0,2000,Sell,227296276
2024-07-30 12:59:40,22700.0,1000,Sell,227297050
2024-07-30 12:59:41,22700.0,1500,Sell,227297475
2024-07-30 12:59:42,22750.0,200,Buy,227297959
2024-07-30 12:59:42,22700.0,1200,Sell,227297966
2024-07-30 12:59:42,22700.0,1000,Sell,227297967
2024-07-30 12:59:43,22700.0,100,Sell,227298190
2024-07-30 12:59:44,22700.0,4000,Sell,227298460
2024-07-30 12:59:46,22700.0,100,Sell,227298883
2024-07-30 12:59:46,22700.0,100,Sell,227298882
2024-07-30 12:59:47,22700.0,100,Sell,227299322
2024-07-30 12:59:47,22700.0,100,Sell,227299323
2024-07-30 12:59:47,22700.0,100,Sell,227299324
2024-07-30 12:59:47,22700.0,700,Sell,227299325
2024-07-30 12:59:47,22700.0,300,Sell,227299399
2024-07-30 12:59:47,22700.0,600,Sell,227299400
2024-07-30 12:59:47,22700.0,1600,Sell,227299401
2024-07-30 12:59:47,22700.0,2500,Sell,227299402
2024-07-30 12:59:49,22750.0,500,Buy,227299976
2024-07-30 12:59:49,22700.0,500,Sell,227299975
2024-07-30 12:59:50,22700.0,200,Sell,227300152
2024-07-30 12:59:50,22700.0,100,Sell,227300155
2024-07-30 12:59:50,22700.0,200,Sell,227300157
2024-07-30 12:59:50,22700.0,200,Sell,227300158
2024-07-30 12:59:50,22700.0,100,Sell,227300159
2024-07-30 12:59:50,22700.0,200,Sell,227300160
2024-07-30 12:59:50,22700.0,100,Sell,227300161
2024-07-30 12:59:50,22700.0,700,Sell,227300162
2024-07-30 12:59:50,22700.0,300,Sell,227300167
2024-07-30 12:59:50,22700.0,1000,Sell,227300164
2024-07-30 12:59:50,22700.0,20000,Sell,227300165
2024-07-30 12:59:50,22700.0,400,Sell,227300166
2024-07-30 12:59:50,22700.0,300,Sell,227300151
2024-07-30 12:59:50,22700.0,1000,Sell,227300168
2024-07-30 12:59:50,22700.0,4000,Sell,227300169
2024-07-30 12:59:50,22700.0,3900,Sell,227300170
2024-07-30 12:59:50,22700.0,30000,Sell,227300171
2024-07-30 12:59:50,22700.0,100,Sell,227300163
2024-07-30 12:59:50,22700.0,100,Sell,227300150
2024-07-30 12:59:50,22700.0,100,Sell,227300156
2024-07-30 12:59:50,22700.0,500,Sell,227300148
2024-07-30 12:59:50,22700.0,16100,Sell,227300129
2024-07-30 12:59:50,22700.0,200,Sell,227300130
2024-07-30 12:59:50,22700.0,2000,Sell,227300132
2024-07-30 12:59:50,22700.0,100,Sell,227300133
2024-07-30 12:59:50,22700.0,700,Sell,227300134
2024-07-30 12:59:50,22700.0,100,Sell,227300135
2024-07-30 12:59:50,22700.0,2000,Sell,227300136
2024-07-30 12:59:50,22700.0,1000,Sell,227300137
2024-07-30 12:59:50,22700.0,500,Sell,227300138
2024-07-30 12:59:50,22700.0,200,Sell,227300131
2024-07-30 12:59:50,22700.0,100,Sell,227300140
2024-07-30 12:59:50,22700.0,11200,Sell,227300139
2024-07-30 12:59:50,22700.0,1700,Sell,227300147
2024-07-30 12:59:50,22700.0,1100,Sell,227300146
2024-07-30 12:59:50,22700.0,500,Sell,227300145
2024-07-30 12:59:50,22700.0,100,Sell,227300149
2024-07-30 12:59:50,22700.0,1400,Sell,227300143
2024-07-30 12:59:50,22700.0,600,Sell,227300142
2024-07-30 12:59:50,22700.0,500,Sell,227300141
2024-07-30 12:59:50,22700.0,200,Sell,227300144
2024-07-30 12:59:57,22700.0,200,Buy,227300673
2024-07-30 12:59:58,22700.0,900,Buy,227300772
2024-07-30 13:00:00,22700.0,100,Buy,227300878
2024-07-30 13:00:01,22700.0,100,Buy,227300985
2024-07-30 13:00:38,22650.0,100,Sell,227302224
2024-07-30 13:00:39,22650.0,300,Sell,227302284
2024-07-30 13:01:10,22650.0,100,Sell,227303036
2024-07-30 13:01:12,22700.0,1700,Buy,227303102
2024-07-30 13:01:21,22700.0,500,Buy,227303327
2024-07-30 13:01:33,22700.0,22800,Buy,227303571
2024-07-30 13:01:43,22650.0,100,Sell,227303800
2024-07-30 13:01:55,22650.0,300,Sell,227304122
2024-07-30 13:02:14,22650.0,100,Sell,227304609
2024-07-30 13:02:23,22650.0,100,Sell,227304853
2024-07-30 13:02:45,22650.0,100,Sell,227305437
2024-07-30 13:03:04,22700.0,1000,Buy,227305937
2024-07-30 13:03:10,22650.0,100,Sell,227306105
2024-07-30 13:03:13,22650.0,400,Sell,227306240
2024-07-30 13:03:16,22650.0,200,Sell,227306288
2024-07-30 13:03:16,22650.0,100,Sell,227306289
2024-07-30 13:03:16,22650.0,500,Sell,227306290
2024-07-30 13:03:16,22650.0,200,Sell,227306291
2024-07-30 13:03:16,22650.0,5000,Sell,227306292
2024-07-30 13:03:16,22650.0,5000,Sell,227306293
2024-07-30 13:03:16,22650.0,200,Sell,227306295
2024-07-30 13:03:16,22650.0,700,Sell,227306296
2024-07-30 13:03:16,22650.0,200,Sell,227306297
2024-07-30 13:03:16,22650.0,10000,Sell,227306298
2024-07-30 13:03:16,22650.0,200,Sell,227306299
2024-07-30 13:03:16,22650.0,1300,Sell,227306300
2024-07-30 13:03:16,22650.0,4300,Sell,227306287
2024-07-30 13:03:16,22650.0,100,Sell,227306294
2024-07-30 13:03:17,22650.0,100,Sell,227306339
2024-07-30 13:03:23,22700.0,700,Buy,227306502
2024-07-30 13:03:30,22650.0,1400,Sell,227306657
2024-07-30 13:03:32,22700.0,200,Buy,227306733
2024-07-30 13:03:34,22650.0,2200,Sell,227306765
2024-07-30 13:03:34,22650.0,100,Sell,227306766
2024-07-30 13:03:34,22650.0,1000,Sell,227306767
2024-07-30 13:03:34,22650.0,100,Sell,227306768
2024-07-30 13:03:34,22650.0,1300,Sell,227306769
2024-07-30 13:03:34,22650.0,1000,Sell,227306770
2024-07-30 13:03:34,22650.0,100,Sell,227306771
2024-07-30 13:03:34,22650.0,200,Sell,227306772
2024-07-30 13:03:34,22650.0,100,Sell,227306773
2024-07-30 13:03:34,22650.0,100,Sell,227306774
2024-07-30 13:03:34,22650.0,100,Sell,227306775
2024-07-30 13:03:34,22650.0,100,Sell,227306776
2024-07-30 13:03:34,22650.0,100,Sell,227306777
2024-07-30 13:03:34,22650.0,200,Sell,227306778
