time,price,volume,match_type,id
2024-08-15 09:14:39,21200.0,16400,ATO/ATC,231691264
2024-08-15 09:15:06,21200.0,100,Sell,231691738
2024-08-15 09:15:22,21200.0,100,Sell,231692073
2024-08-15 09:15:22,21200.0,1000,Sell,231692083
2024-08-15 09:15:22,21200.0,1000,Sell,231692082
2024-08-15 09:15:22,21200.0,1000,Sell,231692081
2024-08-15 09:15:22,21200.0,100,Sell,231692080
2024-08-15 09:15:22,21200.0,300,Sell,231692079
2024-08-15 09:15:22,21200.0,100,Sell,231692072
2024-08-15 09:15:22,21200.0,200,Sell,231692077
2024-08-15 09:15:22,21200.0,100,Sell,231692074
2024-08-15 09:15:22,21200.0,100,Sell,231692078
2024-08-15 09:15:22,21200.0,500,Sell,231692076
2024-08-15 09:15:22,21200.0,500,Sell,231692075
2024-08-15 09:15:30,21200.0,1000,Sell,231692199
2024-08-15 09:15:31,21200.0,500,Sell,231692243
2024-08-15 09:15:31,21200.0,300,Sell,231692241
2024-08-15 09:15:31,21200.0,200,Sell,231692242
2024-08-15 09:15:50,21200.0,2500,Sell,231692473
2024-08-15 09:15:50,21200.0,500,Sell,231692474
2024-08-15 09:15:50,21200.0,100,Sell,231692475
2024-08-15 09:15:50,21200.0,200,Sell,231692476
2024-08-15 09:15:50,21200.0,200,Sell,231692477
2024-08-15 09:15:50,21200.0,500,Sell,231692478
2024-08-15 09:15:50,21200.0,1100,Sell,231692479
2024-08-15 09:16:38,21200.0,500,Buy,231693124
2024-08-15 09:16:59,21150.0,5000,Sell,231693416
2024-08-15 09:16:59,21150.0,200,Sell,231693417
2024-08-15 09:16:59,21150.0,100,Sell,231693418
2024-08-15 09:17:02,21150.0,400,Buy,231693566
2024-08-15 09:17:19,21100.0,100,Sell,231693919
2024-08-15 09:17:19,21100.0,100,Sell,231693918
2024-08-15 09:17:19,21100.0,100,Sell,231693917
2024-08-15 09:17:19,21100.0,100,Sell,231693916
2024-08-15 09:17:20,21100.0,200,Sell,231693985
2024-08-15 09:17:20,21100.0,100,Sell,231693970
2024-08-15 09:17:20,21100.0,600,Sell,231693969
2024-08-15 09:17:20,21100.0,6200,Sell,231693971
2024-08-15 09:17:20,21100.0,500,Sell,231693967
2024-08-15 09:17:20,21100.0,100,Sell,231693966
2024-08-15 09:17:20,21100.0,500,Sell,231693965
2024-08-15 09:17:20,21100.0,200,Sell,231693968
2024-08-15 09:17:20,21100.0,900,Sell,231693964
2024-08-15 09:17:21,21100.0,100,Sell,231694014
2024-08-15 09:17:22,21100.0,300,Sell,231694039
2024-08-15 09:17:23,21100.0,200,Sell,231694056
2024-08-15 09:17:26,21100.0,400,Sell,231694098
2024-08-15 09:17:30,21100.0,7900,Sell,231694218
2024-08-15 09:17:30,21100.0,1300,Sell,231694225
2024-08-15 09:17:35,21100.0,200,Sell,231694375
2024-08-15 09:17:38,21100.0,50000,Sell,231694418
2024-08-15 09:17:38,21100.0,200,Sell,231694417
2024-08-15 09:17:38,21100.0,200,Sell,231694416
2024-08-15 09:17:38,21100.0,3200,Sell,231694415
2024-08-15 09:17:45,21100.0,800,Buy,231694565
2024-08-15 09:18:03,21100.0,8000,Sell,231694832
2024-08-15 09:18:03,21100.0,100,Sell,231694854
2024-08-15 09:18:06,21100.0,1100,Sell,231694909
2024-08-15 09:18:06,21100.0,1200,Sell,231694912
2024-08-15 09:18:09,21100.0,2700,Sell,231694993
2024-08-15 09:18:09,21100.0,1500,Sell,231695005
2024-08-15 09:18:11,21100.0,600,Sell,231695019
2024-08-15 09:18:12,21100.0,2400,Sell,231695029
2024-08-15 09:18:13,21100.0,1600,Sell,231695048
2024-08-15 09:18:16,21100.0,300,Buy,231695085
2024-08-15 09:18:25,21100.0,100,Buy,231695265
2024-08-15 09:18:25,21100.0,100,Buy,231695266
2024-08-15 09:18:25,21100.0,3000,Buy,231695267
2024-08-15 09:18:30,21100.0,100,Sell,231695335
2024-08-15 09:18:36,21100.0,100,Sell,231695447
2024-08-15 09:18:43,21100.0,100,Sell,231695569
2024-08-15 09:18:45,21100.0,600,Sell,231695627
2024-08-15 09:18:47,21100.0,2000,Sell,231695659
2024-08-15 09:18:49,21150.0,100,Buy,231695693
2024-08-15 09:19:32,21150.0,500,Buy,231696481
2024-08-15 09:19:56,21100.0,3900,Sell,231696901
2024-08-15 09:19:56,21100.0,400,Sell,231696902
2024-08-15 09:19:56,21100.0,4800,Sell,231696903
2024-08-15 09:20:01,21100.0,5000,Sell,231697051
2024-08-15 09:20:04,21100.0,200,Sell,231697113
2024-08-15 09:20:09,21100.0,300,Sell,231697221
2024-08-15 09:20:11,21100.0,5000,Sell,231697264
2024-08-15 09:20:12,21100.0,4700,Sell,231697268
2024-08-15 09:20:12,21100.0,1900,Sell,231697269
2024-08-15 09:20:15,21100.0,100,Sell,231697354
2024-08-15 09:20:16,21100.0,100,Sell,231697410
2024-08-15 09:20:17,21100.0,3300,Sell,231697441
2024-08-15 09:20:17,21100.0,100,Sell,231697440
2024-08-15 09:20:17,21100.0,500,Sell,231697439
2024-08-15 09:20:17,21100.0,100,Sell,231697438
2024-08-15 09:20:17,21100.0,200,Sell,231697437
2024-08-15 09:20:17,21100.0,600,Sell,231697436
2024-08-15 09:20:17,21100.0,100,Sell,231697434
2024-08-15 09:20:17,21100.0,2900,Sell,231697431
2024-08-15 09:20:17,21100.0,200,Sell,231697435
2024-08-15 09:20:17,21100.0,100,Sell,231697433
2024-08-15 09:20:17,21100.0,1000,Sell,231697432
2024-08-15 09:20:24,21100.0,500,Sell,231697579
2024-08-15 09:20:26,21100.0,1700,Sell,231697618
2024-08-15 09:20:26,21100.0,500,Sell,231697619
2024-08-15 09:20:26,21100.0,100,Sell,231697620
2024-08-15 09:20:26,21100.0,100,Sell,231697621
2024-08-15 09:20:26,21100.0,500,Sell,231697622
2024-08-15 09:20:26,21100.0,1300,Sell,231697623
2024-08-15 09:20:27,21100.0,700,Sell,231697680
2024-08-15 09:20:27,21100.0,1300,Sell,231697681
2024-08-15 09:20:30,21100.0,600,Sell,231697725
2024-08-15 09:20:30,21100.0,1200,Sell,231697726
2024-08-15 09:20:32,21100.0,100,Sell,231697769
2024-08-15 09:20:32,21100.0,1000,Sell,231697770
2024-08-15 09:20:34,21100.0,300,Sell,231697788
2024-08-15 09:20:37,21100.0,100,Sell,231697821
2024-08-15 09:20:40,21100.0,100,Sell,231697885
2024-08-15 09:21:00,21100.0,100,Sell,231698285
2024-08-15 09:21:01,21100.0,3000,Sell,231698304
2024-08-15 09:21:34,21100.0,300,Sell,231698902
2024-08-15 09:21:46,21100.0,100,Sell,231699135
2024-08-15 09:21:52,21100.0,500,Sell,231699247
2024-08-15 09:21:53,21100.0,500,Sell,231699262
2024-08-15 09:22:06,21100.0,200,Sell,231699468
2024-08-15 09:22:09,21100.0,500,Sell,231699519
2024-08-15 09:22:09,21100.0,100,Sell,231699522
2024-08-15 09:22:09,21100.0,200,Sell,231699521
2024-08-15 09:22:09,21100.0,1000,Sell,231699520
2024-08-15 09:22:09,21100.0,100,Sell,231699518
2024-08-15 09:22:09,21100.0,100,Sell,231699523
2024-08-15 09:22:09,21100.0,500,Sell,231699516
2024-08-15 09:22:09,21100.0,1000,Sell,231699515
2024-08-15 09:22:09,21100.0,200,Sell,231699514
2024-08-15 09:22:09,21100.0,13000,Sell,231699513
2024-08-15 09:22:09,21100.0,100,Sell,231699517
2024-08-15 09:22:09,21100.0,8600,Sell,231699512
2024-08-15 09:22:12,21100.0,24600,Buy,231699568
2024-08-15 09:22:20,21100.0,500,Sell,231699691
2024-08-15 09:22:22,21100.0,4200,Sell,231699708
2024-08-15 09:22:23,21100.0,700,Sell,231699733
2024-08-15 09:22:26,21100.0,1400,Sell,231699785
2024-08-15 09:22:26,21100.0,600,Sell,231699787
2024-08-15 09:22:26,21100.0,1200,Sell,231699788
2024-08-15 09:22:29,21100.0,900,Sell,231699853
2024-08-15 09:22:30,21100.0,300,Sell,231699885
2024-08-15 09:22:33,21100.0,2000,Sell,231699928
2024-08-15 09:22:37,21100.0,100,Sell,231699992
2024-08-15 09:22:42,21100.0,1000,Sell,231700064
2024-08-15 09:23:06,21100.0,100,Sell,231700349
2024-08-15 09:23:18,21100.0,100,Sell,231700577
2024-08-15 09:23:35,21100.0,1000,Sell,231700821
2024-08-15 09:23:36,21100.0,100,Sell,231700845
2024-08-15 09:23:44,21150.0,100,Buy,231700981
2024-08-15 09:24:24,21150.0,900,Buy,231701715
2024-08-15 09:24:38,21150.0,500,Buy,231701970
2024-08-15 09:24:42,21150.0,500,Buy,231702026
2024-08-15 09:25:39,21150.0,100,Buy,231703000
2024-08-15 09:26:34,21150.0,2000,Buy,231703864
2024-08-15 09:26:44,21150.0,500,Buy,231703982
2024-08-15 09:27:24,21150.0,100,Buy,231704638
2024-08-15 09:27:36,21100.0,1000,Sell,231704792
2024-08-15 09:27:45,21100.0,100,Sell,231704898
2024-08-15 09:27:57,21100.0,10000,Sell,231705049
2024-08-15 09:28:11,21100.0,100,Sell,231705250
2024-08-15 09:28:17,21100.0,100,Sell,231705314
2024-08-15 09:28:18,21100.0,500,Sell,231705341
2024-08-15 09:28:18,21100.0,500,Sell,231705342
2024-08-15 09:28:18,21100.0,500,Sell,231705343
2024-08-15 09:28:18,21100.0,1000,Sell,231705339
2024-08-15 09:28:18,21100.0,500,Sell,231705340
2024-08-15 09:28:26,21100.0,300,Sell,231705449
2024-08-15 09:28:43,21100.0,100,Sell,231705725
2024-08-15 09:29:08,21100.0,100,Sell,231706095
2024-08-15 09:30:08,21100.0,100,Sell,231707054
2024-08-15 09:30:16,21150.0,2000,Buy,231707221
2024-08-15 09:30:24,21150.0,200,Buy,231707361
2024-08-15 09:30:26,21100.0,9100,Sell,231707411
2024-08-15 09:30:42,21150.0,3000,Buy,231707684
2024-08-15 09:30:46,21150.0,500,Buy,231707754
2024-08-15 09:30:46,21150.0,100,Buy,231707757
2024-08-15 09:30:56,21150.0,1000,Buy,231707873
2024-08-15 09:31:06,21100.0,1300,Sell,231707980
2024-08-15 09:31:06,21100.0,4200,Sell,231707981
2024-08-15 09:31:08,21100.0,500,Sell,231708001
2024-08-15 09:31:10,21100.0,600,Sell,231708028
2024-08-15 09:31:10,21100.0,900,Sell,231708029
2024-08-15 09:31:11,21100.0,700,Sell,231708045
2024-08-15 09:31:13,21100.0,300,Sell,231708075
2024-08-15 09:31:14,21100.0,1200,Sell,231708083
2024-08-15 09:31:16,21100.0,100,Sell,231708113
2024-08-15 09:31:16,21100.0,100,Sell,231708114
2024-08-15 09:31:52,21100.0,100,Sell,231708552
2024-08-15 09:32:02,21100.0,200,Sell,231708713
2024-08-15 09:32:02,21100.0,3000,Sell,231708716
2024-08-15 09:32:02,21100.0,2000,Sell,231708715
2024-08-15 09:32:02,21100.0,1000,Sell,231708714
2024-08-15 09:32:02,21100.0,100,Sell,231708712
2024-08-15 09:32:02,21100.0,300,Sell,231708709
2024-08-15 09:32:02,21100.0,900,Sell,231708710
2024-08-15 09:32:02,21100.0,4000,Sell,231708706
2024-08-15 09:32:02,21100.0,500,Sell,231708708
2024-08-15 09:32:02,21100.0,600,Sell,231708707
2024-08-15 09:32:02,21100.0,200,Sell,231708711
2024-08-15 09:32:16,21100.0,2100,Sell,231708993
2024-08-15 09:32:17,21100.0,100,Sell,231708995
2024-08-15 09:32:19,21100.0,1600,Sell,231709024
2024-08-15 09:32:19,21100.0,1000,Sell,231709022
2024-08-15 09:32:19,21100.0,100,Sell,231709023
2024-08-15 09:32:23,21100.0,100,Sell,231709096
2024-08-15 09:32:23,21100.0,1900,Sell,231709097
2024-08-15 09:32:24,21100.0,500,Sell,231709117
2024-08-15 09:32:24,21100.0,1800,Sell,231709120
2024-08-15 09:32:24,21100.0,100,Sell,231709119
2024-08-15 09:32:24,21100.0,1000,Sell,231709118
2024-08-15 09:32:24,21100.0,400,Sell,231709115
2024-08-15 09:32:24,21100.0,100,Sell,231709116
2024-08-15 09:32:24,21100.0,1400,Sell,231709109
2024-08-15 09:32:24,21100.0,1200,Sell,231709110
2024-08-15 09:32:24,21100.0,100,Sell,231709111
2024-08-15 09:32:24,21100.0,1000,Sell,231709114
2024-08-15 09:32:24,21100.0,500,Sell,231709113
2024-08-15 09:32:24,21100.0,200,Sell,231709112
2024-08-15 09:32:26,21100.0,100,Sell,231709133
2024-08-15 09:32:26,21100.0,400,Sell,231709138
2024-08-15 09:32:26,21100.0,100,Sell,231709139
2024-08-15 09:32:26,21100.0,100,Sell,231709140
2024-08-15 09:32:26,21100.0,500,Sell,231709141
2024-08-15 09:32:28,21100.0,500,Sell,231709150
2024-08-15 09:32:28,21100.0,100,Sell,231709151
2024-08-15 09:32:28,21100.0,200,Sell,231709152
2024-08-15 09:32:28,21100.0,100,Sell,231709153
2024-08-15 09:32:28,21100.0,300,Sell,231709154
2024-08-15 09:32:29,21100.0,100,Sell,231709174
2024-08-15 09:32:29,21150.0,200,Buy,231709167
2024-08-15 09:32:29,21100.0,400,Sell,231709172
2024-08-15 09:32:29,21100.0,1000,Sell,231709173
2024-08-15 09:32:30,21100.0,100,Sell,231709197
2024-08-15 09:32:32,21100.0,2400,Sell,231709213
2024-08-15 09:32:32,21100.0,600,Sell,231709212
2024-08-15 09:32:41,21100.0,10000,Sell,231709387
2024-08-15 09:33:08,21100.0,1000,Sell,231709656
2024-08-15 09:33:08,21100.0,2000,Sell,231709654
2024-08-15 09:33:08,21100.0,10000,Sell,231709653
2024-08-15 09:33:08,21100.0,100,Sell,231709652
2024-08-15 09:33:08,21100.0,500,Sell,231709651
2024-08-15 09:33:08,21100.0,100,Sell,231709650
2024-08-15 09:33:08,21100.0,20000,Sell,231709648
2024-08-15 09:33:08,21100.0,1000,Sell,231709647
2024-08-15 09:33:08,21100.0,100,Sell,231709646
2024-08-15 09:33:08,21100.0,100,Sell,231709645
2024-08-15 09:33:08,21100.0,2000,Sell,231709644
2024-08-15 09:33:08,21100.0,300,Sell,231709649
2024-08-15 09:33:26,21100.0,4700,Buy,231709852
2024-08-15 09:33:47,21100.0,100,Buy,231710146
2024-08-15 09:33:47,21100.0,600,Buy,231710147
2024-08-15 09:33:47,21100.0,2400,Buy,231710145
2024-08-15 09:33:47,21100.0,600,Buy,231710149
2024-08-15 09:33:47,21100.0,100,Buy,231710148
2024-08-15 09:33:47,21100.0,1500,Buy,231710144
2024-08-15 09:33:47,21100.0,100,Buy,231710138
2024-08-15 09:33:47,21100.0,1900,Buy,231710142
2024-08-15 09:33:47,21100.0,58100,Buy,231710136
2024-08-15 09:33:47,21100.0,200,Buy,231710137
2024-08-15 09:33:47,21100.0,1200,Buy,231710143
2024-08-15 09:33:47,21100.0,8300,Buy,231710140
2024-08-15 09:33:47,21100.0,1100,Buy,231710141
2024-08-15 09:33:47,21100.0,2700,Buy,231710139
2024-08-15 09:33:53,21100.0,1100,Sell,231710274
2024-08-15 09:33:53,21050.0,8900,Sell,231710275
2024-08-15 09:33:56,21100.0,100,Buy,231710374
2024-08-15 09:34:00,21050.0,9600,Sell,231710435
2024-08-15 09:34:00,21100.0,400,Sell,231710434
2024-08-15 09:34:19,21100.0,100,Buy,231710789
2024-08-15 09:34:25,21100.0,100,Buy,231710853
2024-08-15 09:34:26,21050.0,200,Sell,231710868
2024-08-15 09:34:35,21100.0,300,Buy,231710977
2024-08-15 09:34:36,21050.0,300,Sell,231710988
2024-08-15 09:34:36,21050.0,200,Sell,231710991
2024-08-15 09:34:39,21100.0,1400,Buy,231711057
2024-08-15 09:34:39,21100.0,1000,Buy,231711056
2024-08-15 09:34:39,21100.0,2300,Buy,231711054
2024-08-15 09:34:39,21100.0,300,Buy,231711055
2024-08-15 09:34:41,21100.0,100,Buy,231711069
2024-08-15 09:34:48,21100.0,500,Buy,231711208
2024-08-15 09:34:52,21100.0,300,Buy,231711288
2024-08-15 09:34:54,21050.0,100,Sell,231711346
2024-08-15 09:34:56,21100.0,400,Buy,231711374
2024-08-15 09:34:56,21100.0,1600,Buy,231711375
2024-08-15 09:35:18,21100.0,5000,Buy,231711774
2024-08-15 09:35:28,21050.0,5000,Sell,231711906
2024-08-15 09:35:44,21100.0,800,Buy,231712183
2024-08-15 09:35:44,21100.0,600,Buy,231712182
2024-08-15 09:35:44,21100.0,1500,Buy,231712181
2024-08-15 09:35:44,21100.0,1700,Buy,231712176
2024-08-15 09:35:44,21100.0,1200,Buy,231712179
2024-08-15 09:35:44,21100.0,1100,Buy,231712178
2024-08-15 09:35:44,21100.0,200,Buy,231712177
2024-08-15 09:35:44,21100.0,1900,Buy,231712180
2024-08-15 09:36:22,21100.0,8100,Buy,231713016
2024-08-15 09:36:22,21100.0,1600,Buy,231713013
2024-08-15 09:36:22,21100.0,200,Buy,231713014
2024-08-15 09:36:22,21100.0,100,Buy,231713015
2024-08-15 09:36:49,21100.0,400,Buy,231713529
2024-08-15 09:37:23,21100.0,1000,Buy,231714111
2024-08-15 09:37:28,21100.0,27000,Buy,231714183
2024-08-15 09:37:31,21050.0,300,Sell,231714218
2024-08-15 09:37:48,21100.0,1500,Buy,231714564
2024-08-15 09:37:51,21100.0,20000,Buy,231714605
2024-08-15 09:37:57,21100.0,20000,Buy,231714719
2024-08-15 09:38:00,21100.0,11000,Buy,231714769
2024-08-15 09:38:00,21100.0,10000,Buy,231714741
2024-08-15 09:38:08,21100.0,1000,Buy,231714849
2024-08-15 09:38:08,21100.0,100,Buy,231714850
2024-08-15 09:38:08,21100.0,8900,Buy,231714851
2024-08-15 09:38:09,21100.0,1000,Buy,231714879
2024-08-15 09:38:17,21100.0,1600,Buy,231714988
2024-08-15 09:38:17,21100.0,1000,Buy,231714990
2024-08-15 09:38:17,21100.0,1800,Buy,231714989
2024-08-15 09:38:17,21100.0,4100,Buy,231714987
2024-08-15 09:38:17,21100.0,1000,Buy,231714978
2024-08-15 09:38:17,21100.0,100,Buy,231714977
2024-08-15 09:38:17,21100.0,1500,Buy,231714986
2024-08-15 09:38:19,21100.0,500,Buy,231715017
2024-08-15 09:38:26,21100.0,700,Buy,231715161
2024-08-15 09:38:26,21100.0,2300,Buy,231715162
2024-08-15 09:38:27,21100.0,600,Buy,231715192
2024-08-15 09:38:27,21100.0,400,Buy,231715193
2024-08-15 09:38:28,21100.0,500,Buy,231715203
2024-08-15 09:38:28,21100.0,500,Buy,231715212
2024-08-15 09:38:30,21100.0,200,Buy,231715232
2024-08-15 09:38:30,21100.0,1800,Buy,231715231
2024-08-15 09:38:30,21100.0,2400,Buy,231715230
2024-08-15 09:38:30,21100.0,2700,Buy,231715228
2024-08-15 09:38:30,21100.0,500,Buy,231715229
2024-08-15 09:38:30,21100.0,8300,Buy,231715227
2024-08-15 09:38:30,21100.0,100,Buy,231715223
2024-08-15 09:38:30,21100.0,200,Buy,231715225
2024-08-15 09:38:30,21100.0,500,Buy,231715226
2024-08-15 09:38:30,21100.0,800,Buy,231715221
2024-08-15 09:38:30,21100.0,2200,Buy,231715220
2024-08-15 09:38:30,21100.0,200,Buy,231715222
2024-08-15 09:38:30,21100.0,100,Buy,231715224
2024-08-15 09:38:40,21100.0,1000,Buy,231715448
2024-08-15 09:38:40,21100.0,1500,Buy,231715449
2024-08-15 09:38:40,21100.0,100,Buy,231715450
2024-08-15 09:38:40,21100.0,400,Buy,231715451
2024-08-15 09:38:43,21100.0,1100,Buy,231715528
2024-08-15 09:38:43,21100.0,100,Buy,231715529
2024-08-15 09:38:43,21100.0,200,Buy,231715526
2024-08-15 09:38:43,21100.0,100,Buy,231715527
2024-08-15 09:38:46,21100.0,9100,Sell,231715653
2024-08-15 09:38:53,21100.0,100,Sell,231715785
2024-08-15 09:39:12,21100.0,9100,Sell,231716091
2024-08-15 09:39:13,21100.0,200,Sell,231716112
2024-08-15 09:39:19,21100.0,600,Sell,231716270
2024-08-15 09:39:35,21100.0,5000,Sell,231716598
2024-08-15 09:39:35,21100.0,500,Sell,231716599
2024-08-15 09:39:35,21100.0,500,Sell,231716597
2024-08-15 09:39:35,21100.0,100,Sell,231716596
2024-08-15 09:39:35,21100.0,1200,Sell,231716595
2024-08-15 09:39:35,21100.0,1000,Sell,231716594
2024-08-15 09:39:35,21100.0,1000,Sell,231716593
2024-08-15 09:39:35,21100.0,1400,Sell,231716592
2024-08-15 09:39:37,21100.0,2700,Sell,231716630
2024-08-15 09:39:38,21100.0,1500,Sell,231716648
2024-08-15 09:39:40,21100.0,400,Sell,231716672
2024-08-15 09:39:40,21100.0,1800,Sell,231716695
2024-08-15 09:39:40,21100.0,300,Sell,231716670
2024-08-15 09:39:40,21100.0,500,Sell,231716671
2024-08-15 09:39:41,21100.0,800,Sell,231716700
2024-08-15 09:39:41,21100.0,300,Sell,231716701
2024-08-15 09:39:44,21100.0,100,Sell,231716744
2024-08-15 09:39:45,21100.0,600,Sell,231716780
2024-08-15 09:39:48,21100.0,100,Sell,231716817
2024-08-15 09:39:57,21100.0,100,Sell,231716999
2024-08-15 09:41:10,21100.0,500,Sell,231718335
2024-08-15 09:41:10,21100.0,2500,Sell,231718334
2024-08-15 09:41:10,21100.0,100,Sell,231718333
2024-08-15 09:41:10,21100.0,2000,Sell,231718332
2024-08-15 09:41:10,21100.0,3800,Sell,231718330
2024-08-15 09:41:10,21100.0,200,Sell,231718331
2024-08-15 09:41:45,21100.0,3000,Sell,231719104
2024-08-15 09:41:45,21100.0,1000,Sell,231719105
2024-08-15 09:41:45,21100.0,400,Sell,231719106
2024-08-15 09:41:45,21100.0,100,Sell,231719107
2024-08-15 09:41:45,21100.0,4600,Sell,231719108
2024-08-15 09:42:26,21100.0,200,Sell,231719806
2024-08-15 09:42:35,21150.0,700,Buy,231719994
2024-08-15 09:42:43,21100.0,3900,Sell,231720146
2024-08-15 09:42:43,21100.0,5200,Sell,231720145
2024-08-15 09:43:03,21100.0,9100,Sell,231720472
2024-08-15 09:43:10,21100.0,2700,Sell,231720620
2024-08-15 09:43:34,21100.0,100,Sell,231720979
2024-08-15 09:43:39,21100.0,1000,Sell,231721049
2024-08-15 09:43:49,21100.0,9100,Sell,231721148
2024-08-15 09:44:08,21100.0,2400,Sell,231721434
2024-08-15 09:44:11,21150.0,500,Buy,231721472
2024-08-15 09:44:17,21100.0,400,Sell,231721542
2024-08-15 09:44:43,21100.0,2000,Sell,231721959
2024-08-15 09:45:30,21100.0,200,Sell,231722659
2024-08-15 09:46:24,21100.0,300,Sell,231723454
2024-08-15 09:47:05,21100.0,700,Sell,231724128
2024-08-15 09:47:23,21150.0,500,Buy,231724380
2024-08-15 09:47:23,21150.0,1400,Buy,231724381
2024-08-15 09:47:23,21150.0,600,Buy,231724382
2024-08-15 09:47:23,21150.0,100,Buy,231724383
2024-08-15 09:47:23,21150.0,900,Buy,231724384
2024-08-15 09:47:23,21150.0,300,Buy,231724386
2024-08-15 09:47:23,21150.0,1200,Buy,231724387
2024-08-15 09:47:23,21150.0,200,Buy,231724388
2024-08-15 09:47:23,21150.0,100,Buy,231724389
2024-08-15 09:47:23,21150.0,300,Buy,231724390
2024-08-15 09:47:23,21150.0,1000,Buy,231724378
2024-08-15 09:47:23,21150.0,700,Buy,231724385
2024-08-15 09:47:23,21150.0,200,Buy,231724377
2024-08-15 09:47:23,21150.0,4200,Buy,231724379
2024-08-15 09:47:23,21150.0,100,Buy,231724375
2024-08-15 09:47:23,21150.0,4500,Buy,231724361
2024-08-15 09:47:23,21150.0,100,Buy,231724374
2024-08-15 09:47:23,21150.0,100,Buy,231724371
2024-08-15 09:47:23,21150.0,600,Buy,231724370
2024-08-15 09:47:23,21150.0,400,Buy,231724369
2024-08-15 09:47:23,21150.0,300,Buy,231724368
2024-08-15 09:47:23,21150.0,500,Buy,231724367
2024-08-15 09:47:23,21150.0,300,Buy,231724366
2024-08-15 09:47:23,21150.0,700,Buy,231724365
2024-08-15 09:47:23,21150.0,2000,Buy,231724364
2024-08-15 09:47:23,21150.0,2500,Buy,231724363
2024-08-15 09:47:23,21150.0,1000,Buy,231724362
2024-08-15 09:47:23,21150.0,200,Buy,231724376
2024-08-15 09:47:31,21100.0,1000,Sell,231724479
2024-08-15 09:47:34,21150.0,800,Buy,231724510
2024-08-15 09:47:38,21150.0,200,Buy,231724576
2024-08-15 09:48:12,21150.0,1700,Buy,231725090
2024-08-15 09:48:12,21150.0,100,Buy,231725091
2024-08-15 09:48:12,21150.0,200,Buy,231725092
2024-08-15 09:48:13,21100.0,200,Sell,231725134
2024-08-15 09:48:13,21100.0,500,Sell,231725125
2024-08-15 09:48:13,21100.0,5000,Sell,231725132
2024-08-15 09:48:13,21100.0,100,Sell,231725131
2024-08-15 09:48:13,21100.0,100,Sell,231725130
2024-08-15 09:48:13,21100.0,100,Sell,231725129
2024-08-15 09:48:13,21100.0,500,Sell,231725128
2024-08-15 09:48:13,21100.0,100,Sell,231725127
2024-08-15 09:48:13,21100.0,100,Sell,231725126
2024-08-15 09:48:13,21100.0,500,Sell,231725124
2024-08-15 09:48:13,21100.0,1300,Sell,231725133
2024-08-15 09:48:13,21100.0,20000,Sell,231725122
2024-08-15 09:48:13,21100.0,17100,Sell,231725113
2024-08-15 09:48:13,21100.0,2000,Sell,231725114
2024-08-15 09:48:13,21100.0,100,Sell,231725115
2024-08-15 09:48:13,21100.0,500,Sell,231725116
2024-08-15 09:48:13,21100.0,100,Sell,231725123
2024-08-15 09:48:13,21100.0,100,Sell,231725118
2024-08-15 09:48:13,21100.0,200,Sell,231725119
2024-08-15 09:48:13,21100.0,100,Sell,231725120
2024-08-15 09:48:13,21100.0,5000,Sell,231725121
2024-08-15 09:48:13,21100.0,5000,Sell,231725117
2024-08-15 09:48:14,21100.0,1000,Sell,231725149
2024-08-15 09:48:14,21100.0,400,Sell,231725148
2024-08-15 09:48:14,21100.0,3000,Sell,231725147
2024-08-15 09:48:14,21100.0,5000,Sell,231725146
2024-08-15 09:48:14,21100.0,500,Sell,231725145
2024-08-15 09:48:14,21100.0,100,Sell,231725144
2024-08-15 09:48:14,21100.0,1000,Sell,231725142
2024-08-15 09:48:14,21100.0,100,Sell,231725141
2024-08-15 09:48:14,21100.0,10000,Sell,231725140
2024-08-15 09:48:14,21100.0,2000,Sell,231725150
2024-08-15 09:48:14,21100.0,200,Sell,231725138
2024-08-15 09:48:14,21100.0,100,Sell,231725137
2024-08-15 09:48:14,21100.0,400,Sell,231725143
2024-08-15 09:48:14,21100.0,5000,Sell,231725139
2024-08-15 09:48:21,21100.0,600,Buy,231725270
2024-08-15 09:48:24,21100.0,100,Buy,231725296
2024-08-15 09:48:31,21100.0,1000,Buy,231725452
2024-08-15 09:48:46,21050.0,11800,Sell,231725720
2024-08-15 09:48:49,21100.0,1400,Buy,231725831
2024-08-15 09:48:49,21100.0,600,Buy,231725832
2024-08-15 09:48:51,21100.0,200,Buy,231725878
2024-08-15 09:48:56,21100.0,500,Buy,231725921
2024-08-15 09:48:58,21100.0,6600,Buy,231725955
2024-08-15 09:48:58,21100.0,3400,Buy,231725956
2024-08-15 09:49:03,21100.0,4500,Buy,231726082
2024-08-15 09:49:03,21100.0,100,Buy,231726083
2024-08-15 09:49:16,21100.0,100,Sell,231726337
2024-08-15 09:50:01,21100.0,100,Sell,231727211
2024-08-15 09:50:25,21100.0,400,Sell,231727616
2024-08-15 09:50:53,21100.0,11800,Sell,231728184
2024-08-15 09:51:18,21100.0,3000,Sell,231728606
2024-08-15 09:51:21,21100.0,1800,Sell,231728728
2024-08-15 09:51:24,21100.0,3400,Sell,231728753
2024-08-15 09:51:24,21100.0,1300,Sell,231728760
2024-08-15 09:51:28,21100.0,2300,Sell,231728825
2024-08-15 09:51:28,21100.0,100,Sell,231728826
2024-08-15 09:51:32,21100.0,100,Sell,231728942
2024-08-15 09:51:34,21100.0,10400,Sell,231728975
2024-08-15 09:51:35,21100.0,100,Sell,231728997
2024-08-15 09:51:36,21100.0,9100,Sell,231729019
2024-08-15 09:51:39,21100.0,1400,Sell,231729120
2024-08-15 09:51:39,21100.0,100,Sell,231729121
2024-08-15 09:51:43,21100.0,300,Sell,231729235
2024-08-15 09:51:43,21100.0,400,Sell,231729236
2024-08-15 09:51:46,21100.0,1300,Sell,231729301
2024-08-15 09:51:46,21100.0,5000,Sell,231729302
2024-08-15 09:51:46,21100.0,200,Sell,231729303
2024-08-15 09:51:46,21100.0,100,Sell,231729304
2024-08-15 09:51:46,21100.0,500,Sell,231729305
2024-08-15 09:51:46,21100.0,1800,Sell,231729306
2024-08-15 09:51:46,21100.0,100,Sell,231729307
2024-08-15 09:51:46,21100.0,1000,Sell,231729308
2024-08-15 09:51:51,21100.0,100,Sell,231729369
2024-08-15 09:52:10,21050.0,2100,Sell,231729715
2024-08-15 09:52:10,21100.0,1000,Sell,231729712
2024-08-15 09:52:10,21100.0,2200,Sell,231729711
2024-08-15 09:52:10,21100.0,700,Sell,231729714
2024-08-15 09:52:10,21100.0,1000,Sell,231729709
2024-08-15 09:52:10,21100.0,500,Sell,231729710
2024-08-15 09:52:10,21100.0,900,Sell,231729706
2024-08-15 09:52:10,21100.0,100,Sell,231729713
2024-08-15 09:52:10,21100.0,500,Sell,231729708
2024-08-15 09:52:10,21100.0,100,Sell,231729707
2024-08-15 09:52:24,21100.0,1200,Buy,231729880
2024-08-15 09:52:24,21100.0,700,Buy,231729881
2024-08-15 09:52:24,21100.0,4200,Buy,231729882
2024-08-15 09:52:24,21100.0,500,Buy,231729883
2024-08-15 09:52:24,21100.0,1300,Buy,231729884
2024-08-15 09:52:26,21100.0,600,Sell,231729929
2024-08-15 09:52:27,21100.0,900,Sell,231729942
2024-08-15 09:52:31,21100.0,200,Sell,231730003
2024-08-15 09:52:35,21100.0,100,Sell,231730052
2024-08-15 09:52:52,21100.0,100,Sell,231730307
2024-08-15 09:52:53,21100.0,1000,Sell,231730320
2024-08-15 09:52:58,21100.0,200,Sell,231730398
2024-08-15 09:53:01,21100.0,11800,Sell,231730456
2024-08-15 09:53:03,21100.0,300,Sell,231730556
2024-08-15 09:53:08,21100.0,400,Sell,231730636
2024-08-15 09:53:15,21100.0,300,Sell,231730752
2024-08-15 09:53:19,21100.0,200,Sell,231730812
2024-08-15 09:53:23,21100.0,200,Sell,231730881
2024-08-15 09:53:28,21100.0,100,Sell,231730944
2024-08-15 09:53:33,21100.0,100,Sell,231731016
2024-08-15 09:54:22,21100.0,2000,Sell,231731653
2024-08-15 09:54:22,21100.0,12400,Sell,231731654
2024-08-15 09:54:22,21100.0,5600,Sell,231731652
2024-08-15 09:54:37,21100.0,7600,Sell,231731840
2024-08-15 09:54:37,21100.0,500,Sell,231731841
2024-08-15 09:54:37,21100.0,1900,Sell,231731842
2024-08-15 09:54:43,21100.0,500,Sell,231731969
2024-08-15 09:54:48,21100.0,100,Sell,231732032
2024-08-15 09:55:01,21100.0,2500,Sell,231732216
2024-08-15 09:55:01,21100.0,6600,Sell,231732217
2024-08-15 09:55:23,21100.0,9100,Sell,231732639
2024-08-15 09:55:41,21100.0,1000,Sell,231732857
2024-08-15 09:55:50,21100.0,100,Sell,231732982
2024-08-15 09:55:53,21100.0,100,Sell,231733041
2024-08-15 09:56:11,21100.0,200,Sell,231733251
2024-08-15 09:56:36,21100.0,400,Sell,231733572
2024-08-15 09:56:49,21100.0,300,Sell,231733796
2024-08-15 09:56:53,21100.0,3600,Sell,231733838
2024-08-15 09:56:53,21100.0,1000,Sell,231733837
2024-08-15 09:56:53,21100.0,500,Sell,231733836
2024-08-15 09:56:53,21100.0,2200,Sell,231733832
2024-08-15 09:56:53,21100.0,500,Sell,231733834
2024-08-15 09:56:53,21100.0,200,Sell,231733833
2024-08-15 09:56:53,21100.0,500,Sell,231733835
2024-08-15 09:57:20,21100.0,1400,Sell,231734306
2024-08-15 09:57:20,21100.0,3200,Sell,231734308
2024-08-15 09:57:20,21100.0,1400,Sell,231734310
2024-08-15 09:57:20,21100.0,400,Sell,231734307
2024-08-15 09:57:40,21150.0,200,Buy,231734707
2024-08-15 09:57:56,21100.0,1800,Sell,231734894
2024-08-15 09:58:00,21100.0,1000,Sell,231734932
2024-08-15 09:58:00,21100.0,1100,Sell,231734930
2024-08-15 09:58:00,21100.0,6300,Sell,231734931
2024-08-15 09:58:03,21100.0,2000,Sell,231735032
2024-08-15 09:58:03,21100.0,800,Sell,231735033
2024-08-15 09:58:04,21100.0,800,Sell,231735050
2024-08-15 09:58:07,21100.0,100,Sell,231735097
2024-08-15 09:58:07,21100.0,1400,Sell,231735093
2024-08-15 09:58:08,21100.0,100,Sell,231735117
2024-08-15 09:58:08,21100.0,5000,Sell,231735118
2024-08-15 09:58:08,21100.0,1000,Sell,231735119
2024-08-15 09:58:08,21100.0,2000,Sell,231735120
2024-08-15 09:58:08,21100.0,300,Sell,231735121
2024-08-15 09:58:08,21100.0,100,Sell,231735122
2024-08-15 09:58:08,21100.0,500,Sell,231735124
2024-08-15 09:58:08,21100.0,2000,Sell,231735125
2024-08-15 09:58:08,21100.0,100,Sell,231735126
2024-08-15 09:58:08,21100.0,500,Sell,231735127
2024-08-15 09:58:08,21100.0,100,Sell,231735116
2024-08-15 09:58:08,21100.0,100,Sell,231735123
2024-08-15 09:58:20,21100.0,100,Sell,231735326
2024-08-15 09:58:36,21100.0,100,Sell,231735613
2024-08-15 09:58:39,21100.0,3600,Sell,231735658
2024-08-15 09:58:48,21100.0,1300,Sell,231735765
2024-08-15 09:58:49,21150.0,100,Buy,231735773
2024-08-15 09:59:01,21150.0,500,Buy,231735954
2024-08-15 09:59:41,21150.0,100,Buy,231736536
2024-08-15 09:59:46,21100.0,4400,Sell,231736588
2024-08-15 09:59:46,21100.0,30000,Sell,231736589
2024-08-15 09:59:46,21100.0,1000,Sell,231736590
2024-08-15 09:59:46,21100.0,5000,Sell,231736591
2024-08-15 09:59:46,21100.0,9600,Sell,231736592
2024-08-15 09:59:55,21100.0,15400,Sell,231736713
2024-08-15 09:59:55,21100.0,200,Sell,231736715
2024-08-15 09:59:55,21100.0,500,Sell,231736716
2024-08-15 09:59:55,21100.0,400,Sell,231736717
2024-08-15 09:59:55,21100.0,15000,Sell,231736718
2024-08-15 09:59:55,21100.0,500,Sell,231736719
2024-08-15 09:59:55,21100.0,5000,Sell,231736720
2024-08-15 09:59:55,21100.0,400,Sell,231736721
2024-08-15 09:59:55,21100.0,100,Sell,231736714
2024-08-15 10:00:06,21100.0,12500,Buy,231736833
2024-08-15 10:00:08,21100.0,100,Sell,231736859
2024-08-15 10:00:14,21100.0,2700,Sell,231736955
2024-08-15 10:00:15,21100.0,200,Sell,231736971
2024-08-15 10:00:15,21100.0,2400,Sell,231736964
2024-08-15 10:00:15,21100.0,8300,Sell,231736965
2024-08-15 10:00:17,21100.0,1900,Sell,231737010
2024-08-15 10:00:17,21100.0,1500,Sell,231737011
2024-08-15 10:00:19,21100.0,400,Sell,231737020
2024-08-15 10:00:19,21100.0,100,Sell,231737021
2024-08-15 10:00:19,21100.0,600,Sell,231737022
2024-08-15 10:00:19,21100.0,9400,Sell,231737033
2024-08-15 10:00:19,21100.0,5000,Sell,231737034
2024-08-15 10:00:27,21100.0,5000,Buy,231737111
2024-08-15 10:00:56,21100.0,200,Buy,231737455
2024-08-15 10:01:01,21100.0,100,Buy,231737516
2024-08-15 10:01:02,21100.0,500,Buy,231737521
2024-08-15 10:01:19,21100.0,200,Buy,231737772
2024-08-15 10:01:43,21100.0,1000,Buy,231738114
2024-08-15 10:02:03,21050.0,8000,Sell,231738338
2024-08-15 10:02:17,21100.0,500,Buy,231738494
2024-08-15 10:02:21,21050.0,1000,Sell,231738583
2024-08-15 10:02:22,21050.0,100,Sell,231738608
2024-08-15 10:02:26,21100.0,1000,Buy,231738655
2024-08-15 10:02:31,21100.0,1000,Buy,231738799
2024-08-15 10:02:41,21100.0,500,Buy,231738891
2024-08-15 10:03:00,21100.0,1000,Buy,231739200
2024-08-15 10:03:03,21100.0,500,Buy,231739384
2024-08-15 10:03:09,21100.0,2000,Buy,231739454
2024-08-15 10:03:20,21100.0,2000,Buy,231739750
2024-08-15 10:03:24,21100.0,3500,Buy,231739812
2024-08-15 10:03:31,21100.0,1000,Buy,231739922
2024-08-15 10:03:50,21050.0,100,Sell,231740261
2024-08-15 10:03:54,21100.0,200,Buy,231740318
2024-08-15 10:03:55,21100.0,700,Buy,231740338
2024-08-15 10:04:05,21050.0,2000,Sell,231740530
2024-08-15 10:04:07,21050.0,300,Sell,231740550
2024-08-15 10:05:01,21050.0,500,Sell,231741506
2024-08-15 10:05:37,21100.0,100,Buy,231742283
2024-08-15 10:06:16,21100.0,200,Buy,231743075
2024-08-15 10:06:25,21050.0,41900,Sell,231743226
2024-08-15 10:06:27,21050.0,6700,Sell,231743250
2024-08-15 10:06:28,21050.0,100,Sell,231743262
2024-08-15 10:06:28,21050.0,900,Sell,231743261
2024-08-15 10:06:29,21050.0,100,Sell,231743279
2024-08-15 10:06:38,21100.0,200,Buy,231743434
2024-08-15 10:06:50,21050.0,100,Sell,231743610
2024-08-15 10:06:50,21050.0,5000,Sell,231743611
2024-08-15 10:06:50,21050.0,300,Sell,231743612
2024-08-15 10:06:50,21050.0,2100,Sell,231743613
2024-08-15 10:06:50,21050.0,5000,Sell,231743614
2024-08-15 10:06:50,21050.0,800,Sell,231743609
2024-08-15 10:06:51,21050.0,1000,Sell,231743625
2024-08-15 10:06:51,21050.0,1100,Sell,231743626
2024-08-15 10:06:52,21050.0,300,Sell,231743634
2024-08-15 10:06:52,21050.0,2400,Sell,231743638
2024-08-15 10:06:53,21050.0,400,Sell,231743640
2024-08-15 10:06:54,21050.0,2700,Sell,231743657
2024-08-15 10:06:55,21050.0,1500,Sell,231743669
2024-08-15 10:06:55,21050.0,400,Sell,231743670
2024-08-15 10:06:55,21050.0,1200,Sell,231743677
2024-08-15 10:06:56,21050.0,300,Sell,231743680
2024-08-15 10:06:57,21050.0,200,Sell,231743710
2024-08-15 10:06:58,21050.0,1100,Sell,231743725
2024-08-15 10:06:59,21050.0,100,Sell,231743735
2024-08-15 10:06:59,21050.0,1900,Sell,231743740
2024-08-15 10:07:00,21050.0,300,Sell,231743750
2024-08-15 10:07:01,21050.0,600,Sell,231743759
2024-08-15 10:07:01,21050.0,100,Sell,231743760
2024-08-15 10:07:02,21050.0,100,Sell,231743779
2024-08-15 10:07:02,21050.0,100,Sell,231743780
2024-08-15 10:07:06,21050.0,100,Sell,231743850
2024-08-15 10:07:06,21050.0,100,Sell,231743851
2024-08-15 10:07:06,21050.0,600,Sell,231743852
2024-08-15 10:07:07,21050.0,100,Sell,231743859
2024-08-15 10:07:07,21050.0,100,Sell,231743867
2024-08-15 10:07:09,21100.0,10000,Buy,231743888
2024-08-15 10:07:16,21050.0,200,Sell,231744078
2024-08-15 10:07:21,21050.0,100,Sell,231744235
2024-08-15 10:07:43,21050.0,900,Sell,231744736
2024-08-15 10:07:44,21050.0,100,Sell,231744809
2024-08-15 10:07:44,21050.0,200,Sell,231744776
2024-08-15 10:07:44,21050.0,100,Sell,231744777
2024-08-15 10:07:44,21050.0,1000,Sell,231744778
2024-08-15 10:07:44,21050.0,300,Sell,231744779
2024-08-15 10:07:44,21050.0,100,Sell,231744775
2024-08-15 10:07:44,21050.0,100,Sell,231744782
2024-08-15 10:07:44,21050.0,100,Sell,231744783
2024-08-15 10:07:44,21050.0,2000,Sell,231744784
2024-08-15 10:07:44,21050.0,500,Sell,231744785
2024-08-15 10:07:44,21050.0,1000,Sell,231744786
2024-08-15 10:07:44,21050.0,100,Sell,231744787
2024-08-15 10:07:44,21050.0,5000,Sell,231744788
2024-08-15 10:07:44,21050.0,2000,Sell,231744789
2024-08-15 10:07:44,21050.0,700,Sell,231744790
2024-08-15 10:07:44,21050.0,100,Sell,231744791
2024-08-15 10:07:44,21050.0,100,Sell,231744792
2024-08-15 10:07:44,21050.0,100,Sell,231744793
2024-08-15 10:07:44,21050.0,100,Sell,231744808
2024-08-15 10:07:44,21050.0,400,Sell,231744806
2024-08-15 10:07:44,21050.0,500,Sell,231744805
2024-08-15 10:07:44,21050.0,2500,Sell,231744804
2024-08-15 10:07:44,21050.0,100,Sell,231744803
2024-08-15 10:07:44,21050.0,1000,Sell,231744802
2024-08-15 10:07:44,21050.0,118900,Sell,231744810
2024-08-15 10:07:44,21050.0,200,Sell,231744801
2024-08-15 10:07:44,21050.0,5000,Sell,231744799
2024-08-15 10:07:44,21050.0,2900,Sell,231744798
2024-08-15 10:07:44,21050.0,11000,Sell,231744797
2024-08-15 10:07:44,21050.0,10000,Sell,231744796
2024-08-15 10:07:44,21050.0,100,Sell,231744795
2024-08-15 10:07:44,21050.0,3000,Sell,231744794
2024-08-15 10:07:44,21050.0,1000,Sell,231744800
2024-08-15 10:07:44,21050.0,2000,Sell,231744774
2024-08-15 10:07:44,21050.0,300,Sell,231744781
2024-08-15 10:07:44,21050.0,200,Sell,231744772
2024-08-15 10:07:44,21050.0,500,Sell,231744752
2024-08-15 10:07:44,21050.0,4000,Sell,231744751
2024-08-15 10:07:44,21050.0,4000,Sell,231744750
2024-08-15 10:07:44,21050.0,2000,Sell,231744749
2024-08-15 10:07:44,21050.0,6000,Sell,231744748
2024-08-15 10:07:44,21050.0,100,Sell,231744747
2024-08-15 10:07:44,21050.0,100,Sell,231744746
2024-08-15 10:07:44,21050.0,5000,Sell,231744753
2024-08-15 10:07:44,21050.0,100,Sell,231744745
2024-08-15 10:07:44,21050.0,100,Sell,231744743
2024-08-15 10:07:44,21050.0,5000,Sell,231744742
2024-08-15 10:07:44,21050.0,100,Sell,231744741
2024-08-15 10:07:44,21050.0,100,Sell,231744740
2024-08-15 10:07:44,21050.0,100,Sell,231744739
2024-08-15 10:07:44,21050.0,10000,Sell,231744738
2024-08-15 10:07:44,21050.0,100,Sell,231744773
2024-08-15 10:07:44,21050.0,100,Sell,231744744
2024-08-15 10:07:44,21050.0,20000,Sell,231744754
2024-08-15 10:07:44,21050.0,100,Sell,231744780
2024-08-15 10:07:44,21050.0,1000,Sell,231744756
2024-08-15 10:07:44,21050.0,100,Sell,231744770
2024-08-15 10:07:44,21050.0,100,Sell,231744769
2024-08-15 10:07:44,21050.0,200,Sell,231744768
2024-08-15 10:07:44,21050.0,1000,Sell,231744767
2024-08-15 10:07:44,21050.0,100,Sell,231744766
2024-08-15 10:07:44,21050.0,100,Sell,231744765
2024-08-15 10:07:44,21050.0,100,Sell,231744764
2024-08-15 10:07:44,21050.0,1600,Sell,231744755
2024-08-15 10:07:44,21050.0,2000,Sell,231744762
2024-08-15 10:07:44,21050.0,100,Sell,231744761
2024-08-15 10:07:44,21050.0,200,Sell,231744760
2024-08-15 10:07:44,21050.0,100,Sell,231744759
2024-08-15 10:07:44,21050.0,1000,Sell,231744758
2024-08-15 10:07:44,21050.0,10000,Sell,231744757
2024-08-15 10:07:44,21050.0,100,Sell,231744763
2024-08-15 10:07:44,21050.0,1000,Sell,231744771
2024-08-15 10:07:45,21050.0,40000,Sell,231744838
2024-08-15 10:07:46,21050.0,6400,Sell,231744843
2024-08-15 10:07:47,21050.0,1000,Sell,231744854
2024-08-15 10:07:48,21050.0,100,Sell,231744916
2024-08-15 10:07:53,21050.0,6000,Sell,231744959
2024-08-15 10:07:54,21050.0,900,Sell,231744975
2024-08-15 10:07:55,21050.0,100,Sell,231744990
2024-08-15 10:07:56,21050.0,7000,Sell,231745020
2024-08-15 10:07:57,21050.0,19600,Sell,231745043
2024-08-15 10:07:57,21050.0,100,Sell,231745093
2024-08-15 10:07:57,21050.0,400,Sell,231745092
2024-08-15 10:07:57,21050.0,1000,Sell,231745090
2024-08-15 10:07:57,21050.0,1000,Sell,231745089
2024-08-15 10:07:57,21050.0,1100,Sell,231745088
2024-08-15 10:07:57,21050.0,1100,Sell,231745082
2024-08-15 10:07:57,21050.0,7800,Sell,231745058
2024-08-15 10:07:57,21050.0,1000,Sell,231745057
2024-08-15 10:07:57,21050.0,15000,Sell,231745056
2024-08-15 10:07:57,21050.0,500,Sell,231745055
2024-08-15 10:07:57,21050.0,100,Sell,231745091
2024-08-15 10:07:57,21050.0,200,Sell,231745053
2024-08-15 10:07:57,21050.0,5000,Sell,231745054
2024-08-15 10:07:57,21050.0,1000,Sell,231745044
2024-08-15 10:07:57,21050.0,15000,Sell,231745045
2024-08-15 10:07:57,21050.0,3000,Sell,231745046
2024-08-15 10:07:57,21050.0,900,Sell,231745047
2024-08-15 10:07:57,21050.0,600,Sell,231745051
2024-08-15 10:07:57,21050.0,1000,Sell,231745049
2024-08-15 10:07:57,21050.0,600,Sell,231745050
2024-08-15 10:07:57,21050.0,2300,Sell,231745052
2024-08-15 10:07:57,21050.0,500,Sell,231745048
2024-08-15 10:07:58,21050.0,200,Sell,231745125
2024-08-15 10:07:58,21050.0,200,Sell,231745124
2024-08-15 10:07:58,21050.0,7700,Sell,231745123
2024-08-15 10:07:58,21050.0,200,Sell,231745122
2024-08-15 10:07:58,21050.0,500,Sell,231745121
2024-08-15 10:07:58,21050.0,200,Sell,231745120
2024-08-15 10:07:58,21050.0,700,Sell,231745118
2024-08-15 10:07:58,21050.0,500,Sell,231745116
2024-08-15 10:07:58,21050.0,100,Sell,231745115
2024-08-15 10:07:58,21050.0,500,Sell,231745114
2024-08-15 10:07:58,21050.0,1900,Sell,231745113
2024-08-15 10:07:58,21050.0,100,Sell,231745119
2024-08-15 10:07:58,21050.0,100,Sell,231745117
2024-08-15 10:08:12,21050.0,200,Buy,231745332
2024-08-15 10:08:34,21050.0,100,Buy,231745738
2024-08-15 10:08:42,21050.0,1000,Buy,231745843
2024-08-15 10:08:57,21050.0,100,Buy,231746108
2024-08-15 10:09:06,21050.0,500,Buy,231746241
2024-08-15 10:09:25,21050.0,2100,Buy,231746551
2024-08-15 10:09:40,21050.0,1000,Buy,231746802
2024-08-15 10:10:01,21050.0,1000,Buy,231747088
2024-08-15 10:10:13,21050.0,5000,Buy,231747235
2024-08-15 10:10:24,21000.0,900,Sell,231747373
2024-08-15 10:10:25,21000.0,100,Sell,231747391
2024-08-15 10:10:36,21000.0,1000,Sell,231747516
2024-08-15 10:10:37,21000.0,100,Sell,231747526
2024-08-15 10:10:41,21050.0,6200,Buy,231747554
2024-08-15 10:10:59,21050.0,1000,Buy,231747800
2024-08-15 10:11:00,21050.0,500,Buy,231747802
2024-08-15 10:11:04,21050.0,10000,Buy,231747851
2024-08-15 10:11:07,21000.0,100,Sell,231747876
2024-08-15 10:11:10,21050.0,100,Buy,231747907
2024-08-15 10:11:35,21050.0,2000,Buy,231748264
2024-08-15 10:11:49,21050.0,400,Buy,231748475
2024-08-15 10:11:50,21050.0,1000,Buy,231748488
2024-08-15 10:12:06,21050.0,100,Buy,231748666
2024-08-15 10:12:24,21050.0,100,Buy,231748960
2024-08-15 10:12:30,21000.0,200,Sell,231749019
2024-08-15 10:13:06,21000.0,300,Sell,231749602
2024-08-15 10:13:18,21050.0,100,Buy,231749769
2024-08-15 10:13:24,21050.0,200,Buy,231749837
2024-08-15 10:13:31,21000.0,12000,Sell,231750012
2024-08-15 10:13:32,21000.0,1900,Sell,231750031
2024-08-15 10:13:33,21000.0,300,Sell,231750067
2024-08-15 10:13:59,21000.0,10000,Sell,231750368
2024-08-15 10:14:01,21000.0,1600,Sell,231750391
2024-08-15 10:14:02,21000.0,200,Sell,231750402
2024-08-15 10:14:05,21050.0,100,Buy,231750475
2024-08-15 10:14:08,21050.0,100,Buy,231750549
2024-08-15 10:14:08,21000.0,5000,Sell,231750550
2024-08-15 10:14:09,21050.0,12100,Buy,231750552
2024-08-15 10:14:09,21000.0,800,Sell,231750558
2024-08-15 10:14:10,21000.0,2000,Sell,231750571
2024-08-15 10:14:11,21000.0,300,Sell,231750590
2024-08-15 10:14:25,21050.0,600,Buy,231750778
2024-08-15 10:14:28,21050.0,2000,Buy,231750857
2024-08-15 10:14:33,21050.0,500,Buy,231750925
2024-08-15 10:14:40,21050.0,9000,Buy,231751039
2024-08-15 10:14:41,21050.0,2000,Buy,231751050
2024-08-15 10:14:45,21000.0,11800,Sell,231751101
2024-08-15 10:14:46,21000.0,400,Sell,231751172
2024-08-15 10:14:46,21000.0,1400,Sell,231751171
2024-08-15 10:14:47,21000.0,200,Sell,231751182
2024-08-15 10:14:47,21050.0,200,Buy,231751199
2024-08-15 10:14:49,21050.0,53000,Buy,231751226
2024-08-15 10:14:52,21050.0,14000,Buy,231751277
2024-08-15 10:14:56,21050.0,1000,Buy,231751314
2024-08-15 10:15:02,21050.0,1000,Buy,231751383
2024-08-15 10:15:03,21050.0,2000,Buy,231751407
2024-08-15 10:15:03,21050.0,200,Buy,231751408
2024-08-15 10:15:04,21050.0,2000,Buy,231751420
2024-08-15 10:15:10,21050.0,400,Buy,231751455
2024-08-15 10:15:10,21050.0,5000,Buy,231751457
2024-08-15 10:15:18,21050.0,6000,Buy,231751564
2024-08-15 10:15:26,21050.0,100,Buy,231751637
2024-08-15 10:15:30,21000.0,9100,Sell,231751707
2024-08-15 10:15:31,21000.0,1400,Sell,231751721
2024-08-15 10:15:32,21000.0,200,Sell,231751750
2024-08-15 10:15:37,21050.0,5000,Buy,231751868
2024-08-15 10:15:44,21050.0,100,Buy,231751987
2024-08-15 10:16:10,21050.0,3000,Buy,231752500
2024-08-15 10:16:27,21050.0,1000,Buy,231752761
2024-08-15 10:16:44,21050.0,100,Buy,231753036
2024-08-15 10:16:58,21000.0,10000,Sell,231753267
2024-08-15 10:16:59,21000.0,1600,Sell,231753284
2024-08-15 10:17:00,21000.0,200,Sell,231753308
2024-08-15 10:17:00,21050.0,300,Buy,231753313
2024-08-15 10:17:11,21050.0,500,Buy,231753477
2024-08-15 10:17:34,21050.0,200,Buy,231753829
2024-08-15 10:17:44,21050.0,5000,Buy,231754017
2024-08-15 10:18:06,21050.0,100,Buy,231754335
2024-08-15 10:18:07,21050.0,1000,Buy,231754351
2024-08-15 10:18:08,21050.0,1000,Buy,231754360
2024-08-15 10:18:39,21050.0,100,Buy,231754833
2024-08-15 10:18:47,21050.0,1100,Buy,231754942
2024-08-15 10:18:50,21050.0,100,Buy,231754986
2024-08-15 10:18:52,21050.0,200,Buy,231755027
2024-08-15 10:18:54,21050.0,100,Buy,231755048
2024-08-15 10:18:59,21050.0,3000,Buy,231755193
2024-08-15 10:19:12,21050.0,500,Buy,231755431
2024-08-15 10:19:14,21050.0,600,Buy,231755456
2024-08-15 10:19:15,21050.0,200,Buy,231755477
2024-08-15 10:19:24,21000.0,300,Sell,231755654
2024-08-15 10:19:26,21050.0,100,Buy,231755802
2024-08-15 10:19:34,21050.0,1000,Buy,231755953
2024-08-15 10:19:59,21050.0,1000,Buy,231756422
2024-08-15 10:20:18,21050.0,1000,Buy,231756876
2024-08-15 10:20:35,21050.0,100,Buy,231757300
2024-08-15 10:20:47,21050.0,1000,Buy,231757540
2024-08-15 10:20:49,21050.0,300,Buy,231757583
2024-08-15 10:21:13,21050.0,500,Buy,231758289
2024-08-15 10:21:26,21050.0,100,Buy,231758604
2024-08-15 10:21:32,21000.0,400,Sell,231758766
2024-08-15 10:22:03,21000.0,1000,Sell,231759309
2024-08-15 10:22:04,21000.0,100,Sell,231759332
2024-08-15 10:22:05,21000.0,100,Sell,231759348
2024-08-15 10:22:17,21000.0,100,Sell,231759667
2024-08-15 10:22:21,21000.0,100,Sell,231759772
2024-08-15 10:22:33,21000.0,1000,Sell,231760105
2024-08-15 10:22:34,21000.0,100,Sell,231760128
2024-08-15 10:22:34,21000.0,10000,Sell,231760124
2024-08-15 10:22:35,21000.0,1600,Sell,231760166
2024-08-15 10:22:36,21000.0,200,Sell,231760190
2024-08-15 10:22:41,21050.0,1000,Buy,231760465
2024-08-15 10:23:06,21050.0,1000,Buy,231761245
2024-08-15 10:23:14,21050.0,400,Buy,231761424
2024-08-15 10:23:39,21050.0,1000,Buy,231762089
2024-08-15 10:24:11,21050.0,500,Buy,231762831
2024-08-15 10:24:49,21050.0,200,Buy,231763624
2024-08-15 10:24:56,21050.0,1000,Buy,231763830
2024-08-15 10:25:15,21050.0,500,Buy,231764202
2024-08-15 10:25:17,21050.0,5000,Buy,231764238
2024-08-15 10:25:18,21000.0,800,Sell,231764251
2024-08-15 10:25:19,21000.0,100,Sell,231764275
2024-08-15 10:25:25,21050.0,800,Buy,231764488
2024-08-15 10:25:26,21000.0,100,Sell,231764497
2024-08-15 10:25:38,21000.0,5000,Sell,231764709
2024-08-15 10:25:39,21000.0,2000,Sell,231764721
2024-08-15 10:25:40,21000.0,1100,Sell,231764744
2024-08-15 10:25:41,21000.0,100,Sell,231764768
2024-08-15 10:25:55,21000.0,17300,Sell,231765074
2024-08-15 10:25:55,21000.0,2700,Sell,231765073
2024-08-15 10:25:56,21000.0,3200,Sell,231765093
2024-08-15 10:25:56,21000.0,500,Sell,231765094
2024-08-15 10:25:57,21000.0,500,Sell,231765119
2024-08-15 10:25:58,21000.0,100,Sell,231765143
2024-08-15 10:26:09,21050.0,500,Buy,231765350
2024-08-15 10:26:26,21050.0,100,Buy,231765771
2024-08-15 10:26:41,21000.0,5000,Sell,231766144
2024-08-15 10:26:42,21000.0,800,Sell,231766192
2024-08-15 10:26:43,21000.0,100,Sell,231766202
2024-08-15 10:26:52,21050.0,2000,Buy,231766393
2024-08-15 10:26:54,21000.0,300,Sell,231766486
2024-08-15 10:27:01,21050.0,1300,Buy,231766637
2024-08-15 10:27:03,21000.0,200,Sell,231766665
2024-08-15 10:27:06,21000.0,100,Sell,231766710
2024-08-15 10:27:16,21050.0,2000,Buy,231766893
2024-08-15 10:27:16,21050.0,500,Buy,231766903
2024-08-15 10:27:17,21000.0,400,Sell,231766913
2024-08-15 10:27:56,21000.0,3000,Sell,231767665
2024-08-15 10:27:57,21000.0,400,Sell,231767682
2024-08-15 10:28:07,21050.0,100,Buy,231767898
2024-08-15 10:28:17,21000.0,3000,Sell,231768091
2024-08-15 10:28:19,21000.0,400,Sell,231768114
2024-08-15 10:28:23,21000.0,14700,Sell,231768246
2024-08-15 10:28:23,21000.0,300,Sell,231768247
2024-08-15 10:28:23,21000.0,2000,Sell,231768248
2024-08-15 10:28:23,21000.0,200,Sell,231768249
2024-08-15 10:28:23,21000.0,300,Sell,231768250
2024-08-15 10:28:23,21000.0,300,Sell,231768251
2024-08-15 10:28:23,21000.0,1200,Sell,231768253
2024-08-15 10:28:23,21000.0,1000,Sell,231768252
2024-08-15 10:28:25,21000.0,3200,Sell,231768273
2024-08-15 10:28:26,21000.0,500,Sell,231768289
2024-08-15 10:28:29,21050.0,2000,Buy,231768331
2024-08-15 10:28:30,21050.0,200,Buy,231768352
2024-08-15 10:28:30,21000.0,300,Sell,231768354
2024-08-15 10:28:35,21000.0,500,Sell,231768495
2024-08-15 10:28:54,21000.0,44200,Sell,231769006
2024-08-15 10:28:54,21000.0,500,Sell,231769004
2024-08-15 10:28:54,21000.0,5300,Sell,231769003
2024-08-15 10:28:54,21000.0,50000,Sell,231769005
2024-08-15 10:28:56,21000.0,10200,Sell,231769025
2024-08-15 10:28:56,21000.0,100,Sell,231769038
2024-08-15 10:28:56,21000.0,5800,Sell,231769024
2024-08-15 10:28:57,21000.0,2500,Sell,231769051
2024-08-15 10:28:58,21000.0,400,Sell,231769066
2024-08-15 10:29:08,21000.0,300,Sell,231769254
2024-08-15 10:29:08,21000.0,500,Sell,231769252
2024-08-15 10:29:08,21000.0,200,Sell,231769251
2024-08-15 10:29:08,21000.0,100,Sell,231769250
2024-08-15 10:29:08,21000.0,100,Sell,231769249
2024-08-15 10:29:08,21000.0,100,Sell,231769248
2024-08-15 10:29:08,21000.0,1000,Sell,231769247
2024-08-15 10:29:08,21000.0,200,Sell,231769246
2024-08-15 10:29:08,21000.0,100,Sell,231769253
2024-08-15 10:29:08,21000.0,200,Sell,231769244
2024-08-15 10:29:08,21000.0,100,Sell,231769243
2024-08-15 10:29:08,21000.0,100,Sell,231769242
2024-08-15 10:29:08,21000.0,100,Sell,231769241
2024-08-15 10:29:08,21000.0,1000,Sell,231769240
2024-08-15 10:29:08,21000.0,50000,Sell,231769239
2024-08-15 10:29:08,21000.0,36800,Sell,231769237
2024-08-15 10:29:08,21000.0,50000,Sell,231769238
2024-08-15 10:29:08,21000.0,100,Sell,231769245
2024-08-15 10:29:09,21000.0,9500,Sell,231769305
2024-08-15 10:29:09,21000.0,500,Sell,231769304
2024-08-15 10:29:09,21000.0,100,Sell,231769303
2024-08-15 10:29:09,21000.0,900,Sell,231769302
2024-08-15 10:29:09,21000.0,200,Sell,231769301
2024-08-15 10:29:09,21000.0,6000,Sell,231769300
2024-08-15 10:29:09,21000.0,100,Sell,231769299
2024-08-15 10:29:09,21000.0,100,Sell,231769295
2024-08-15 10:29:09,21000.0,100,Sell,231769297
2024-08-15 10:29:09,21000.0,100,Sell,231769296
2024-08-15 10:29:09,21000.0,300,Sell,231769294
2024-08-15 10:29:09,21000.0,100,Sell,231769293
2024-08-15 10:29:09,21000.0,700,Sell,231769292
2024-08-15 10:29:09,21000.0,2000,Sell,231769291
2024-08-15 10:29:09,21000.0,1700,Sell,231769290
2024-08-15 10:29:09,21000.0,100,Sell,231769298
2024-08-15 10:29:10,21000.0,3600,Sell,231769320
2024-08-15 10:29:11,21000.0,8000,Sell,231769360
2024-08-15 10:29:11,21000.0,100,Sell,231769359
2024-08-15 10:29:11,21000.0,500,Sell,231769351
2024-08-15 10:29:11,21000.0,500,Sell,231769357
2024-08-15 10:29:11,21000.0,1000,Sell,231769358
2024-08-15 10:29:11,21000.0,11400,Sell,231769356
2024-08-15 10:29:12,21000.0,3400,Sell,231769369
2024-08-15 10:29:13,21000.0,6900,Sell,231769380
2024-08-15 10:29:13,21000.0,6000,Sell,231769381
2024-08-15 10:29:13,21000.0,500,Sell,231769386
2024-08-15 10:29:14,21000.0,2100,Sell,231769401
2024-08-15 10:29:15,21000.0,300,Sell,231769418
2024-08-15 10:29:17,21000.0,3700,Sell,231769445
2024-08-15 10:29:17,21000.0,4800,Sell,231769446
2024-08-15 10:29:17,21000.0,3000,Sell,231769444
2024-08-15 10:29:18,21000.0,1800,Sell,231769462
2024-08-15 10:29:19,21000.0,200,Sell,231769480
2024-08-15 10:29:19,21000.0,200,Sell,231769481
2024-08-15 10:29:21,21000.0,2700,Sell,231769532
2024-08-15 10:29:21,21000.0,300,Sell,231769523
2024-08-15 10:29:21,21000.0,1500,Sell,231769524
2024-08-15 10:29:23,21000.0,200,Sell,231769573
2024-08-15 10:29:23,21000.0,700,Sell,231769572
2024-08-15 10:29:24,21000.0,100,Sell,231769599
2024-08-15 10:29:25,21000.0,200,Sell,231769605
2024-08-15 10:29:26,21000.0,300,Sell,231769620
2024-08-15 10:29:32,21000.0,6000,Sell,231769757
2024-08-15 10:29:33,21000.0,900,Sell,231769765
2024-08-15 10:29:34,21000.0,100,Sell,231769784
2024-08-15 10:29:34,21000.0,21000,Sell,231769785
2024-08-15 10:29:35,21000.0,3300,Sell,231769797
2024-08-15 10:29:35,21000.0,3700,Sell,231769795
2024-08-15 10:29:35,21000.0,6900,Sell,231769794
2024-08-15 10:29:36,21000.0,2200,Sell,231769831
2024-08-15 10:29:36,21000.0,300,Sell,231769835
2024-08-15 10:29:36,21000.0,2700,Sell,231769836
2024-08-15 10:29:37,21000.0,800,Sell,231769851
2024-08-15 10:29:37,21000.0,3000,Sell,231769864
2024-08-15 10:29:38,21000.0,300,Sell,231769883
2024-08-15 10:29:38,21000.0,4600,Sell,231769882
2024-08-15 10:29:38,21000.0,1600,Sell,231769880
2024-08-15 10:29:38,21000.0,600,Sell,231769875
2024-08-15 10:29:38,21000.0,400,Sell,231769881
2024-08-15 10:29:39,21000.0,1200,Sell,231769902
2024-08-15 10:29:40,21000.0,100,Sell,231769913
2024-08-15 10:29:41,21050.0,100,Buy,231769926
2024-08-15 10:29:42,21000.0,300,Sell,231769960
2024-08-15 10:29:42,21000.0,1400,Sell,231769961
2024-08-15 10:29:43,21000.0,200,Sell,231769978
2024-08-15 10:29:46,21000.0,300,Sell,231770002
2024-08-15 10:29:48,21000.0,1200,Sell,231770021
2024-08-15 10:29:48,21000.0,300,Sell,231770022
2024-08-15 10:29:48,21000.0,300,Sell,231770024
2024-08-15 10:29:48,21000.0,700,Sell,231770023
2024-08-15 10:29:49,21000.0,400,Sell,231770047
2024-08-15 10:29:51,21000.0,200,Sell,231770070
2024-08-15 10:29:54,21000.0,100,Sell,231770104
2024-08-15 10:29:54,21000.0,3200,Sell,231770107
2024-08-15 10:29:54,21000.0,100,Sell,231770106
2024-08-15 10:29:54,21000.0,500,Sell,231770105
2024-08-15 10:29:54,21000.0,100,Sell,231770103
2024-08-15 10:29:54,21000.0,1000,Sell,231770101
2024-08-15 10:29:54,21000.0,100,Sell,231770097
2024-08-15 10:29:54,21000.0,200,Sell,231770098
2024-08-15 10:29:54,21000.0,100,Sell,231770102
2024-08-15 10:29:54,21000.0,500,Sell,231770100
2024-08-15 10:29:54,21000.0,100,Sell,231770099
2024-08-15 10:29:55,21000.0,900,Sell,231770120
2024-08-15 10:29:55,21000.0,15900,Sell,231770121
2024-08-15 10:29:55,21000.0,200,Sell,231770122
2024-08-15 10:29:55,21000.0,100,Sell,231770123
2024-08-15 10:29:55,21000.0,200,Sell,231770125
2024-08-15 10:29:55,21000.0,3000,Sell,231770126
2024-08-15 10:29:55,21000.0,100,Sell,231770127
2024-08-15 10:29:55,21000.0,1000,Sell,231770128
2024-08-15 10:29:55,21000.0,300,Sell,231770129
2024-08-15 10:29:55,21000.0,200,Sell,231770124
2024-08-15 10:29:56,21000.0,3700,Sell,231770143
2024-08-15 10:29:56,21000.0,3500,Sell,231770135
2024-08-15 10:29:56,21000.0,6900,Sell,231770142
2024-08-15 10:29:57,21000.0,500,Sell,231770177
2024-08-15 10:29:58,21000.0,100,Sell,231770192
2024-08-15 10:29:58,21000.0,300,Sell,231770197
2024-08-15 10:29:58,21000.0,100,Sell,231770196
2024-08-15 10:29:58,21000.0,100,Sell,231770191
2024-08-15 10:29:58,21000.0,100,Sell,231770194
2024-08-15 10:29:58,21000.0,500,Sell,231770193
2024-08-15 10:29:58,21000.0,500,Sell,231770195
2024-08-15 10:29:59,21000.0,200,Sell,231770202
2024-08-15 10:29:59,21000.0,500,Sell,231770211
2024-08-15 10:29:59,21000.0,500,Sell,231770212
2024-08-15 10:29:59,21000.0,600,Sell,231770214
2024-08-15 10:29:59,21000.0,100,Sell,231770215
2024-08-15 10:29:59,21000.0,1000,Sell,231770213
2024-08-15 10:30:00,21000.0,100,Sell,231770222
2024-08-15 10:30:00,21000.0,300,Sell,231770224
2024-08-15 10:30:00,21000.0,3000,Sell,231770229
2024-08-15 10:30:00,21000.0,4900,Sell,231770230
2024-08-15 10:30:01,21000.0,1000,Sell,231770239
2024-08-15 10:30:01,21000.0,1300,Sell,231770234
2024-08-15 10:30:02,21000.0,200,Sell,231770249
2024-08-15 10:30:03,21000.0,100,Sell,231770264
2024-08-15 10:30:04,21000.0,1300,Sell,231770283
2024-08-15 10:30:04,21000.0,300,Sell,231770284
2024-08-15 10:30:05,21000.0,200,Sell,231770293
2024-08-15 10:30:05,21000.0,800,Sell,231770300
2024-08-15 10:30:06,21000.0,100,Sell,231770305
2024-08-15 10:30:08,21000.0,200,Sell,231770385
2024-08-15 10:30:11,21000.0,1000,Sell,231770455
2024-08-15 10:30:12,21000.0,100,Sell,231770459
2024-08-15 10:30:13,21000.0,100,Sell,231770480
2024-08-15 10:30:13,21000.0,100,Sell,231770481
2024-08-15 10:30:13,21000.0,400,Sell,231770482
2024-08-15 10:30:13,21000.0,300,Sell,231770486
2024-08-15 10:30:13,21000.0,200,Sell,231770484
2024-08-15 10:30:13,21000.0,500,Sell,231770485
2024-08-15 10:30:13,21000.0,100,Sell,231770483
2024-08-15 10:30:13,21000.0,100,Sell,231770479
2024-08-15 10:30:13,21000.0,100,Sell,231770478
2024-08-15 10:30:13,21000.0,100,Sell,231770476
2024-08-15 10:30:13,21000.0,200,Sell,231770469
2024-08-15 10:30:13,21000.0,100,Sell,231770470
2024-08-15 10:30:13,21000.0,100,Sell,231770471
2024-08-15 10:30:13,21000.0,200,Sell,231770477
2024-08-15 10:30:13,21000.0,200,Sell,231770473
2024-08-15 10:30:13,21000.0,1000,Sell,231770475
2024-08-15 10:30:13,21000.0,1000,Sell,231770472
2024-08-15 10:30:13,21000.0,200,Sell,231770474
2024-08-15 10:30:14,21000.0,800,Sell,231770495
2024-08-15 10:30:15,21000.0,100,Sell,231770513
2024-08-15 10:30:16,21000.0,800,Sell,231770546
2024-08-15 10:30:16,21000.0,1200,Sell,231770547
2024-08-15 10:30:17,21000.0,300,Sell,231770557
2024-08-15 10:30:24,21000.0,600,Sell,231770694
2024-08-15 10:30:30,21000.0,1900,Sell,231770777
2024-08-15 10:30:30,21000.0,1000,Sell,231770775
2024-08-15 10:30:30,21000.0,200,Sell,231770773
2024-08-15 10:30:30,21000.0,100,Sell,231770772
2024-08-15 10:30:30,21000.0,100,Sell,231770771
2024-08-15 10:30:30,21000.0,200,Sell,231770776
2024-08-15 10:30:30,21000.0,100,Sell,231770769
2024-08-15 10:30:30,21000.0,100,Sell,231770770
2024-08-15 10:30:30,21000.0,1000,Sell,231770764
2024-08-15 10:30:30,21000.0,1900,Sell,231770766
2024-08-15 10:30:30,21000.0,200,Sell,231770774
2024-08-15 10:30:30,21000.0,100,Sell,231770767
2024-08-15 10:30:30,21000.0,100,Sell,231770768
2024-08-15 10:30:31,21000.0,1100,Sell,231770800
2024-08-15 10:30:31,21000.0,500,Sell,231770808
2024-08-15 10:30:31,21000.0,1100,Sell,231770792
2024-08-15 10:30:31,21000.0,200,Sell,231770791
2024-08-15 10:30:31,21000.0,200,Sell,231770790
2024-08-15 10:30:31,21000.0,1000,Sell,231770788
2024-08-15 10:30:31,21000.0,1200,Sell,231770787
2024-08-15 10:30:31,21000.0,3100,Sell,231770786
2024-08-15 10:30:31,21000.0,200,Sell,231770789
2024-08-15 10:30:32,21000.0,3700,Sell,231770823
2024-08-15 10:30:32,21000.0,1300,Sell,231770824
2024-08-15 10:30:33,21000.0,800,Sell,231770829
2024-08-15 10:30:34,21000.0,100,Sell,231770858
2024-08-15 10:30:34,21000.0,600,Sell,231770844
2024-08-15 10:30:34,21000.0,500,Sell,231770843
2024-08-15 10:30:34,21000.0,500,Sell,231770841
2024-08-15 10:30:34,21000.0,1000,Sell,231770840
2024-08-15 10:30:34,21000.0,300,Sell,231770842
2024-08-15 10:30:34,21000.0,1500,Sell,231770838
2024-08-15 10:30:34,21000.0,500,Sell,231770839
2024-08-15 10:30:35,21000.0,300,Sell,231770865
2024-08-15 10:30:35,21000.0,500,Sell,231770866
2024-08-15 10:30:35,21000.0,100,Sell,231770870
2024-08-15 10:30:35,21000.0,100,Sell,231770871
2024-08-15 10:30:35,21000.0,500,Sell,231770872
2024-08-15 10:30:35,21000.0,600,Sell,231770873
2024-08-15 10:30:35,21000.0,100,Sell,231770874
2024-08-15 10:30:35,21000.0,500,Sell,231770875
2024-08-15 10:30:35,21000.0,800,Sell,231770876
2024-08-15 10:30:36,21000.0,500,Sell,231770888
2024-08-15 10:30:37,21000.0,21000,Sell,231770917
2024-08-15 10:30:37,21000.0,300,Sell,231770935
2024-08-15 10:30:38,21000.0,3300,Sell,231770948
2024-08-15 10:30:39,21000.0,500,Sell,231770961
2024-08-15 10:30:39,21000.0,2000,Sell,231770960
2024-08-15 10:30:40,21000.0,400,Sell,231770979
2024-08-15 10:30:41,21000.0,200,Sell,231771016
2024-08-15 10:30:41,21000.0,3000,Sell,231771003
2024-08-15 10:30:41,21000.0,500,Sell,231771009
2024-08-15 10:30:42,21000.0,100,Sell,231771023
2024-08-15 10:30:44,21000.0,1400,Sell,231771052
2024-08-15 10:30:44,21000.0,6000,Sell,231771057
2024-08-15 10:30:45,21000.0,1100,Sell,231771075
2024-08-15 10:30:46,21000.0,100,Sell,231771077
2024-08-15 10:30:49,21000.0,100,Sell,231771120
2024-08-15 10:30:53,21000.0,300,Sell,231771174
2024-08-15 10:30:54,21000.0,100,Sell,231771191
2024-08-15 10:31:09,21000.0,4000,Sell,231771431
2024-08-15 10:31:10,21000.0,600,Sell,231771449
2024-08-15 10:31:16,21000.0,200,Sell,231771611
2024-08-15 10:31:23,21000.0,1000,Sell,231771696
2024-08-15 10:31:24,21000.0,100,Sell,231771719
2024-08-15 10:31:29,21050.0,1000,Buy,231771820
2024-08-15 10:31:30,21000.0,100,Sell,231771825
2024-08-15 10:31:48,21000.0,100,Sell,231772082
2024-08-15 10:31:50,21000.0,1200,Sell,231772112
2024-08-15 10:31:52,21000.0,100,Sell,231772141
2024-08-15 10:32:01,21000.0,2000,Sell,231772265
2024-08-15 10:32:02,21000.0,300,Sell,231772279
2024-08-15 10:32:03,21000.0,10000,Sell,231772307
2024-08-15 10:32:04,21000.0,1600,Sell,231772315
2024-08-15 10:32:05,21000.0,200,Sell,231772333
2024-08-15 10:32:07,21000.0,4800,Sell,231772365
2024-08-15 10:32:08,21000.0,700,Sell,231772498
2024-08-15 10:32:08,21000.0,500,Sell,231772499
2024-08-15 10:32:08,21000.0,100,Sell,231772500
2024-08-15 10:32:08,21000.0,200,Sell,231772501
2024-08-15 10:32:08,21000.0,1000,Sell,231772502
2024-08-15 10:32:08,21000.0,1000,Sell,231772503
2024-08-15 10:32:08,21000.0,100,Sell,231772508
2024-08-15 10:32:08,21000.0,500,Sell,231772505
2024-08-15 10:32:08,21000.0,2000,Sell,231772506
2024-08-15 10:32:08,21000.0,1000,Sell,231772507
2024-08-15 10:32:08,21000.0,100,Sell,231772497
2024-08-15 10:32:08,21000.0,400,Sell,231772509
2024-08-15 10:32:08,21000.0,600,Sell,231772510
2024-08-15 10:32:08,21000.0,700,Sell,231772504
2024-08-15 10:32:08,21000.0,5000,Sell,231772496
2024-08-15 10:32:08,21000.0,200,Sell,231772492
2024-08-15 10:32:08,21000.0,500,Sell,231772494
2024-08-15 10:32:08,21000.0,1000,Sell,231772480
2024-08-15 10:32:08,21000.0,18000,Sell,231772481
2024-08-15 10:32:08,21000.0,200,Sell,231772482
2024-08-15 10:32:08,21000.0,1000,Sell,231772483
2024-08-15 10:32:08,21000.0,40000,Sell,231772484
2024-08-15 10:32:08,21000.0,100,Sell,231772485
2024-08-15 10:32:08,21000.0,1000,Sell,231772495
2024-08-15 10:32:08,21000.0,100,Sell,231772486
2024-08-15 10:32:08,21000.0,600,Sell,231772488
2024-08-15 10:32:08,21000.0,1000,Sell,231772489
2024-08-15 10:32:08,21000.0,100,Sell,231772490
2024-08-15 10:32:08,21000.0,4200,Sell,231772491
2024-08-15 10:32:08,21000.0,500,Sell,231772511
2024-08-15 10:32:08,21000.0,5000,Sell,231772493
2024-08-15 10:32:08,21000.0,1000,Sell,231772487
2024-08-15 10:32:08,21000.0,44000,Sell,231772512
2024-08-15 10:32:08,21000.0,30000,Sell,231772479
2024-08-15 10:32:08,21000.0,100,Sell,231772514
2024-08-15 10:32:08,21000.0,200,Sell,231772534
2024-08-15 10:32:08,21000.0,200,Sell,231772535
2024-08-15 10:32:08,21000.0,500,Sell,231772536
2024-08-15 10:32:08,21000.0,300,Sell,231772537
2024-08-15 10:32:08,21000.0,200,Sell,231772538
2024-08-15 10:32:08,21000.0,100,Sell,231772539
2024-08-15 10:32:08,21000.0,500,Sell,231772533
2024-08-15 10:32:08,21000.0,100,Sell,231772540
2024-08-15 10:32:08,21000.0,100,Sell,231772542
2024-08-15 10:32:08,21000.0,500,Sell,231772543
2024-08-15 10:32:08,21000.0,1000,Sell,231772544
2024-08-15 10:32:08,21000.0,1000,Sell,231772545
2024-08-15 10:32:08,21000.0,600,Sell,231772546
2024-08-15 10:32:08,21000.0,3000,Sell,231772573
2024-08-15 10:32:08,21000.0,500,Sell,231772541
2024-08-15 10:32:08,21000.0,100,Sell,231772513
2024-08-15 10:32:08,21000.0,500,Sell,231772532
2024-08-15 10:32:08,21000.0,7900,Sell,231772530
2024-08-15 10:32:08,21000.0,700,Sell,231772515
2024-08-15 10:32:08,21000.0,300,Sell,231772517
2024-08-15 10:32:08,21000.0,300,Sell,231772518
2024-08-15 10:32:08,21000.0,100,Sell,231772519
2024-08-15 10:32:08,21000.0,500,Sell,231772520
2024-08-15 10:32:08,21000.0,7900,Sell,231772521
2024-08-15 10:32:08,21000.0,2000,Sell,231772531
2024-08-15 10:32:08,21000.0,100,Sell,231772522
2024-08-15 10:32:08,21000.0,1000,Sell,231772524
2024-08-15 10:32:08,21000.0,500,Sell,231772525
2024-08-15 10:32:08,21000.0,200,Sell,231772526
2024-08-15 10:32:08,21000.0,100,Sell,231772527
2024-08-15 10:32:08,21000.0,5000,Sell,231772528
2024-08-15 10:32:08,21000.0,100,Sell,231772529
2024-08-15 10:32:08,21000.0,100,Sell,231772523
2024-08-15 10:32:08,21000.0,100,Sell,231772478
2024-08-15 10:32:08,21000.0,100,Sell,231772438
2024-08-15 10:32:08,21000.0,100,Sell,231772476
2024-08-15 10:32:08,21000.0,500,Sell,231772439
2024-08-15 10:32:08,21000.0,100,Sell,231772436
2024-08-15 10:32:08,21000.0,1000,Sell,231772435
2024-08-15 10:32:08,21000.0,2000,Sell,231772434
2024-08-15 10:32:08,21000.0,500,Sell,231772433
2024-08-15 10:32:08,21000.0,100,Sell,231772432
2024-08-15 10:32:08,21000.0,2300,Sell,231772431
2024-08-15 10:32:08,21000.0,100,Sell,231772430
2024-08-15 10:32:08,21000.0,100,Sell,231772429
2024-08-15 10:32:08,21000.0,500,Sell,231772428
2024-08-15 10:32:08,21000.0,100,Sell,231772427
2024-08-15 10:32:08,21000.0,100,Sell,231772426
2024-08-15 10:32:08,21000.0,100,Sell,231772425
2024-08-15 10:32:08,21000.0,30000,Sell,231772424
2024-08-15 10:32:08,21000.0,200,Sell,231772423
2024-08-15 10:32:08,21000.0,2000,Sell,231772422
2024-08-15 10:32:08,21000.0,100,Sell,231772421
2024-08-15 10:32:08,21000.0,200,Sell,231772477
2024-08-15 10:32:08,21000.0,700,Sell,231772387
2024-08-15 10:32:08,21000.0,31300,Sell,231772409
2024-08-15 10:32:08,21000.0,100,Sell,231772410
2024-08-15 10:32:08,21000.0,100,Sell,231772411
2024-08-15 10:32:08,21000.0,5000,Sell,231772412
2024-08-15 10:32:08,21000.0,500,Sell,231772440
2024-08-15 10:32:08,21000.0,800,Sell,231772413
2024-08-15 10:32:08,21000.0,400,Sell,231772415
2024-08-15 10:32:08,21000.0,100,Sell,231772416
2024-08-15 10:32:08,21000.0,300,Sell,231772417
2024-08-15 10:32:08,21000.0,500,Sell,231772418
2024-08-15 10:32:08,21000.0,100,Sell,231772419
2024-08-15 10:32:08,21000.0,1000,Sell,231772420
2024-08-15 10:32:08,21000.0,100,Sell,231772414
2024-08-15 10:32:08,21000.0,300,Sell,231772441
2024-08-15 10:32:08,21000.0,10000,Sell,231772437
2024-08-15 10:32:08,21000.0,500,Sell,231772443
2024-08-15 10:32:08,21000.0,100,Sell,231772461
2024-08-15 10:32:08,21000.0,100,Sell,231772462
2024-08-15 10:32:08,21000.0,100,Sell,231772463
2024-08-15 10:32:08,21000.0,600,Sell,231772464
2024-08-15 10:32:08,21000.0,500,Sell,231772465
2024-08-15 10:32:08,21000.0,200,Sell,231772466
2024-08-15 10:32:08,21000.0,200,Sell,231772460
2024-08-15 10:32:08,21000.0,500,Sell,231772467
2024-08-15 10:32:08,21000.0,100,Sell,231772469
2024-08-15 10:32:08,21000.0,200,Sell,231772470
2024-08-15 10:32:08,21000.0,200,Sell,231772471
2024-08-15 10:32:08,21000.0,200,Sell,231772472
2024-08-15 10:32:08,21000.0,200,Sell,231772473
2024-08-15 10:32:08,21000.0,500,Sell,231772474
2024-08-15 10:32:08,21000.0,1300,Sell,231772468
2024-08-15 10:32:08,21000.0,100,Sell,231772459
2024-08-15 10:32:08,21000.0,500,Sell,231772475
2024-08-15 10:32:08,21000.0,500,Sell,231772457
2024-08-15 10:32:08,21000.0,100,Sell,231772444
2024-08-15 10:32:08,21000.0,100,Sell,231772445
2024-08-15 10:32:08,21000.0,1800,Sell,231772442
2024-08-15 10:32:08,21000.0,500,Sell,231772446
2024-08-15 10:32:08,21000.0,100,Sell,231772447
2024-08-15 10:32:08,21000.0,300,Sell,231772448
2024-08-15 10:32:08,21000.0,100,Sell,231772449
2024-08-15 10:32:08,21000.0,300,Sell,231772458
2024-08-15 10:32:08,21000.0,500,Sell,231772451
2024-08-15 10:32:08,21000.0,400,Sell,231772456
2024-08-15 10:32:08,21000.0,1000,Sell,231772455
2024-08-15 10:32:08,21000.0,100,Sell,231772450
2024-08-15 10:32:08,21000.0,100,Sell,231772453
2024-08-15 10:32:08,21000.0,400,Sell,231772452
2024-08-15 10:32:08,21000.0,1000,Sell,231772454
2024-08-15 10:32:09,21000.0,2600,Sell,231772600
2024-08-15 10:32:09,21000.0,500,Sell,231772599
2024-08-15 10:32:09,21000.0,11800,Sell,231772598
2024-08-15 10:32:09,21000.0,100,Sell,231772597
2024-08-15 10:32:09,21000.0,9500,Sell,231772596
2024-08-15 10:32:09,21000.0,5000,Sell,231772595
2024-08-15 10:32:09,21000.0,500,Sell,231772594
2024-08-15 10:32:09,21000.0,500,Sell,231772593
2024-08-15 10:32:09,21000.0,500,Sell,231772592
2024-08-15 10:32:09,21000.0,100,Sell,231772589
2024-08-15 10:32:09,21000.0,100,Sell,231772588
2024-08-15 10:32:09,21000.0,100,Sell,231772585
2024-08-15 10:32:09,21000.0,400,Sell,231772584
2024-08-15 10:32:09,21000.0,100,Sell,231772583
2024-08-15 10:32:09,21000.0,11800,Sell,231772582
2024-08-15 10:32:09,21000.0,4300,Sell,231772581
2024-08-15 10:32:09,21000.0,100,Sell,231772591
2024-08-15 10:32:09,21000.0,100,Sell,231772590
2024-08-15 10:32:10,21000.0,100,Sell,231772627
2024-08-15 10:32:10,21000.0,6000,Sell,231772628
2024-08-15 10:32:10,21000.0,200,Sell,231772626
2024-08-15 10:32:10,21000.0,100,Sell,231772624
2024-08-15 10:32:10,21000.0,1600,Sell,231772623
2024-08-15 10:32:10,21000.0,100,Sell,231772625
2024-08-15 10:32:11,21000.0,1200,Sell,231772635
2024-08-15 10:32:11,21000.0,300,Sell,231772656
2024-08-15 10:32:12,21000.0,100,Sell,231772663
2024-08-15 10:32:13,21000.0,5000,Sell,231772681
2024-08-15 10:32:14,21000.0,1300,Sell,231772685
2024-08-15 10:32:14,21000.0,800,Sell,231772688
2024-08-15 10:32:15,21000.0,300,Sell,231772701
2024-08-15 10:32:15,21000.0,200,Sell,231772703
2024-08-15 10:32:17,21000.0,200,Sell,231772745
2024-08-15 10:32:17,21000.0,8400,Sell,231772727
2024-08-15 10:32:17,21000.0,100,Sell,231772726
2024-08-15 10:32:17,21000.0,200,Sell,231772724
2024-08-15 10:32:17,21000.0,20000,Sell,231772725
2024-08-15 10:32:17,21000.0,500,Sell,231772723
2024-08-15 10:32:17,21000.0,100,Sell,231772719
2024-08-15 10:32:17,21000.0,14000,Sell,231772721
2024-08-15 10:32:17,21000.0,100,Sell,231772720
2024-08-15 10:32:17,21000.0,1000,Sell,231772718
2024-08-15 10:32:17,21000.0,500,Sell,231772717
2024-08-15 10:32:17,21000.0,4800,Sell,231772716
2024-08-15 10:32:17,21000.0,300,Sell,231772722
2024-08-15 10:32:18,21000.0,1400,Sell,231772755
2024-08-15 10:32:18,21000.0,600,Sell,231772756
2024-08-15 10:32:28,21000.0,1700,Buy,231772925
2024-08-15 10:32:28,21000.0,6000,Buy,231772922
2024-08-15 10:32:28,21000.0,300,Buy,231772923
2024-08-15 10:32:28,21000.0,2000,Buy,231772924
2024-08-15 10:32:31,21000.0,400,Buy,231772964
2024-08-15 10:32:33,21000.0,700,Buy,231773013
2024-08-15 10:32:41,21000.0,6000,Buy,231773118
2024-08-15 10:32:41,21000.0,3000,Buy,231773129
2024-08-15 10:32:41,21000.0,300,Buy,231773128
2024-08-15 10:32:41,21000.0,500,Buy,231773127
2024-08-15 10:32:41,21000.0,21000,Buy,231773126
2024-08-15 10:32:41,21000.0,1000,Buy,231773125
2024-08-15 10:32:41,21000.0,7200,Buy,231773117
2024-08-15 10:32:41,21000.0,4800,Buy,231773123
2024-08-15 10:32:41,21000.0,3700,Buy,231773122
2024-08-15 10:32:41,21000.0,1000,Buy,231773121
2024-08-15 10:32:41,21000.0,6900,Buy,231773120
2024-08-15 10:32:41,21000.0,200,Buy,231773119
2024-08-15 10:32:41,21000.0,2700,Buy,231773124
2024-08-15 10:32:42,21000.0,1400,Buy,231773137
2024-08-15 10:32:42,21000.0,100,Buy,231773136
2024-08-15 10:32:42,21000.0,300,Buy,231773135
2024-08-15 10:32:43,21000.0,9600,Sell,231773147
2024-08-15 10:32:44,21000.0,1500,Sell,231773168
2024-08-15 10:32:45,21000.0,200,Sell,231773207
2024-08-15 10:32:54,21000.0,15900,Sell,231773320
2024-08-15 10:32:54,21000.0,10000,Sell,231773321
2024-08-15 10:32:54,21000.0,100,Sell,231773322
2024-08-15 10:32:55,21000.0,10000,Buy,231773335
2024-08-15 10:32:56,21000.0,2000,Buy,231773339
2024-08-15 10:32:59,21000.0,100,Buy,231773375
2024-08-15 10:33:05,21000.0,5000,Buy,231773462
2024-08-15 10:33:06,21000.0,500,Buy,231773484
2024-08-15 10:33:18,21000.0,100,Buy,231773639
2024-08-15 10:33:19,21000.0,1000,Buy,231773652
2024-08-15 10:33:20,21000.0,400,Buy,231773666
2024-08-15 10:33:30,21000.0,1000,Buy,231773864
2024-08-15 10:33:31,21000.0,33900,Buy,231773884
2024-08-15 10:33:31,21000.0,4100,Buy,231773885
2024-08-15 10:33:31,21000.0,100,Buy,231773886
2024-08-15 10:33:31,21000.0,11900,Buy,231773887
2024-08-15 10:33:37,21000.0,200,Buy,231774011
2024-08-15 10:33:44,21000.0,1500,Buy,231774083
2024-08-15 10:33:44,21000.0,800,Buy,231774082
2024-08-15 10:33:44,21000.0,6000,Buy,231774081
2024-08-15 10:33:44,21000.0,5000,Buy,231774080
2024-08-15 10:33:44,21000.0,6900,Buy,231774078
2024-08-15 10:33:44,21000.0,21000,Buy,231774079
2024-08-15 10:33:44,21000.0,1200,Buy,231774076
2024-08-15 10:33:44,21000.0,300,Buy,231774075
2024-08-15 10:33:44,21000.0,1600,Buy,231774074
2024-08-15 10:33:44,21000.0,1900,Buy,231774073
2024-08-15 10:33:44,21000.0,1000,Buy,231774065
2024-08-15 10:33:44,21000.0,8800,Buy,231774077
2024-08-15 10:33:47,21000.0,500,Buy,231774117
2024-08-15 10:33:48,21000.0,1000,Buy,231774121
2024-08-15 10:33:51,21000.0,200,Buy,231774165
2024-08-15 10:33:52,21000.0,300,Buy,231774172
2024-08-15 10:34:12,21000.0,1000,Buy,231774443
2024-08-15 10:34:13,21000.0,300,Buy,231774450
2024-08-15 10:34:13,21000.0,3700,Buy,231774451
2024-08-15 10:34:13,21000.0,1000,Buy,231774452
2024-08-15 10:34:27,21000.0,100,Buy,231774685
2024-08-15 10:34:30,21000.0,700,Buy,231774738
2024-08-15 10:34:31,21000.0,500,Buy,231774743
2024-08-15 10:34:41,21000.0,1000,Buy,231774941
2024-08-15 10:34:59,21000.0,700,Buy,231775204
2024-08-15 10:35:07,21000.0,1000,Buy,231775428
2024-08-15 10:35:07,21000.0,1500,Buy,231775429
2024-08-15 10:35:11,21000.0,100,Buy,231775479
2024-08-15 10:35:12,21000.0,200,Buy,231775487
2024-08-15 10:35:14,21000.0,1700,Buy,231775508
2024-08-15 10:35:14,21000.0,1200,Buy,231775507
2024-08-15 10:35:19,21000.0,2700,Buy,231775593
2024-08-15 10:35:19,21000.0,100,Buy,231775592
2024-08-15 10:35:19,21000.0,100,Buy,231775591
2024-08-15 10:35:19,21000.0,5000,Buy,231775590
2024-08-15 10:35:19,21000.0,1000,Buy,231775574
2024-08-15 10:35:19,21000.0,200,Buy,231775588
2024-08-15 10:35:19,21000.0,300,Buy,231775586
2024-08-15 10:35:19,21000.0,200,Buy,231775589
2024-08-15 10:35:19,21000.0,1400,Buy,231775587
2024-08-15 10:35:21,21000.0,500,Buy,231775618
2024-08-15 10:35:28,21000.0,100,Buy,231775717
2024-08-15 10:35:28,21000.0,2000,Buy,231775718
2024-08-15 10:35:38,21000.0,100,Buy,231775873
2024-08-15 10:35:50,21000.0,100,Buy,231776115
2024-08-15 10:36:04,20950.0,6800,Sell,231776320
2024-08-15 10:36:04,20950.0,500,Sell,231776318
2024-08-15 10:36:04,20950.0,2000,Sell,231776319
2024-08-15 10:36:04,20950.0,1000,Sell,231776315
2024-08-15 10:36:04,20950.0,300,Sell,231776314
2024-08-15 10:36:04,20950.0,1000,Sell,231776313
2024-08-15 10:36:04,20950.0,100,Sell,231776316
2024-08-15 10:36:04,20950.0,100,Sell,231776317
2024-08-15 10:36:11,21000.0,500,Buy,231776435
2024-08-15 10:36:30,21000.0,500,Buy,231776662
2024-08-15 10:36:33,20950.0,1000,Sell,231776690
2024-08-15 10:36:52,21000.0,100,Buy,231776963
2024-08-15 10:36:55,21000.0,500,Buy,231776995
2024-08-15 10:37:08,21000.0,900,Buy,231777173
2024-08-15 10:37:08,21000.0,6000,Buy,231777174
2024-08-15 10:37:08,21000.0,3100,Buy,231777175
2024-08-15 10:37:17,21000.0,500,Buy,231777302
2024-08-15 10:37:19,21000.0,200,Buy,231777328
2024-08-15 10:37:22,21000.0,500,Buy,231777367
2024-08-15 10:37:23,21000.0,1000,Buy,231777377
2024-08-15 10:37:24,21000.0,2800,Buy,231777382
2024-08-15 10:37:28,21000.0,10000,Buy,231777454
2024-08-15 10:37:36,21000.0,100,Buy,231777555
2024-08-15 10:37:38,21000.0,2800,Buy,231777588
2024-08-15 10:37:38,21000.0,6900,Buy,231777589
2024-08-15 10:37:38,21000.0,300,Buy,231777590
2024-08-15 10:37:45,21000.0,500,Buy,231777728
2024-08-15 10:37:47,21000.0,200,Buy,231777741
2024-08-15 10:37:47,21000.0,100,Buy,231777744
2024-08-15 10:37:48,21000.0,100,Buy,231777770
2024-08-15 10:37:49,21000.0,900,Buy,231777777
2024-08-15 10:37:51,21000.0,500,Buy,231777793
2024-08-15 10:37:51,21000.0,1000,Buy,231777794
2024-08-15 10:38:03,21000.0,100,Buy,231777976
2024-08-15 10:38:03,21000.0,1900,Buy,231777977
2024-08-15 10:38:05,21000.0,200,Buy,231778001
2024-08-15 10:38:10,21000.0,900,Buy,231778071
2024-08-15 10:38:10,21000.0,100,Buy,231778072
2024-08-15 10:38:11,20950.0,2200,Sell,231778083
2024-08-15 10:38:11,20950.0,200,Sell,231778084
2024-08-15 10:38:11,20950.0,600,Sell,231778085
2024-08-15 10:38:22,21000.0,500,Buy,231778211
2024-08-15 10:38:22,21000.0,2600,Buy,231778205
2024-08-15 10:38:22,21000.0,4800,Buy,231778206
2024-08-15 10:38:22,21000.0,1400,Buy,231778207
2024-08-15 10:38:22,21000.0,300,Buy,231778208
2024-08-15 10:38:22,21000.0,100,Buy,231778209
2024-08-15 10:38:22,21000.0,300,Buy,231778210
2024-08-15 10:38:26,21000.0,29500,Buy,231778316
2024-08-15 10:38:26,21000.0,20500,Buy,231778317
2024-08-15 10:38:27,21000.0,500,Buy,231778349
2024-08-15 10:38:47,21000.0,1000,Buy,231778573
2024-08-15 10:39:09,21000.0,100,Buy,231778820
2024-08-15 10:39:16,20950.0,300,Sell,231778896
2024-08-15 10:39:30,21000.0,1700,Buy,231779024
2024-08-15 10:39:30,21000.0,100,Buy,231779025
2024-08-15 10:39:39,21000.0,500,Buy,231779131
2024-08-15 10:39:41,21000.0,100,Buy,231779169
2024-08-15 10:39:44,21000.0,700,Buy,231779212
2024-08-15 10:40:05,21000.0,11200,Buy,231779456
2024-08-15 10:40:08,21000.0,100,Buy,231779483
2024-08-15 10:40:20,21000.0,100,Buy,231779630
2024-08-15 10:40:25,21000.0,100,Buy,231779717
2024-08-15 10:40:26,21000.0,6900,Buy,231779746
2024-08-15 10:40:26,21000.0,100,Buy,231779745
2024-08-15 10:40:26,21000.0,100,Buy,231779744
2024-08-15 10:40:26,21000.0,900,Buy,231779747
2024-08-15 10:40:26,21000.0,800,Buy,231779742
2024-08-15 10:40:26,21000.0,100,Buy,231779740
2024-08-15 10:40:26,21000.0,2400,Buy,231779735
2024-08-15 10:40:26,21000.0,300,Buy,231779743
2024-08-15 10:40:31,21000.0,1000,Buy,231779811
2024-08-15 10:40:33,21000.0,200,Buy,231779846
2024-08-15 10:40:35,20950.0,200,Sell,231779893
2024-08-15 10:40:35,21000.0,3000,Buy,231779900
2024-08-15 10:40:40,21000.0,300,Buy,231779964
2024-08-15 10:40:41,21000.0,500,Buy,231779974
2024-08-15 10:40:42,21000.0,100,Buy,231779988
2024-08-15 10:40:43,21000.0,3000,Buy,231779994
2024-08-15 10:40:45,21000.0,100,Buy,231780027
2024-08-15 10:40:47,21000.0,300,Buy,231780059
2024-08-15 10:40:51,21000.0,11000,Buy,231780125
2024-08-15 10:40:51,21000.0,100,Buy,231780124
2024-08-15 10:40:51,21000.0,100,Buy,231780123
2024-08-15 10:40:51,21000.0,5000,Buy,231780122
2024-08-15 10:40:51,21000.0,300,Buy,231780121
2024-08-15 10:40:51,21000.0,2700,Buy,231780120
2024-08-15 10:40:51,21000.0,300,Buy,231780118
2024-08-15 10:40:51,21000.0,3700,Buy,231780117
2024-08-15 10:40:51,21000.0,1400,Buy,231780119
2024-08-15 10:40:51,21000.0,11600,Buy,231780113
2024-08-15 10:40:51,21000.0,3000,Buy,231780116
2024-08-15 10:40:51,21000.0,4800,Buy,231780115
2024-08-15 10:40:51,21000.0,6000,Buy,231780114
2024-08-15 10:40:55,21000.0,5000,Buy,231780164
2024-08-15 10:40:56,21000.0,5000,Buy,231780180
2024-08-15 10:41:00,21000.0,100,Buy,231780224
2024-08-15 10:41:05,21000.0,100,Buy,231780310
2024-08-15 10:41:10,21000.0,100,Buy,231780368
2024-08-15 10:41:12,21000.0,100,Buy,231780401
2024-08-15 10:41:14,21000.0,300,Buy,231780432
2024-08-15 10:41:14,21000.0,1000,Buy,231780440
2024-08-15 10:41:16,21000.0,900,Buy,231780466
2024-08-15 10:41:18,21000.0,1000,Buy,231780490
2024-08-15 10:41:18,21000.0,20000,Buy,231780480
2024-08-15 10:41:24,21000.0,1000,Buy,231780552
2024-08-15 10:41:24,21000.0,4000,Buy,231780559
2024-08-15 10:41:24,21000.0,300,Buy,231780560
2024-08-15 10:41:24,21000.0,100,Buy,231780561
2024-08-15 10:41:24,21000.0,400,Buy,231780562
2024-08-15 10:41:24,21000.0,1600,Buy,231780563
2024-08-15 10:41:24,21000.0,8000,Buy,231780564
2024-08-15 10:41:24,21000.0,100,Buy,231780565
2024-08-15 10:41:24,21000.0,100,Buy,231780566
2024-08-15 10:41:24,21000.0,400,Buy,231780567
2024-08-15 10:41:24,21000.0,200,Buy,231780568
2024-08-15 10:41:24,21000.0,1000,Buy,231780569
2024-08-15 10:41:24,21000.0,3800,Buy,231780570
2024-08-15 10:41:24,21000.0,400,Buy,231780558
2024-08-15 10:41:26,21000.0,900,Buy,231780585
2024-08-15 10:41:26,21000.0,100,Buy,231780584
2024-08-15 10:41:29,21000.0,800,Buy,231780625
2024-08-15 10:41:29,21000.0,1200,Buy,231780626
2024-08-15 10:41:33,21000.0,100,Buy,231780674
2024-08-15 10:41:36,21000.0,400,Buy,231780707
2024-08-15 10:41:36,21000.0,500,Buy,231780717
2024-08-15 10:41:36,21000.0,800,Buy,231780716
2024-08-15 10:41:36,21000.0,8000,Buy,231780715
2024-08-15 10:41:36,21000.0,3000,Buy,231780714
2024-08-15 10:41:36,21000.0,400,Buy,231780713
2024-08-15 10:41:36,21000.0,3700,Buy,231780706
2024-08-15 10:41:36,21000.0,1100,Buy,231780711
2024-08-15 10:41:36,21000.0,500,Buy,231780710
2024-08-15 10:41:36,21000.0,100,Buy,231780709
2024-08-15 10:41:36,21000.0,1400,Buy,231780708
2024-08-15 10:41:36,21000.0,100,Buy,231780712
2024-08-15 10:41:37,21000.0,300,Buy,231780736
2024-08-15 10:41:37,21000.0,100,Buy,231780737
2024-08-15 10:41:37,21000.0,100,Buy,231780738
2024-08-15 10:41:38,21000.0,100,Buy,231780745
2024-08-15 10:41:38,21000.0,200,Buy,231780746
2024-08-15 10:41:39,21000.0,3200,Buy,231780764
2024-08-15 10:41:39,21000.0,300,Buy,231780763
2024-08-15 10:41:39,21000.0,100,Buy,231780762
2024-08-15 10:41:39,21000.0,800,Buy,231780761
2024-08-15 10:41:39,21000.0,200,Buy,231780759
2024-08-15 10:41:39,21000.0,100,Buy,231780758
2024-08-15 10:41:39,21000.0,2500,Buy,231780760
2024-08-15 10:41:39,21000.0,2900,Buy,231780757
2024-08-15 10:41:40,21000.0,1600,Sell,231780767
2024-08-15 10:41:41,21000.0,200,Sell,231780776
2024-08-15 10:42:29,21050.0,200,Buy,231781340
2024-08-15 10:42:42,21000.0,1000,Sell,231781477
2024-08-15 10:42:42,21000.0,1000,Sell,231781482
2024-08-15 10:42:42,21000.0,200,Sell,231781481
2024-08-15 10:42:42,21000.0,100,Sell,231781480
2024-08-15 10:42:42,21000.0,100,Sell,231781479
2024-08-15 10:42:42,21000.0,1000,Sell,231781478
2024-08-15 10:42:42,21000.0,200,Sell,231781476
2024-08-15 10:42:42,21000.0,10000,Sell,231781474
2024-08-15 10:42:42,21000.0,3200,Sell,231781470
2024-08-15 10:42:42,21000.0,100,Sell,231781471
2024-08-15 10:42:42,21000.0,10000,Sell,231781475
2024-08-15 10:42:42,21000.0,1200,Sell,231781473
2024-08-15 10:42:42,21000.0,10000,Sell,231781472
2024-08-15 10:42:48,21000.0,2100,Buy,231781550
2024-08-15 10:42:51,21000.0,100,Buy,231781628
2024-08-15 10:42:52,21000.0,100,Buy,231781658
2024-08-15 10:42:56,21000.0,2000,Buy,231781685
2024-08-15 10:42:58,21000.0,100,Buy,231781747
2024-08-15 10:43:02,21000.0,2800,Buy,231781780
2024-08-15 10:43:04,21000.0,100,Buy,231781804
2024-08-15 10:43:04,20950.0,800,Sell,231781808
2024-08-15 10:43:09,21000.0,200,Buy,231781853
2024-08-15 10:43:25,21000.0,500,Buy,231782042
2024-08-15 10:43:28,21000.0,300,Buy,231782097
2024-08-15 10:43:29,21000.0,100,Buy,231782109
2024-08-15 10:43:31,21000.0,300,Buy,231782118
2024-08-15 10:43:31,21000.0,200,Buy,231782119
2024-08-15 10:43:31,21000.0,3500,Buy,231782116
2024-08-15 10:43:31,21000.0,6000,Buy,231782117
2024-08-15 10:43:39,21000.0,500,Buy,231782222
2024-08-15 10:43:46,21000.0,1300,Buy,231782288
2024-08-15 10:43:46,21000.0,300,Buy,231782289
2024-08-15 10:43:46,21000.0,400,Buy,231782290
2024-08-15 10:43:47,21000.0,2000,Buy,231782318
2024-08-15 10:43:47,21000.0,1800,Buy,231782320
2024-08-15 10:43:47,21000.0,2000,Buy,231782321
2024-08-15 10:43:47,21000.0,100,Buy,231782322
2024-08-15 10:43:47,21000.0,400,Buy,231782323
2024-08-15 10:43:48,21000.0,600,Buy,231782369
2024-08-15 10:43:48,21000.0,100,Buy,231782368
2024-08-15 10:43:52,21000.0,600,Buy,231782401
2024-08-15 10:43:52,21000.0,1400,Buy,231782400
2024-08-15 10:43:53,21000.0,1000,Buy,231782417
2024-08-15 10:44:02,21000.0,1000,Buy,231782543
2024-08-15 10:44:15,21000.0,300,Buy,231782694
2024-08-15 10:44:17,21000.0,100,Buy,231782733
2024-08-15 10:44:25,21000.0,200,Buy,231782807
2024-08-15 10:44:34,21000.0,200,Buy,231782909
2024-08-15 10:44:34,21000.0,300,Buy,231782910
2024-08-15 10:44:34,21000.0,1100,Buy,231782911
2024-08-15 10:44:34,21000.0,300,Buy,231782912
2024-08-15 10:44:34,21000.0,100,Buy,231782913
2024-08-15 10:44:34,21000.0,100,Buy,231782914
2024-08-15 10:44:34,21000.0,17900,Buy,231782915
2024-08-15 10:44:45,21000.0,3100,Buy,231783042
2024-08-15 10:44:45,21000.0,6000,Buy,231783043
2024-08-15 10:44:45,21000.0,900,Buy,231783044
2024-08-15 10:44:53,21000.0,200,Buy,231783192
2024-08-15 10:45:12,21000.0,500,Buy,231783399
2024-08-15 10:45:12,21000.0,100,Buy,231783403
2024-08-15 10:45:17,21000.0,800,Buy,231783448
2024-08-15 10:45:21,21000.0,100,Buy,231783536
2024-08-15 10:45:26,21000.0,400,Buy,231783587
2024-08-15 10:45:26,21000.0,100,Buy,231783588
2024-08-15 10:45:31,21000.0,1000,Buy,231783661
2024-08-15 10:45:39,21000.0,1000,Buy,231783773
2024-08-15 10:45:42,21000.0,1600,Buy,231783805
2024-08-15 10:45:42,21000.0,3400,Buy,231783806
2024-08-15 10:45:43,20950.0,1000,Sell,231783818
2024-08-15 10:45:51,21000.0,100,Buy,231783958
2024-08-15 10:45:53,21000.0,1000,Buy,231783992
2024-08-15 10:45:58,21000.0,400,Buy,231784054
2024-08-15 10:46:05,21000.0,100,Buy,231784138
2024-08-15 10:46:06,21000.0,200,Buy,231784152
2024-08-15 10:46:28,21000.0,400,Buy,231784499
2024-08-15 10:47:05,21000.0,100,Buy,231784833
2024-08-15 10:47:16,21000.0,200,Buy,231784930
2024-08-15 10:47:27,21000.0,500,Buy,231785090
2024-08-15 10:47:28,21000.0,500,Buy,231785094
2024-08-15 10:47:35,21000.0,500,Buy,231785204
2024-08-15 10:47:40,21000.0,100,Buy,231785274
2024-08-15 10:47:47,21000.0,1000,Buy,231785320
2024-08-15 10:47:47,21000.0,1500,Buy,231785321
2024-08-15 10:47:52,21000.0,1200,Buy,231785403
2024-08-15 10:47:52,21000.0,1300,Buy,231785404
2024-08-15 10:47:52,21000.0,2500,Buy,231785405
2024-08-15 10:48:11,21000.0,200,Buy,231785564
2024-08-15 10:48:11,21000.0,200,Buy,231785568
2024-08-15 10:48:29,21000.0,200,Buy,231785851
2024-08-15 10:48:38,21000.0,200,Buy,231785952
2024-08-15 10:48:47,21000.0,1000,Buy,231786040
2024-08-15 10:49:21,21000.0,500,Buy,231786331
2024-08-15 10:49:21,21000.0,500,Buy,231786332
2024-08-15 10:49:28,21000.0,500,Buy,231786397
2024-08-15 10:49:28,21000.0,100,Buy,231786398
2024-08-15 10:49:56,21000.0,1000,Buy,231786621
2024-08-15 10:50:07,21000.0,300,Buy,231786838
2024-08-15 10:50:07,21000.0,100,Buy,231786839
2024-08-15 10:50:07,21000.0,5000,Buy,231786840
2024-08-15 10:50:07,21000.0,200,Buy,231786841
2024-08-15 10:50:07,21000.0,1600,Buy,231786842
2024-08-15 10:50:07,21000.0,100,Buy,231786843
2024-08-15 10:50:07,21000.0,100,Buy,231786844
2024-08-15 10:50:07,21000.0,1600,Buy,231786845
2024-08-15 10:50:07,21000.0,100,Buy,231786846
2024-08-15 10:50:07,21000.0,100,Buy,231786847
2024-08-15 10:50:07,21000.0,800,Buy,231786848
2024-08-15 10:50:07,21000.0,100,Buy,231786849
2024-08-15 10:50:07,21000.0,100,Buy,231786850
2024-08-15 10:50:07,21000.0,500,Buy,231786851
2024-08-15 10:50:07,21000.0,1000,Buy,231786852
2024-08-15 10:50:07,21000.0,1100,Buy,231786837
2024-08-15 10:50:15,21000.0,2000,Buy,231786984
2024-08-15 10:50:22,21000.0,1000,Buy,231787034
2024-08-15 10:50:35,21000.0,100,Buy,231787195
2024-08-15 10:50:39,21000.0,400,Buy,231787242
2024-08-15 10:50:50,21000.0,200,Buy,231787383
2024-08-15 10:51:00,21000.0,300,Buy,231787513
2024-08-15 10:51:01,21000.0,100,Buy,231787545
2024-08-15 10:51:29,21000.0,400,Buy,231787996
2024-08-15 10:51:34,21000.0,1000,Buy,231788037
2024-08-15 10:52:07,20950.0,50000,Sell,231788423
2024-08-15 10:52:22,21000.0,100,Buy,231788625
2024-08-15 10:52:24,20950.0,1000,Sell,231788641
2024-08-15 10:52:31,20950.0,23700,Sell,231788755
2024-08-15 10:52:34,20950.0,500,Sell,231788825
2024-08-15 10:52:56,21000.0,100,Buy,231789154
2024-08-15 10:53:02,20950.0,21900,Sell,231789225
2024-08-15 10:53:02,20950.0,100,Sell,231789226
2024-08-15 10:53:02,20950.0,200,Sell,231789227
2024-08-15 10:53:02,20950.0,1500,Sell,231789228
2024-08-15 10:53:21,20950.0,2700,Sell,231789508
2024-08-15 10:53:23,20950.0,8300,Sell,231789541
2024-08-15 10:53:24,20950.0,2400,Sell,231789547
2024-08-15 10:53:24,20950.0,1900,Sell,231789546
2024-08-15 10:53:27,20950.0,1500,Sell,231789569
2024-08-15 10:53:28,20950.0,1200,Sell,231789571
2024-08-15 10:53:30,20950.0,500,Sell,231789590
2024-08-15 10:53:30,20950.0,100,Sell,231789591
2024-08-15 10:53:30,20950.0,100,Sell,231789592
2024-08-15 10:53:30,20950.0,400,Sell,231789593
2024-08-15 10:53:31,20950.0,100,Sell,231789613
2024-08-15 10:53:32,20950.0,500,Sell,231789619
2024-08-15 10:53:32,20950.0,100,Sell,231789620
2024-08-15 10:53:34,20950.0,100,Sell,231789639
2024-08-15 10:53:38,20950.0,100,Sell,231789722
2024-08-15 10:54:02,21000.0,100,Buy,231790011
2024-08-15 10:54:15,21000.0,100,Buy,231790171
2024-08-15 10:54:18,21000.0,100,Buy,231790214
2024-08-15 10:54:18,20950.0,5000,Sell,231790206
2024-08-15 10:54:20,21000.0,100,Buy,231790245
2024-08-15 10:54:48,21000.0,800,Buy,231790621
2024-08-15 10:55:32,21000.0,500,Buy,231791326
2024-08-15 10:55:50,20950.0,900,Sell,231791560
2024-08-15 10:55:51,21000.0,500,Buy,231791572
2024-08-15 10:56:10,20950.0,100,Sell,231791798
2024-08-15 10:56:43,20950.0,1200,Sell,231792354
2024-08-15 10:56:57,20950.0,1000,Sell,231792598
2024-08-15 10:57:35,20950.0,100,Sell,231793083
2024-08-15 10:57:36,21000.0,100,Buy,231793102
2024-08-15 10:57:43,20950.0,100,Sell,231793250
2024-08-15 10:57:53,21000.0,100,Buy,231793409
2024-08-15 10:58:01,20950.0,2000,Sell,231793543
2024-08-15 10:58:32,20950.0,500,Sell,231793936
2024-08-15 10:58:52,20950.0,3000,Sell,231794341
2024-08-15 10:58:59,21000.0,100,Buy,231794443
2024-08-15 10:59:05,20950.0,1300,Sell,231794539
2024-08-15 10:59:05,20950.0,1500,Sell,231794540
2024-08-15 10:59:05,20950.0,100,Sell,231794537
2024-08-15 10:59:05,20950.0,900,Sell,231794535
2024-08-15 10:59:05,20950.0,200,Sell,231794538
2024-08-15 10:59:05,20950.0,500,Sell,231794536
2024-08-15 10:59:09,21000.0,200,Buy,231794608
2024-08-15 10:59:26,20950.0,3000,Sell,231794891
2024-08-15 10:59:37,20950.0,1500,Sell,231795063
2024-08-15 11:00:12,20950.0,7700,Sell,231795583
2024-08-15 11:00:12,20950.0,100,Sell,231795584
2024-08-15 11:00:12,20950.0,1000,Sell,231795585
2024-08-15 11:00:12,20950.0,100,Sell,231795586
2024-08-15 11:00:12,20950.0,6100,Sell,231795587
2024-08-15 11:00:34,20950.0,1500,Sell,231795808
2024-08-15 11:00:41,20950.0,100,Sell,231795865
2024-08-15 11:00:50,21000.0,100,Buy,231796001
2024-08-15 11:01:35,21000.0,500,Buy,231796686
2024-08-15 11:02:21,21000.0,7900,Buy,231797487
2024-08-15 11:02:45,21000.0,400,Buy,231797783
2024-08-15 11:02:47,21000.0,100,Buy,231797803
2024-08-15 11:02:51,21000.0,100,Buy,231797866
2024-08-15 11:03:20,21000.0,2500,Buy,231798518
2024-08-15 11:03:20,21000.0,1600,Buy,231798519
2024-08-15 11:03:20,21000.0,5900,Buy,231798520
2024-08-15 11:03:36,21000.0,100,Buy,231798955
2024-08-15 11:03:36,21000.0,400,Buy,231798956
2024-08-15 11:04:11,21000.0,100,Buy,231799479
2024-08-15 11:04:22,20950.0,100,Sell,231799594
2024-08-15 11:04:24,21000.0,2000,Buy,231799605
2024-08-15 11:04:53,21000.0,500,Buy,231800129
2024-08-15 11:04:53,21000.0,6900,Buy,231800130
2024-08-15 11:04:53,21000.0,2600,Buy,231800131
2024-08-15 11:04:59,21000.0,1100,Buy,231800378
2024-08-15 11:04:59,21000.0,2900,Buy,231800379
2024-08-15 11:05:22,21000.0,1500,Buy,231800777
2024-08-15 11:05:22,21000.0,300,Buy,231800776
2024-08-15 11:05:22,21000.0,100,Buy,231800775
2024-08-15 11:05:22,21000.0,1300,Buy,231800773
2024-08-15 11:05:22,21000.0,2000,Buy,231800772
2024-08-15 11:05:22,21000.0,2700,Buy,231800774
2024-08-15 11:05:37,21000.0,500,Buy,231801008
2024-08-15 11:05:51,21000.0,3000,Buy,231801207
2024-08-15 11:05:55,21000.0,1000,Buy,231801242
2024-08-15 11:06:12,21000.0,5000,Buy,231801485
2024-08-15 11:06:17,21000.0,500,Buy,231801563
2024-08-15 11:06:19,21000.0,100,Buy,231801574
2024-08-15 11:06:41,21000.0,100,Buy,231801856
2024-08-15 11:06:42,21000.0,100,Buy,231801883
2024-08-15 11:07:19,21000.0,2000,Buy,231802402
2024-08-15 11:07:30,21000.0,100,Buy,231802570
2024-08-15 11:07:36,21000.0,100,Buy,231802627
2024-08-15 11:07:38,21000.0,500,Buy,231802663
2024-08-15 11:07:50,21000.0,100,Buy,231802824
2024-08-15 11:08:07,21000.0,1000,Buy,231803119
2024-08-15 11:08:16,21000.0,200,Buy,231803296
2024-08-15 11:08:16,21000.0,900,Buy,231803301
2024-08-15 11:08:16,21000.0,2500,Buy,231803295
2024-08-15 11:08:16,21000.0,300,Buy,231803297
2024-08-15 11:08:16,21000.0,1500,Buy,231803298
2024-08-15 11:08:17,21000.0,100,Buy,231803315
2024-08-15 11:08:17,21000.0,900,Buy,231803316
2024-08-15 11:08:36,21000.0,100,Buy,231803608
2024-08-15 11:08:54,21000.0,300,Buy,231803774
2024-08-15 11:09:07,21000.0,100,Buy,231804011
2024-08-15 11:09:39,21000.0,200,Buy,231804448
2024-08-15 11:09:39,21000.0,200,Buy,231804449
2024-08-15 11:09:53,20950.0,100,Sell,231804603
2024-08-15 11:10:03,20950.0,1500,Sell,231804808
2024-08-15 11:10:13,20950.0,500,Sell,231804969
2024-08-15 11:10:26,21000.0,200,Buy,231805182
2024-08-15 11:11:07,21000.0,500,Buy,231805658
2024-08-15 11:11:20,21000.0,1000,Buy,231805775
2024-08-15 11:11:40,21000.0,500,Buy,231806019
2024-08-15 11:11:48,21000.0,1000,Buy,231806136
2024-08-15 11:11:59,21000.0,300,Buy,231806284
2024-08-15 11:12:04,21000.0,800,Buy,231806381
2024-08-15 11:12:10,20950.0,3000,Sell,231806484
2024-08-15 11:12:43,21000.0,300,Buy,231807012
2024-08-15 11:12:45,21000.0,400,Buy,231807034
2024-08-15 11:12:47,20950.0,2000,Sell,231807048
2024-08-15 11:12:54,20950.0,1500,Sell,231807154
2024-08-15 11:13:01,20950.0,300,Sell,231807240
2024-08-15 11:13:28,21000.0,4600,Buy,231807717
2024-08-15 11:13:36,21000.0,100,Buy,231807808
2024-08-15 11:13:38,21000.0,100,Buy,231807843
2024-08-15 11:13:38,21000.0,600,Buy,231807845
2024-08-15 11:13:38,21000.0,100,Buy,231807844
2024-08-15 11:13:38,21000.0,1600,Buy,231807842
2024-08-15 11:13:38,21000.0,5300,Buy,231807836
2024-08-15 11:13:38,21000.0,100,Buy,231807840
2024-08-15 11:13:38,21000.0,3000,Buy,231807839
2024-08-15 11:13:38,21000.0,800,Buy,231807838
2024-08-15 11:13:38,21000.0,400,Buy,231807837
2024-08-15 11:13:38,21000.0,800,Buy,231807841
2024-08-15 11:13:41,21000.0,500,Buy,231807885
2024-08-15 11:14:43,21000.0,200,Buy,231808922
2024-08-15 11:14:44,21000.0,100,Buy,231808926
2024-08-15 11:14:52,21000.0,600,Buy,231809009
2024-08-15 11:14:52,21000.0,100,Buy,231809008
2024-08-15 11:14:52,21000.0,300,Buy,231809007
2024-08-15 11:14:52,21000.0,2000,Buy,231809006
2024-08-15 11:14:52,21000.0,1600,Buy,231809005
2024-08-15 11:14:52,21000.0,100,Buy,231809003
2024-08-15 11:14:52,21000.0,200,Buy,231809002
2024-08-15 11:14:52,21000.0,100,Buy,231809004
2024-08-15 11:14:54,21000.0,200,Buy,231809024
2024-08-15 11:15:13,21000.0,6100,Buy,231809237
2024-08-15 11:15:13,21000.0,3900,Buy,231809238
2024-08-15 11:15:15,20950.0,8000,Sell,231809251
2024-08-15 11:15:41,21000.0,11000,Buy,231809578
2024-08-15 11:15:42,21000.0,500,Buy,231809597
2024-08-15 11:16:05,21000.0,100,Buy,231809930
2024-08-15 11:16:17,20950.0,3000,Sell,231810128
2024-08-15 11:16:20,21000.0,20600,Buy,231810212
2024-08-15 11:16:20,21000.0,100,Buy,231810211
2024-08-15 11:16:20,21000.0,1600,Buy,231810210
2024-08-15 11:16:20,21000.0,100,Buy,231810209
2024-08-15 11:16:20,21000.0,200,Buy,231810208
2024-08-15 11:16:20,21000.0,300,Buy,231810206
2024-08-15 11:16:20,21000.0,1200,Buy,231810207
2024-08-15 11:16:20,21000.0,300,Buy,231810204
2024-08-15 11:16:20,21000.0,3700,Buy,231810203
2024-08-15 11:16:20,21000.0,2900,Buy,231810202
2024-08-15 11:16:20,21000.0,4800,Buy,231810201
2024-08-15 11:16:20,21000.0,6000,Buy,231810200
2024-08-15 11:16:20,21000.0,2700,Buy,231810205
2024-08-15 11:16:20,21000.0,5500,Buy,231810199
2024-08-15 11:16:26,21000.0,50000,Buy,231810317
2024-08-15 11:16:32,21000.0,1600,Buy,231810407
2024-08-15 11:16:32,21000.0,15800,Buy,231810406
2024-08-15 11:16:32,21000.0,8000,Buy,231810408
2024-08-15 11:16:32,21000.0,100,Buy,231810409
2024-08-15 11:16:32,21000.0,6000,Buy,231810410
2024-08-15 11:16:32,21000.0,3700,Buy,231810411
2024-08-15 11:16:32,21000.0,14800,Buy,231810412
2024-08-15 11:16:33,21000.0,100,Buy,231810431
2024-08-15 11:16:42,21000.0,400,Buy,231810692
2024-08-15 11:16:42,21000.0,200,Buy,231810691
2024-08-15 11:16:42,21000.0,6100,Buy,231810687
2024-08-15 11:16:42,21000.0,6900,Buy,231810689
2024-08-15 11:16:42,21000.0,2700,Buy,231810688
2024-08-15 11:16:42,21000.0,3700,Buy,231810690
2024-08-15 11:16:55,21000.0,2000,Buy,231810938
2024-08-15 11:16:55,21000.0,200,Buy,231810940
2024-08-15 11:17:44,21000.0,400,Buy,231812503
2024-08-15 11:18:08,21000.0,2100,Buy,231812833
2024-08-15 11:18:17,21000.0,300,Buy,231812962
2024-08-15 11:18:17,21000.0,100,Buy,231812961
2024-08-15 11:18:17,21000.0,300,Buy,231812960
2024-08-15 11:18:17,21000.0,300,Buy,231812959
2024-08-15 11:18:17,21000.0,1300,Buy,231812958
2024-08-15 11:18:17,21000.0,2700,Buy,231812957
2024-08-15 11:18:59,21000.0,700,Buy,231813832
2024-08-15 11:18:59,21000.0,100,Buy,231813831
2024-08-15 11:18:59,21000.0,1600,Buy,231813830
2024-08-15 11:18:59,21000.0,100,Buy,231813829
2024-08-15 11:18:59,21000.0,800,Buy,231813826
2024-08-15 11:18:59,21000.0,1600,Buy,231813825
2024-08-15 11:18:59,21000.0,3700,Buy,231813818
2024-08-15 11:18:59,21000.0,100,Buy,231813823
2024-08-15 11:18:59,21000.0,400,Buy,231813822
2024-08-15 11:18:59,21000.0,300,Buy,231813821
2024-08-15 11:18:59,21000.0,1600,Buy,231813820
2024-08-15 11:18:59,21000.0,400,Buy,231813819
2024-08-15 11:18:59,21000.0,1300,Buy,231813817
2024-08-15 11:18:59,21000.0,100,Buy,231813824
2024-08-15 11:19:00,21000.0,3000,Buy,231813867
2024-08-15 11:19:00,21000.0,1000,Buy,231813866
2024-08-15 11:19:00,21000.0,100,Buy,231813865
2024-08-15 11:19:00,21000.0,900,Buy,231813864
2024-08-15 11:19:06,21000.0,100,Buy,231813940
2024-08-15 11:19:07,21000.0,100,Buy,231813950
2024-08-15 11:19:07,21000.0,100,Buy,231813951
2024-08-15 11:19:07,21000.0,300,Buy,231813952
2024-08-15 11:19:07,21000.0,300,Buy,231813953
2024-08-15 11:19:42,21000.0,100,Buy,231814594
2024-08-15 11:19:45,21000.0,100,Buy,231814648
2024-08-15 11:19:45,21000.0,400,Buy,231814649
2024-08-15 11:19:57,21000.0,100,Buy,231814962
2024-08-15 11:20:00,20950.0,3000,Sell,231815061
2024-08-15 11:20:19,21000.0,200,Buy,231815360
2024-08-15 11:20:19,21000.0,200,Buy,231815350
2024-08-15 11:20:19,21000.0,800,Buy,231815359
2024-08-15 11:20:22,21000.0,1500,Buy,231815425
2024-08-15 11:20:22,21000.0,100,Buy,231815434
2024-08-15 11:20:22,21000.0,1200,Buy,231815431
2024-08-15 11:20:22,21000.0,5000,Buy,231815432
2024-08-15 11:20:22,21000.0,400,Buy,231815433
2024-08-15 11:20:22,21000.0,800,Buy,231815435
2024-08-15 11:20:22,20950.0,100,Sell,231815486
2024-08-15 11:20:22,21000.0,200,Buy,231815437
2024-08-15 11:20:22,21000.0,10000,Buy,231815438
2024-08-15 11:20:22,21000.0,100,Buy,231815439
2024-08-15 11:20:22,21000.0,2500,Buy,231815440
2024-08-15 11:20:22,21000.0,100,Buy,231815424
2024-08-15 11:20:22,21000.0,1500,Buy,231815436
2024-08-15 11:20:22,21000.0,1600,Buy,231815422
2024-08-15 11:20:22,21000.0,600,Buy,231815423
2024-08-15 11:20:22,21000.0,1500,Buy,231815420
2024-08-15 11:20:22,21000.0,400,Buy,231815406
2024-08-15 11:20:22,21000.0,300,Buy,231815421
2024-08-15 11:20:22,21000.0,700,Buy,231815407
2024-08-15 11:20:22,21000.0,400,Buy,231815408
2024-08-15 11:20:22,21000.0,200,Buy,231815409
2024-08-15 11:20:22,21000.0,200,Buy,231815411
2024-08-15 11:20:22,21000.0,500,Buy,231815412
2024-08-15 11:20:22,21000.0,2400,Buy,231815410
2024-08-15 11:20:22,21000.0,1500,Buy,231815414
2024-08-15 11:20:22,21000.0,1200,Buy,231815415
2024-08-15 11:20:22,21000.0,1500,Buy,231815416
2024-08-15 11:20:22,21000.0,1600,Buy,231815417
2024-08-15 11:20:22,21000.0,1500,Buy,231815418
2024-08-15 11:20:22,21000.0,500,Buy,231815419
2024-08-15 11:20:22,21000.0,10000,Buy,231815413
2024-08-15 11:20:28,21000.0,3000,Buy,231815641
2024-08-15 11:20:28,21000.0,700,Buy,231815637
2024-08-15 11:20:28,21000.0,2000,Buy,231815638
2024-08-15 11:20:28,21000.0,200,Buy,231815636
2024-08-15 11:20:28,21000.0,1500,Buy,231815639
2024-08-15 11:20:28,21000.0,1000,Buy,231815640
2024-08-15 11:20:28,21000.0,1500,Buy,231815642
2024-08-15 11:20:28,21000.0,8000,Buy,231815651
2024-08-15 11:20:28,21000.0,400,Buy,231815644
2024-08-15 11:20:28,21000.0,1600,Buy,231815645
2024-08-15 11:20:28,21000.0,1200,Buy,231815646
2024-08-15 11:20:28,21000.0,1500,Buy,231815648
2024-08-15 11:20:28,21000.0,8000,Buy,231815650
2024-08-15 11:20:28,21000.0,4200,Buy,231815652
2024-08-15 11:20:28,21000.0,300,Buy,231815635
2024-08-15 11:20:28,21000.0,300,Buy,231815643
2024-08-15 11:20:28,21000.0,400,Buy,231815634
2024-08-15 11:20:28,21000.0,400,Buy,231815649
2024-08-15 11:20:28,21000.0,1500,Buy,231815632
2024-08-15 11:20:28,21000.0,100,Buy,231815633
2024-08-15 11:20:28,21000.0,1500,Buy,231815616
2024-08-15 11:20:28,21000.0,1500,Buy,231815617
2024-08-15 11:20:28,21000.0,300,Buy,231815618
2024-08-15 11:20:28,21000.0,100,Buy,231815619
2024-08-15 11:20:28,21000.0,1500,Buy,231815620
2024-08-15 11:20:28,21000.0,800,Buy,231815621
2024-08-15 11:20:28,21000.0,100,Buy,231815622
2024-08-15 11:20:28,21000.0,1700,Buy,231815647
2024-08-15 11:20:28,21000.0,1000,Buy,231815624
2024-08-15 11:20:28,21000.0,100,Buy,231815625
2024-08-15 11:20:28,21000.0,1500,Buy,231815623
2024-08-15 11:20:28,21000.0,200,Buy,231815626
2024-08-15 11:20:28,21000.0,1500,Buy,231815627
2024-08-15 11:20:28,21000.0,100,Buy,231815628
2024-08-15 11:20:28,21000.0,100,Buy,231815629
2024-08-15 11:20:28,21000.0,100,Buy,231815630
2024-08-15 11:20:28,21000.0,100,Buy,231815631
2024-08-15 11:20:34,21000.0,300,Buy,231815719
2024-08-15 11:20:34,21000.0,2500,Buy,231815718
2024-08-15 11:20:34,21000.0,3000,Buy,231815717
2024-08-15 11:20:34,21000.0,1400,Buy,231815716
2024-08-15 11:20:34,21000.0,21000,Buy,231815713
2024-08-15 11:20:34,21000.0,300,Buy,231815714
2024-08-15 11:20:34,21000.0,4800,Buy,231815712
2024-08-15 11:20:34,21000.0,8000,Buy,231815711
2024-08-15 11:20:34,21000.0,2700,Buy,231815710
2024-08-15 11:20:34,21000.0,6000,Buy,231815715
2024-08-15 11:20:44,21000.0,300,Buy,231815861
2024-08-15 11:20:44,21000.0,4900,Buy,231815863
2024-08-15 11:20:44,21000.0,6000,Buy,231815862
2024-08-15 11:20:44,21000.0,200,Buy,231815860
2024-08-15 11:20:44,21000.0,1400,Buy,231815858
2024-08-15 11:20:44,21000.0,2700,Buy,231815857
2024-08-15 11:20:44,21000.0,3700,Buy,231815856
2024-08-15 11:20:44,21000.0,300,Buy,231815855
2024-08-15 11:20:44,21000.0,300,Buy,231815854
2024-08-15 11:20:44,21000.0,200,Buy,231815859
2024-08-15 11:20:45,21000.0,1000,Buy,231815881
2024-08-15 11:21:00,21000.0,3000,Buy,231816180
2024-08-15 11:21:00,21000.0,3000,Buy,231816181
2024-08-15 11:21:00,21000.0,1400,Buy,231816182
2024-08-15 11:21:00,21000.0,400,Buy,231816188
2024-08-15 11:21:00,21000.0,100,Buy,231816189
2024-08-15 11:21:00,21000.0,8000,Buy,231816190
2024-08-15 11:21:00,21000.0,1400,Buy,231816191
2024-08-15 11:21:00,21000.0,3200,Buy,231816195
2024-08-15 11:21:00,21000.0,600,Buy,231816193
2024-08-15 11:21:00,21000.0,8000,Buy,231816194
2024-08-15 11:21:00,21000.0,500,Buy,231816196
2024-08-15 11:21:00,21000.0,100,Buy,231816197
2024-08-15 11:21:00,21000.0,1000,Buy,231816198
2024-08-15 11:21:00,21000.0,4100,Buy,231816199
2024-08-15 11:21:00,21000.0,7300,Buy,231816192
2024-08-15 11:21:00,21000.0,100,Buy,231816179
2024-08-15 11:21:00,21000.0,2700,Buy,231816164
2024-08-15 11:21:00,21000.0,800,Buy,231816177
2024-08-15 11:21:00,21000.0,1000,Buy,231816147
2024-08-15 11:21:00,21000.0,3700,Buy,231816162
2024-08-15 11:21:00,21000.0,4800,Buy,231816163
2024-08-15 11:21:00,21000.0,20000,Buy,231816165
2024-08-15 11:21:00,21000.0,200,Buy,231816166
2024-08-15 11:21:00,21000.0,300,Buy,231816167
2024-08-15 11:21:00,21000.0,1000,Buy,231816178
2024-08-15 11:21:00,21000.0,2900,Buy,231816168
2024-08-15 11:21:00,21000.0,1400,Buy,231816170
2024-08-15 11:21:00,21000.0,1400,Buy,231816171
2024-08-15 11:21:00,21000.0,200,Buy,231816172
2024-08-15 11:21:00,21000.0,300,Buy,231816173
2024-08-15 11:21:00,21000.0,800,Buy,231816174
2024-08-15 11:21:00,21000.0,1400,Buy,231816175
2024-08-15 11:21:00,21000.0,2000,Buy,231816176
2024-08-15 11:21:00,21000.0,300,Buy,231816169
2024-08-15 11:21:01,21000.0,13600,Sell,231816228
2024-08-15 11:21:09,21000.0,2100,Buy,231816498
2024-08-15 11:21:09,21000.0,1100,Buy,231816499
2024-08-15 11:21:09,21000.0,3600,Buy,231816496
