time,price,volume,match_type,id
2024-08-16 09:14:37,21150.0,43400,ATO/ATC,231987754
2024-08-16 09:14:54,21150.0,100,Buy,231988091
2024-08-16 09:15:01,21150.0,100,Buy,231988167
2024-08-16 09:15:01,21150.0,1000,Buy,231988174
2024-08-16 09:15:01,21150.0,400,Buy,231988166
2024-08-16 09:15:01,21150.0,9100,Buy,231988168
2024-08-16 09:15:01,21150.0,400,Buy,231988169
2024-08-16 09:15:04,21150.0,200,Buy,231988228
2024-08-16 09:15:04,21150.0,600,Buy,231988227
2024-08-16 09:15:08,21150.0,1900,Buy,231988269
2024-08-16 09:15:08,21150.0,800,Buy,231988261
2024-08-16 09:15:16,21150.0,600,Buy,231988382
2024-08-16 09:15:16,21150.0,400,Buy,231988381
2024-08-16 09:15:17,21150.0,100,Buy,231988399
2024-08-16 09:15:44,21100.0,100,Sell,231988869
2024-08-16 09:15:44,21100.0,100,Sell,231988870
2024-08-16 09:15:44,21100.0,200,Sell,231988871
2024-08-16 09:15:45,21150.0,500,Buy,231988874
2024-08-16 09:15:49,21150.0,500,Buy,231988965
2024-08-16 09:16:01,21150.0,1000,Buy,231989226
2024-08-16 09:16:02,21100.0,100,Sell,231989241
2024-08-16 09:16:08,21150.0,100,Buy,231989346
2024-08-16 09:16:21,21150.0,5000,Buy,231989568
2024-08-16 09:16:25,21150.0,600,Buy,231989668
2024-08-16 09:16:32,21150.0,900,Buy,231989839
2024-08-16 09:16:54,21150.0,200,Buy,231990359
2024-08-16 09:17:12,21100.0,100,Sell,231990736
2024-08-16 09:17:32,21150.0,100,Buy,231991175
2024-08-16 09:17:32,21150.0,300,Buy,231991176
2024-08-16 09:17:32,21150.0,100,Buy,231991174
2024-08-16 09:17:32,21150.0,700,Buy,231991177
2024-08-16 09:17:32,21150.0,200,Buy,231991172
2024-08-16 09:17:32,21150.0,2100,Buy,231991171
2024-08-16 09:17:32,21150.0,1000,Buy,231991173
2024-08-16 09:17:32,21150.0,500,Buy,231991170
2024-08-16 09:17:42,21100.0,100,Sell,231991507
2024-08-16 09:18:02,21100.0,100,Sell,231991983
2024-08-16 09:18:02,21100.0,100,Sell,231992003
2024-08-16 09:18:02,21100.0,400,Sell,231991982
2024-08-16 09:18:14,21100.0,100,Sell,231992249
2024-08-16 09:18:20,21150.0,500,Buy,231992392
2024-08-16 09:18:38,21150.0,100,Buy,231992743
2024-08-16 09:18:45,21100.0,100,Sell,231992913
2024-08-16 09:19:04,21150.0,500,Buy,231993224
2024-08-16 09:19:15,21100.0,100,Sell,231993405
2024-08-16 09:19:18,21100.0,4000,Sell,231993449
2024-08-16 09:19:19,21100.0,800,Sell,231993467
2024-08-16 09:19:21,21100.0,100,Sell,231993532
2024-08-16 09:19:41,21100.0,100,Sell,231993900
2024-08-16 09:19:48,21100.0,100,Sell,231994027
2024-08-16 09:20:09,21100.0,100,Sell,231994583
2024-08-16 09:20:19,21100.0,100,Sell,231994797
2024-08-16 09:20:23,21100.0,900,Sell,231994914
2024-08-16 09:20:25,21100.0,100,Sell,231994949
2024-08-16 09:20:41,21150.0,200,Buy,231995285
2024-08-16 09:20:42,21100.0,100,Sell,231995318
2024-08-16 09:20:49,21100.0,100,Sell,231995434
2024-08-16 09:21:03,21100.0,100,Sell,231995700
2024-08-16 09:21:20,21100.0,100,Sell,231996009
2024-08-16 09:21:41,21100.0,600,Sell,231996384
2024-08-16 09:21:41,21100.0,100,Sell,231996390
2024-08-16 09:21:51,21100.0,100,Sell,231996565
2024-08-16 09:21:54,21150.0,200,Buy,231996616
2024-08-16 09:21:54,21150.0,1800,Buy,231996617
2024-08-16 09:22:23,21100.0,100,Sell,231997137
2024-08-16 09:22:25,21150.0,200,Buy,231997184
2024-08-16 09:22:25,21150.0,600,Buy,231997185
2024-08-16 09:22:45,21100.0,1100,Sell,231997481
2024-08-16 09:22:46,21100.0,200,Sell,231997493
2024-08-16 09:22:54,21100.0,100,Sell,231997591
2024-08-16 09:23:23,21150.0,300,Buy,231998025
2024-08-16 09:23:26,21100.0,100,Sell,231998071
2024-08-16 09:23:59,21100.0,100,Sell,231998776
2024-08-16 09:24:06,21100.0,1500,Sell,231998898
2024-08-16 09:24:08,21100.0,300,Sell,231998914
2024-08-16 09:24:15,21100.0,1200,Sell,231999045
2024-08-16 09:24:16,21100.0,2500,Sell,231999058
2024-08-16 09:24:16,21100.0,100,Sell,231999057
2024-08-16 09:24:16,21100.0,7100,Sell,231999056
2024-08-16 09:24:16,21100.0,200,Sell,231999053
2024-08-16 09:24:17,21150.0,2000,Buy,231999072
2024-08-16 09:24:17,21100.0,2000,Sell,231999090
2024-08-16 09:24:18,21100.0,800,Sell,231999099
2024-08-16 09:24:19,21100.0,100,Sell,231999113
2024-08-16 09:24:26,21100.0,100,Sell,231999252
2024-08-16 09:24:26,21100.0,3000,Sell,231999251
2024-08-16 09:24:26,21100.0,10700,Sell,231999250
2024-08-16 09:24:26,21100.0,10000,Sell,231999249
2024-08-16 09:24:26,21100.0,100,Sell,231999246
2024-08-16 09:24:26,21100.0,100,Sell,231999247
2024-08-16 09:24:26,21100.0,300,Sell,231999253
2024-08-16 09:24:26,21100.0,4000,Sell,231999245
2024-08-16 09:24:26,21100.0,300,Sell,231999244
2024-08-16 09:24:26,21100.0,300,Sell,231999248
2024-08-16 09:24:26,21100.0,5000,Sell,231999254
2024-08-16 09:24:26,21100.0,600,Sell,231999267
2024-08-16 09:24:26,21100.0,500,Sell,231999256
2024-08-16 09:24:26,21100.0,200,Sell,231999257
2024-08-16 09:24:26,21100.0,100,Sell,231999258
2024-08-16 09:24:26,21100.0,4500,Sell,231999259
2024-08-16 09:24:26,21100.0,20000,Sell,231999260
2024-08-16 09:24:26,21100.0,200,Sell,231999261
2024-08-16 09:24:26,21100.0,500,Sell,231999262
2024-08-16 09:24:26,21100.0,500,Sell,231999243
2024-08-16 09:24:26,21100.0,500,Sell,231999265
2024-08-16 09:24:26,21100.0,100,Sell,231999266
2024-08-16 09:24:26,21100.0,700,Sell,231999268
2024-08-16 09:24:26,21100.0,1200,Sell,231999255
2024-08-16 09:24:26,21100.0,500,Sell,231999242
2024-08-16 09:24:26,21100.0,100,Sell,231999264
2024-08-16 09:24:26,21100.0,100,Sell,231999240
2024-08-16 09:24:26,21100.0,1200,Sell,231999241
2024-08-16 09:24:26,21100.0,4600,Sell,231999215
2024-08-16 09:24:26,21100.0,500,Sell,231999216
2024-08-16 09:24:26,21100.0,1000,Sell,231999217
2024-08-16 09:24:26,21100.0,2000,Sell,231999218
2024-08-16 09:24:26,21100.0,100,Sell,231999219
2024-08-16 09:24:26,21100.0,1000,Sell,231999220
2024-08-16 09:24:26,21100.0,100,Sell,231999221
2024-08-16 09:24:26,21100.0,2000,Sell,231999222
2024-08-16 09:24:26,21100.0,700,Sell,231999223
2024-08-16 09:24:26,21100.0,5000,Sell,231999224
2024-08-16 09:24:26,21100.0,1000,Sell,231999225
2024-08-16 09:24:26,21100.0,200,Sell,231999226
2024-08-16 09:24:26,21100.0,100,Sell,231999263
2024-08-16 09:24:26,21100.0,100,Sell,231999228
2024-08-16 09:24:26,21100.0,100,Sell,231999238
2024-08-16 09:24:26,21100.0,700,Sell,231999237
2024-08-16 09:24:26,21100.0,12000,Sell,231999236
2024-08-16 09:24:26,21100.0,700,Sell,231999235
2024-08-16 09:24:26,21100.0,300,Sell,231999234
2024-08-16 09:24:26,21100.0,200,Sell,231999239
2024-08-16 09:24:26,21100.0,100,Sell,231999233
2024-08-16 09:24:26,21100.0,300,Sell,231999232
2024-08-16 09:24:26,21100.0,300,Sell,231999231
2024-08-16 09:24:26,21100.0,500,Sell,231999230
2024-08-16 09:24:26,21100.0,500,Sell,231999229
2024-08-16 09:24:26,21100.0,500,Sell,231999227
2024-08-16 09:24:28,21100.0,200,Sell,231999300
2024-08-16 09:24:28,21100.0,1000,Sell,231999299
2024-08-16 09:24:28,21100.0,2000,Sell,231999297
2024-08-16 09:24:28,21100.0,2700,Sell,231999298
2024-08-16 09:24:28,21100.0,300,Sell,231999296
2024-08-16 09:24:32,21050.0,100,Sell,231999372
2024-08-16 09:24:32,21100.0,100,Buy,231999384
2024-08-16 09:24:43,21100.0,1000,Buy,231999608
2024-08-16 09:24:44,21050.0,100,Sell,231999617
2024-08-16 09:24:44,21050.0,2900,Sell,231999614
2024-08-16 09:24:44,21050.0,1000,Sell,231999615
2024-08-16 09:24:44,21050.0,1000,Sell,231999616
2024-08-16 09:24:45,21050.0,600,Sell,231999639
2024-08-16 09:24:45,21050.0,300,Sell,231999637
2024-08-16 09:24:45,21050.0,100,Sell,231999638
2024-08-16 09:24:46,21050.0,200,Sell,231999657
2024-08-16 09:24:50,21100.0,100,Buy,231999725
2024-08-16 09:24:51,21100.0,5000,Buy,231999766
2024-08-16 09:25:05,21050.0,100,Sell,231999978
2024-08-16 09:25:15,21050.0,200,Sell,232000136
2024-08-16 09:25:30,21050.0,100,Sell,232000423
2024-08-16 09:25:33,21100.0,3000,Buy,232000464
2024-08-16 09:25:35,21050.0,100,Sell,232000481
2024-08-16 09:25:40,21100.0,300,Buy,232000556
2024-08-16 09:25:40,21050.0,200,Sell,232000559
2024-08-16 09:25:41,21100.0,1600,Buy,232000583
2024-08-16 09:25:42,21050.0,100,Sell,232000588
2024-08-16 09:25:45,21050.0,300,Sell,232000627
2024-08-16 09:25:49,21050.0,1100,Sell,232000708
2024-08-16 09:25:49,21050.0,200,Sell,232000712
2024-08-16 09:25:54,21100.0,2700,Buy,232000780
2024-08-16 09:26:05,21050.0,100,Sell,232000991
2024-08-16 09:26:20,21100.0,100,Buy,232001196
2024-08-16 09:26:21,21100.0,800,Buy,232001223
2024-08-16 09:26:29,21050.0,100,Sell,232001414
2024-08-16 09:26:37,21050.0,100,Sell,232001547
2024-08-16 09:26:58,21100.0,100,Buy,232001848
2024-08-16 09:26:58,21100.0,900,Buy,232001849
2024-08-16 09:27:08,21050.0,100,Sell,232002012
2024-08-16 09:27:27,21100.0,7200,Buy,232002302
2024-08-16 09:27:27,21100.0,200,Buy,232002301
2024-08-16 09:27:27,21100.0,100,Buy,232002306
2024-08-16 09:27:27,21100.0,1000,Buy,232002299
2024-08-16 09:27:27,21100.0,1000,Buy,232002298
2024-08-16 09:27:27,21100.0,400,Buy,232002297
2024-08-16 09:27:27,21100.0,200,Buy,232002300
2024-08-16 09:27:40,21050.0,100,Sell,232002606
2024-08-16 09:28:10,21050.0,100,Sell,232003094
2024-08-16 09:28:17,21100.0,100,Buy,232003217
2024-08-16 09:28:24,21100.0,3100,Buy,232003351
2024-08-16 09:28:42,21050.0,100,Sell,232003718
2024-08-16 09:29:14,21050.0,100,Sell,232004290
2024-08-16 09:29:36,21050.0,3000,Sell,232004682
2024-08-16 09:29:37,21050.0,600,Sell,232004712
2024-08-16 09:29:38,21050.0,100,Sell,232004733
2024-08-16 09:29:46,21100.0,1100,Buy,232004873
2024-08-16 09:29:47,21050.0,100,Sell,232004883
2024-08-16 09:29:51,21050.0,700,Sell,232004913
2024-08-16 09:29:52,21050.0,100,Sell,232004935
2024-08-16 09:29:57,21100.0,18400,Buy,232005030
2024-08-16 09:29:57,21100.0,1000,Buy,232005031
2024-08-16 09:29:57,21100.0,600,Buy,232005032
2024-08-16 09:30:14,21100.0,100,Buy,232005286
2024-08-16 09:30:18,21050.0,100,Sell,232005347
2024-08-16 09:30:18,21100.0,400,Buy,232005348
2024-08-16 09:30:19,21100.0,500,Buy,232005364
2024-08-16 09:30:22,21100.0,100,Buy,232005407
2024-08-16 09:30:36,21050.0,300,Sell,232005641
2024-08-16 09:30:39,21100.0,100,Buy,232005684
2024-08-16 09:30:40,21100.0,1600,Buy,232005695
2024-08-16 09:30:40,21100.0,1400,Buy,232005696
2024-08-16 09:30:40,21100.0,100,Buy,232005699
2024-08-16 09:30:49,21050.0,100,Sell,232005814
2024-08-16 09:30:55,21050.0,100,Sell,232005917
2024-08-16 09:31:21,21050.0,100,Sell,232006273
2024-08-16 09:31:53,21050.0,100,Sell,232006782
2024-08-16 09:32:23,21100.0,2000,Buy,232007355
2024-08-16 09:32:24,21050.0,100,Sell,232007364
2024-08-16 09:32:24,21050.0,400,Sell,232007389
2024-08-16 09:32:48,21100.0,1000,Buy,232007815
2024-08-16 09:32:48,21100.0,2000,Buy,232007752
2024-08-16 09:32:53,21100.0,1500,Buy,232007908
2024-08-16 09:32:53,21100.0,200,Buy,232007923
2024-08-16 09:32:53,21100.0,5000,Buy,232007922
2024-08-16 09:32:53,21100.0,300,Buy,232007921
2024-08-16 09:32:53,21100.0,2100,Buy,232007920
2024-08-16 09:32:53,21100.0,100,Buy,232007919
2024-08-16 09:32:53,21100.0,200,Buy,232007918
2024-08-16 09:32:53,21100.0,2400,Buy,232007917
2024-08-16 09:32:53,21100.0,100,Buy,232007913
2024-08-16 09:32:53,21100.0,200,Buy,232007915
2024-08-16 09:32:53,21100.0,200,Buy,232007914
2024-08-16 09:32:53,21100.0,3000,Buy,232007912
2024-08-16 09:32:53,21100.0,500,Buy,232007911
2024-08-16 09:32:53,21100.0,400,Buy,232007910
2024-08-16 09:32:53,21100.0,600,Buy,232007909
2024-08-16 09:32:53,21100.0,200,Buy,232007916
2024-08-16 09:32:55,21050.0,100,Sell,232007947
2024-08-16 09:33:10,21050.0,2000,Sell,232008269
2024-08-16 09:33:10,21100.0,100,Buy,232008267
2024-08-16 09:33:10,21100.0,300,Buy,232008266
2024-08-16 09:33:10,21100.0,100,Buy,232008268
2024-08-16 09:33:11,21050.0,500,Sell,232008286
2024-08-16 09:33:13,21050.0,100,Sell,232008305
2024-08-16 09:33:16,21100.0,100,Buy,232008373
2024-08-16 09:33:27,21050.0,100,Sell,232008594
2024-08-16 09:33:29,21100.0,100,Buy,232008689
2024-08-16 09:33:43,21100.0,500,Buy,232008927
2024-08-16 09:33:50,21100.0,1000,Buy,232009000
2024-08-16 09:33:53,21100.0,100,Buy,232009039
2024-08-16 09:33:56,21100.0,100,Buy,232009085
2024-08-16 09:33:57,21050.0,100,Sell,232009122
2024-08-16 09:34:04,21100.0,2000,Buy,232009223
2024-08-16 09:34:07,21100.0,3000,Buy,232009361
2024-08-16 09:34:10,21100.0,800,Buy,232009497
2024-08-16 09:34:24,21100.0,300,Buy,232009784
2024-08-16 09:34:27,21100.0,100,Buy,232009841
2024-08-16 09:34:29,21050.0,300,Sell,232009881
2024-08-16 09:34:29,21050.0,300,Sell,232009880
2024-08-16 09:34:29,21050.0,100,Sell,232009879
2024-08-16 09:34:29,21050.0,200,Sell,232009876
2024-08-16 09:34:29,21050.0,100,Sell,232009878
2024-08-16 09:34:29,21050.0,100,Sell,232009877
2024-08-16 09:34:30,21050.0,100,Sell,232009902
2024-08-16 09:34:30,21050.0,200,Sell,232009903
2024-08-16 09:34:38,21100.0,100,Buy,232010131
2024-08-16 09:34:42,21050.0,100,Sell,232010225
2024-08-16 09:34:44,21100.0,100,Buy,232010254
2024-08-16 09:34:51,21100.0,11600,Buy,232010432
2024-08-16 09:34:51,21100.0,600,Buy,232010433
2024-08-16 09:34:51,21100.0,12200,Buy,232010434
2024-08-16 09:34:51,21100.0,200,Buy,232010435
2024-08-16 09:34:51,21100.0,4200,Buy,232010436
2024-08-16 09:34:51,21100.0,1200,Buy,232010437
2024-08-16 09:34:59,21100.0,500,Buy,232010587
2024-08-16 09:34:59,21100.0,600,Buy,232010586
2024-08-16 09:34:59,21100.0,400,Buy,232010588
2024-08-16 09:34:59,21100.0,100,Buy,232010584
2024-08-16 09:34:59,21100.0,1800,Buy,232010583
2024-08-16 09:34:59,21100.0,100,Buy,232010585
2024-08-16 09:35:00,21050.0,100,Sell,232010618
2024-08-16 09:35:09,21100.0,300,Buy,232010802
2024-08-16 09:35:17,21100.0,200,Buy,232010937
2024-08-16 09:35:19,21100.0,3400,Buy,232010963
2024-08-16 09:35:19,21100.0,200,Buy,232010962
2024-08-16 09:35:19,21100.0,1000,Buy,232010960
2024-08-16 09:35:19,21100.0,9100,Buy,232010959
2024-08-16 09:35:19,21100.0,400,Buy,232010961
2024-08-16 09:35:28,21100.0,100,Buy,232011145
2024-08-16 09:35:28,21100.0,100,Buy,232011146
2024-08-16 09:35:28,21100.0,200,Buy,232011155
2024-08-16 09:35:30,21050.0,100,Sell,232011224
2024-08-16 09:35:31,21100.0,400,Buy,232011251
2024-08-16 09:35:31,21100.0,600,Buy,232011252
2024-08-16 09:35:31,21100.0,400,Buy,232011250
2024-08-16 09:35:31,21100.0,1300,Buy,232011246
2024-08-16 09:35:31,21100.0,100,Buy,232011248
2024-08-16 09:35:31,21100.0,2000,Buy,232011247
2024-08-16 09:35:31,21100.0,200,Buy,232011249
2024-08-16 09:35:41,21100.0,100,Buy,232011574
2024-08-16 09:36:01,21100.0,100,Buy,232012062
2024-08-16 09:36:02,21050.0,100,Sell,232012122
2024-08-16 09:36:27,21100.0,100,Buy,232012745
2024-08-16 09:36:27,21100.0,200,Buy,232012746
2024-08-16 09:36:34,21050.0,100,Sell,232012910
2024-08-16 09:37:02,21050.0,1800,Sell,232013634
2024-08-16 09:37:03,21050.0,300,Sell,232013683
2024-08-16 09:37:04,21050.0,100,Sell,232013709
2024-08-16 09:37:18,21050.0,100,Sell,232014109
2024-08-16 09:37:27,21100.0,5000,Buy,232014386
2024-08-16 09:37:28,21050.0,100,Sell,232014432
2024-08-16 09:37:33,21100.0,500,Buy,232014573
2024-08-16 09:37:34,21050.0,1500,Sell,232014589
2024-08-16 09:37:34,21050.0,200,Sell,232014590
2024-08-16 09:37:34,21050.0,100,Sell,232014592
2024-08-16 09:37:34,21050.0,200,Sell,232014593
2024-08-16 09:37:34,21050.0,100,Sell,232014594
2024-08-16 09:37:35,21050.0,100,Sell,232014608
2024-08-16 09:37:35,21050.0,100,Sell,232014611
2024-08-16 09:37:39,21100.0,1500,Buy,232014746
2024-08-16 09:37:48,21050.0,300,Sell,232015015
2024-08-16 09:37:48,21050.0,900,Sell,232015016
2024-08-16 09:37:48,21050.0,500,Sell,232015014
2024-08-16 09:37:48,21050.0,100,Sell,232015013
2024-08-16 09:37:49,21050.0,100,Sell,232015046
2024-08-16 09:37:49,21050.0,200,Sell,232015047
2024-08-16 09:38:04,21050.0,1800,Sell,232015569
2024-08-16 09:38:05,21050.0,300,Sell,232015595
2024-08-16 09:38:07,21050.0,100,Sell,232015659
2024-08-16 09:38:10,21100.0,2800,Buy,232015739
2024-08-16 09:38:10,21100.0,1000,Buy,232015743
2024-08-16 09:38:10,21100.0,6200,Buy,232015744
2024-08-16 09:38:11,21100.0,100,Buy,232015753
2024-08-16 09:38:11,21100.0,100,Buy,232015754
2024-08-16 09:38:17,21100.0,300,Buy,232015937
2024-08-16 09:38:22,21100.0,2100,Buy,232016085
2024-08-16 09:38:22,21100.0,100,Buy,232016084
2024-08-16 09:38:22,21100.0,200,Buy,232016083
2024-08-16 09:38:22,21100.0,300,Buy,232016082
2024-08-16 09:38:22,21100.0,1000,Buy,232016081
2024-08-16 09:38:22,21100.0,10000,Buy,232016080
2024-08-16 09:38:22,21100.0,1000,Buy,232016077
2024-08-16 09:38:22,21100.0,2900,Buy,232016076
2024-08-16 09:38:22,21100.0,300,Buy,232016075
2024-08-16 09:38:22,21100.0,6000,Buy,232016079
2024-08-16 09:38:22,21100.0,100,Buy,232016078
2024-08-16 09:38:24,21100.0,5000,Sell,232016161
2024-08-16 09:38:25,21100.0,1000,Sell,232016214
2024-08-16 09:38:25,21100.0,200,Sell,232016243
2024-08-16 09:38:35,21100.0,800,Sell,232016550
2024-08-16 09:38:35,21100.0,100,Sell,232016562
2024-08-16 09:38:36,21100.0,900,Sell,232016593
2024-08-16 09:38:36,21100.0,900,Sell,232016594
2024-08-16 09:38:37,21100.0,100,Sell,232016615
2024-08-16 09:38:38,21100.0,200,Buy,232016621
2024-08-16 09:38:38,21100.0,100,Buy,232016622
2024-08-16 09:38:44,21100.0,300,Sell,232016826
2024-08-16 09:38:56,21100.0,200,Sell,232017285
2024-08-16 09:39:05,21100.0,100,Sell,232017642
2024-08-16 09:39:08,21100.0,200,Sell,232017709
2024-08-16 09:39:08,21100.0,100,Sell,232017731
2024-08-16 09:39:09,21100.0,1700,Sell,232017765
2024-08-16 09:39:10,21100.0,100,Sell,232017824
2024-08-16 09:39:10,21100.0,200,Sell,232017825
2024-08-16 09:39:28,21150.0,100,Buy,232018646
2024-08-16 09:39:38,21100.0,100,Sell,232019079
2024-08-16 09:39:40,21100.0,1700,Sell,232019186
2024-08-16 09:39:40,21100.0,100,Sell,232019187
2024-08-16 09:39:40,21100.0,300,Sell,232019231
2024-08-16 09:39:41,21100.0,200,Sell,232019250
2024-08-16 09:39:42,21100.0,100,Sell,232019268
2024-08-16 09:39:48,21150.0,700,Buy,232019753
2024-08-16 09:39:53,21100.0,200,Sell,232020052
2024-08-16 09:39:53,21100.0,500,Sell,232020053
2024-08-16 09:39:53,21100.0,1000,Sell,232020054
2024-08-16 09:39:53,21100.0,200,Sell,232020055
2024-08-16 09:39:53,21100.0,1300,Sell,232020056
2024-08-16 09:39:53,21100.0,30000,Sell,232020057
2024-08-16 09:39:53,21100.0,100,Sell,232020058
2024-08-16 09:39:53,21100.0,400,Sell,232020059
2024-08-16 09:39:53,21100.0,300,Sell,232020051
2024-08-16 09:39:54,21150.0,100,Buy,232020065
2024-08-16 09:40:12,21100.0,600,Sell,232020882
2024-08-16 09:40:12,21100.0,1000,Sell,232020883
2024-08-16 09:40:12,21100.0,200,Sell,232020884
2024-08-16 09:40:13,21100.0,300,Sell,232020928
2024-08-16 09:40:14,21100.0,100,Sell,232020993
2024-08-16 09:40:15,21150.0,1000,Buy,232021110
2024-08-16 09:40:44,21100.0,100,Sell,232022521
2024-08-16 09:40:45,21100.0,500,Sell,232022551
2024-08-16 09:40:45,21100.0,900,Sell,232022552
2024-08-16 09:40:45,21100.0,300,Sell,232022550
2024-08-16 09:40:46,21100.0,100,Sell,232022675
2024-08-16 09:40:46,21100.0,200,Sell,232022676
2024-08-16 09:41:16,21100.0,100,Sell,232023978
2024-08-16 09:41:16,21100.0,400,Sell,232023985
2024-08-16 09:41:16,21100.0,1300,Sell,232023986
2024-08-16 09:41:18,21100.0,300,Sell,232024038
2024-08-16 09:41:22,21100.0,300,Sell,232024282
2024-08-16 09:41:22,21100.0,100,Sell,232024279
2024-08-16 09:41:22,21100.0,1000,Sell,232024281
2024-08-16 09:41:22,21100.0,600,Sell,232024249
2024-08-16 09:41:22,21100.0,18400,Sell,232024248
2024-08-16 09:41:22,21100.0,400,Sell,232024278
2024-08-16 09:41:22,21100.0,2100,Sell,232024280
2024-08-16 09:41:24,21100.0,800,Sell,232024307
2024-08-16 09:41:24,21100.0,100,Sell,232024359
2024-08-16 09:41:25,21100.0,10000,Sell,232024380
2024-08-16 09:41:27,21100.0,2100,Sell,232024412
2024-08-16 09:41:27,21100.0,400,Sell,232024448
2024-08-16 09:41:31,21100.0,6300,Sell,232024626
2024-08-16 09:41:31,21100.0,3700,Sell,232024627
2024-08-16 09:41:32,21100.0,1300,Sell,232024646
2024-08-16 09:41:32,21100.0,1000,Sell,232024685
2024-08-16 09:41:33,21100.0,200,Sell,232024713
2024-08-16 09:41:38,21100.0,10000,Sell,232024924
2024-08-16 09:41:38,21100.0,100,Sell,232024925
2024-08-16 09:41:38,21100.0,2000,Sell,232024923
2024-08-16 09:41:38,21100.0,1000,Sell,232024921
2024-08-16 09:41:38,21100.0,2000,Sell,232024922
2024-08-16 09:41:39,21100.0,3000,Buy,232024984
2024-08-16 09:41:47,21050.0,1700,Sell,232025348
2024-08-16 09:41:47,21050.0,100,Sell,232025371
2024-08-16 09:41:47,21050.0,300,Sell,232025374
2024-08-16 09:41:57,21100.0,1000,Buy,232025656
2024-08-16 09:42:11,21100.0,500,Buy,232026361
2024-08-16 09:42:17,21050.0,100,Sell,232026660
2024-08-16 09:42:17,21050.0,500,Sell,232026661
2024-08-16 09:42:17,21050.0,200,Sell,232026662
2024-08-16 09:42:17,21050.0,100,Sell,232026663
2024-08-16 09:42:17,21050.0,500,Sell,232026664
2024-08-16 09:42:17,21050.0,100,Sell,232026665
2024-08-16 09:42:17,21050.0,200,Sell,232026666
2024-08-16 09:42:18,21050.0,200,Sell,232026698
2024-08-16 09:42:18,21050.0,300,Sell,232026712
2024-08-16 09:42:20,21050.0,100,Sell,232026798
2024-08-16 09:42:20,21100.0,400,Buy,232026837
2024-08-16 09:42:20,21100.0,1100,Buy,232026838
2024-08-16 09:42:22,21100.0,1000,Buy,232026883
2024-08-16 09:42:29,21100.0,100,Buy,232027222
2024-08-16 09:42:30,21100.0,200,Buy,232027331
2024-08-16 09:42:46,21100.0,700,Buy,232027950
2024-08-16 09:42:46,21100.0,300,Buy,232027951
2024-08-16 09:42:48,21100.0,1000,Buy,232028071
2024-08-16 09:42:48,21050.0,1800,Sell,232028069
2024-08-16 09:42:48,21100.0,100,Buy,232028063
2024-08-16 09:42:48,21100.0,300,Buy,232028061
2024-08-16 09:42:48,21100.0,200,Buy,232028062
2024-08-16 09:42:48,21100.0,200,Buy,232028059
2024-08-16 09:42:48,21100.0,2800,Buy,232028055
2024-08-16 09:42:48,21100.0,600,Buy,232028056
2024-08-16 09:42:48,21100.0,100,Buy,232028060
2024-08-16 09:42:48,21100.0,100,Buy,232028058
2024-08-16 09:42:48,21100.0,2600,Buy,232028057
2024-08-16 09:42:51,21050.0,100,Sell,232028255
2024-08-16 09:42:52,21100.0,3000,Buy,232028270
2024-08-16 09:42:53,21100.0,1000,Buy,232028320
2024-08-16 09:42:59,21100.0,100,Buy,232028532
2024-08-16 09:43:03,21100.0,100,Buy,232028684
2024-08-16 09:43:03,21100.0,200,Buy,232028685
2024-08-16 09:43:03,21100.0,2000,Buy,232028686
2024-08-16 09:43:03,21100.0,100,Buy,232028687
2024-08-16 09:43:03,21100.0,600,Buy,232028688
2024-08-16 09:43:03,21100.0,200,Buy,232028689
2024-08-16 09:43:04,21100.0,600,Sell,232028728
2024-08-16 09:43:06,21100.0,100,Sell,232028767
2024-08-16 09:43:06,21100.0,600,Sell,232028780
2024-08-16 09:43:07,21100.0,100,Sell,232028840
2024-08-16 09:43:13,21100.0,100,Sell,232029028
2024-08-16 09:43:21,21100.0,300,Sell,232029340
2024-08-16 09:43:21,21100.0,1000,Sell,232029341
2024-08-16 09:43:21,21100.0,400,Sell,232029342
2024-08-16 09:43:21,21100.0,300,Sell,232029375
2024-08-16 09:43:24,21100.0,100,Sell,232029475
2024-08-16 09:43:26,21100.0,200,Sell,232029568
2024-08-16 09:43:26,21100.0,800,Sell,232029569
2024-08-16 09:43:27,21050.0,15000,Sell,232029628
2024-08-16 09:43:27,21050.0,15000,Sell,232029627
2024-08-16 09:43:27,21050.0,15000,Sell,232029626
2024-08-16 09:43:27,21050.0,15000,Sell,232029625
2024-08-16 09:43:27,21050.0,15000,Sell,232029624
2024-08-16 09:43:27,21100.0,1000,Sell,232029622
2024-08-16 09:43:27,21100.0,100,Sell,232029621
2024-08-16 09:43:27,21100.0,5000,Sell,232029620
2024-08-16 09:43:27,21100.0,200,Sell,232029619
2024-08-16 09:43:27,21100.0,200,Sell,232029591
2024-08-16 09:43:27,21050.0,8700,Sell,232029623
2024-08-16 09:43:28,21050.0,13600,Sell,232029670
2024-08-16 09:43:28,21050.0,3000,Sell,232029671
2024-08-16 09:43:28,21050.0,100,Sell,232029672
2024-08-16 09:43:28,21050.0,2200,Sell,232029673
2024-08-16 09:43:29,21050.0,900,Sell,232029698
2024-08-16 09:43:29,21050.0,3000,Sell,232029699
2024-08-16 09:43:31,21050.0,800,Sell,232029779
2024-08-16 09:43:31,21050.0,100,Sell,232029838
2024-08-16 09:43:37,21100.0,100,Sell,232030063
2024-08-16 09:43:37,21100.0,100,Sell,232030078
2024-08-16 09:43:51,21100.0,300,Sell,232030708
2024-08-16 09:43:52,21050.0,300,Sell,232030751
2024-08-16 09:43:52,21050.0,1800,Sell,232030738
2024-08-16 09:43:54,21050.0,200,Sell,232030827
2024-08-16 09:44:19,21100.0,100,Buy,232031738
2024-08-16 09:44:24,21050.0,1700,Sell,232031923
2024-08-16 09:44:25,21050.0,300,Sell,232031984
2024-08-16 09:44:26,21100.0,100,Buy,232032008
2024-08-16 09:44:27,21050.0,100,Sell,232032022
2024-08-16 09:44:32,21100.0,19500,Buy,232032158
2024-08-16 09:44:32,21100.0,500,Buy,232032159
2024-08-16 09:44:33,21100.0,100,Buy,232032201
2024-08-16 09:44:43,21100.0,100,Buy,232032617
2024-08-16 09:44:45,21100.0,500,Buy,232032670
2024-08-16 09:44:47,21100.0,1000,Buy,232032714
2024-08-16 09:44:54,21050.0,1800,Sell,232032896
2024-08-16 09:44:54,21050.0,300,Sell,232032910
2024-08-16 09:44:58,21050.0,100,Sell,232033000
2024-08-16 09:44:58,21100.0,1000,Buy,232033015
2024-08-16 09:45:02,21100.0,100,Buy,232033148
2024-08-16 09:45:08,21100.0,100,Buy,232033357
2024-08-16 09:45:13,21100.0,1000,Buy,232033501
2024-08-16 09:45:15,21100.0,5800,Buy,232033592
2024-08-16 09:45:15,21100.0,300,Buy,232033587
2024-08-16 09:45:15,21100.0,4200,Buy,232033593
2024-08-16 09:45:19,21100.0,100,Buy,232033702
2024-08-16 09:45:20,21100.0,700,Buy,232033755
2024-08-16 09:45:23,21100.0,100,Buy,232033829
2024-08-16 09:45:26,21050.0,1800,Sell,232033912
2024-08-16 09:45:26,21100.0,100,Buy,232033913
2024-08-16 09:45:27,21100.0,3000,Buy,232033943
2024-08-16 09:45:30,21050.0,100,Sell,232034010
2024-08-16 09:45:45,21100.0,300,Buy,232034426
2024-08-16 09:45:58,21100.0,100,Buy,232034733
2024-08-16 09:45:59,21050.0,1800,Sell,232034744
2024-08-16 09:45:59,21050.0,300,Sell,232034758
2024-08-16 09:46:01,21050.0,200,Sell,232034812
2024-08-16 09:46:30,21050.0,1800,Sell,232035559
2024-08-16 09:46:31,21050.0,300,Sell,232035593
2024-08-16 09:46:34,21050.0,100,Sell,232035647
2024-08-16 09:46:40,21100.0,11400,Buy,232035861
2024-08-16 09:46:40,21100.0,1500,Buy,232035862
2024-08-16 09:46:40,21100.0,200,Buy,232035863
2024-08-16 09:46:40,21100.0,4200,Buy,232035864
2024-08-16 09:46:40,21100.0,3000,Buy,232035865
2024-08-16 09:46:40,21100.0,100,Buy,232035866
2024-08-16 09:46:40,21100.0,200,Buy,232035867
2024-08-16 09:46:40,21100.0,4400,Buy,232035868
2024-08-16 09:46:47,21100.0,4700,Buy,232036005
2024-08-16 09:46:48,21100.0,500,Buy,232036044
2024-08-16 09:46:56,21100.0,500,Buy,232036229
2024-08-16 09:47:02,21050.0,300,Sell,232036399
2024-08-16 09:47:02,21050.0,1800,Sell,232036378
2024-08-16 09:47:04,21100.0,100,Buy,232036471
2024-08-16 09:47:06,21050.0,100,Sell,232036516
2024-08-16 09:47:29,21100.0,100,Buy,232036998
2024-08-16 09:47:31,21050.0,20000,Sell,232037030
2024-08-16 09:47:31,21050.0,4200,Sell,232037052
2024-08-16 09:47:34,21050.0,800,Sell,232037121
2024-08-16 09:47:34,21050.0,1800,Sell,232037129
2024-08-16 09:47:34,21050.0,100,Sell,232037131
2024-08-16 09:47:36,21050.0,300,Sell,232037193
2024-08-16 09:47:36,21100.0,700,Buy,232037194
2024-08-16 09:47:37,21050.0,200,Sell,232037227
2024-08-16 09:47:42,21100.0,100,Buy,232037333
2024-08-16 09:47:47,21100.0,4500,Buy,232037494
2024-08-16 09:47:47,21100.0,1000,Buy,232037493
2024-08-16 09:47:47,21100.0,100,Buy,232037492
2024-08-16 09:47:47,21100.0,3000,Buy,232037489
2024-08-16 09:47:47,21100.0,200,Buy,232037490
2024-08-16 09:47:47,21100.0,8900,Buy,232037487
2024-08-16 09:47:47,21100.0,2100,Buy,232037491
2024-08-16 09:47:47,21100.0,200,Buy,232037488
2024-08-16 09:47:56,21100.0,100,Buy,232037705
2024-08-16 09:48:00,21100.0,100,Buy,232037826
2024-08-16 09:48:07,21050.0,1800,Sell,232038008
2024-08-16 09:48:07,21050.0,300,Sell,232038013
2024-08-16 09:48:10,21050.0,200,Sell,232038064
2024-08-16 09:48:16,21100.0,6000,Buy,232038196
2024-08-16 09:48:17,21100.0,100,Buy,232038214
2024-08-16 09:48:18,21050.0,100,Sell,232038242
2024-08-16 09:48:18,21050.0,600,Sell,232038224
2024-08-16 09:48:23,21100.0,200,Buy,232038336
2024-08-16 09:48:29,21050.0,300,Sell,232038514
2024-08-16 09:48:31,21100.0,200,Buy,232038537
2024-08-16 09:48:34,21100.0,800,Buy,232038615
2024-08-16 09:48:38,21050.0,1700,Sell,232038700
2024-08-16 09:48:39,21100.0,2900,Buy,232038745
2024-08-16 09:48:39,21050.0,300,Sell,232038747
2024-08-16 09:48:40,21050.0,600,Sell,232038770
2024-08-16 09:48:41,21050.0,100,Sell,232038803
2024-08-16 09:48:42,21050.0,100,Sell,232038818
2024-08-16 09:48:44,21100.0,5000,Buy,232038852
2024-08-16 09:48:57,21100.0,5100,Buy,232039190
2024-08-16 09:48:57,21100.0,13400,Buy,232039191
2024-08-16 09:49:00,21100.0,200,Buy,232039241
2024-08-16 09:49:04,21100.0,100,Buy,232039311
2024-08-16 09:49:09,21050.0,300,Sell,232039452
2024-08-16 09:49:09,21050.0,1800,Sell,232039441
2024-08-16 09:49:12,21100.0,1000,Buy,232039514
2024-08-16 09:49:13,21050.0,100,Sell,232039570
2024-08-16 09:49:13,21050.0,200,Sell,232039573
2024-08-16 09:49:14,21100.0,1400,Buy,232039582
2024-08-16 09:49:17,21100.0,100,Buy,232039669
2024-08-16 09:49:22,21100.0,100,Buy,232039791
2024-08-16 09:49:25,21100.0,2000,Buy,232039852
2024-08-16 09:49:28,21100.0,100,Buy,232040009
2024-08-16 09:49:35,21100.0,5000,Buy,232040154
2024-08-16 09:49:38,21100.0,200,Buy,232040225
2024-08-16 09:49:40,21100.0,100,Buy,232040245
2024-08-16 09:49:42,21050.0,1700,Sell,232040290
2024-08-16 09:49:42,21050.0,300,Sell,232040323
2024-08-16 09:49:44,21100.0,200,Buy,232040362
2024-08-16 09:49:44,21100.0,800,Buy,232040361
2024-08-16 09:49:44,21100.0,500,Buy,232040360
2024-08-16 09:49:45,21050.0,100,Sell,232040379
2024-08-16 09:49:52,21100.0,2200,Buy,232040591
2024-08-16 09:49:52,21100.0,800,Buy,232040590
2024-08-16 09:49:53,21100.0,9500,Buy,232040601
2024-08-16 09:49:56,21100.0,100,Buy,232040677
2024-08-16 09:49:57,21100.0,1000,Buy,232040694
2024-08-16 09:49:57,21100.0,1000,Buy,232040697
2024-08-16 09:50:03,21100.0,6200,Buy,232040829
2024-08-16 09:50:03,21100.0,100,Buy,232040830
2024-08-16 09:50:03,21100.0,200,Buy,232040831
2024-08-16 09:50:03,21100.0,100,Buy,232040832
2024-08-16 09:50:03,21100.0,3400,Buy,232040833
2024-08-16 09:50:04,21100.0,100,Buy,232040861
2024-08-16 09:50:05,21050.0,1000,Sell,232040886
2024-08-16 09:50:07,21050.0,200,Sell,232040943
2024-08-16 09:50:07,21100.0,1000,Buy,232040929
2024-08-16 09:50:07,21100.0,500,Buy,232040923
2024-08-16 09:50:10,21100.0,200,Buy,232041053
2024-08-16 09:50:10,21100.0,800,Buy,232041054
2024-08-16 09:50:13,21050.0,1800,Sell,232041101
2024-08-16 09:50:13,21050.0,300,Sell,232041110
2024-08-16 09:50:15,21050.0,500,Sell,232041133
2024-08-16 09:50:15,21050.0,100,Sell,232041153
2024-08-16 09:50:16,21050.0,200,Sell,232041188
2024-08-16 09:50:18,21100.0,100,Buy,232041224
2024-08-16 09:50:18,21100.0,100,Buy,232041225
2024-08-16 09:50:18,21100.0,100,Buy,232041226
2024-08-16 09:50:18,21100.0,1700,Buy,232041227
2024-08-16 09:50:20,21100.0,200,Buy,232041275
2024-08-16 09:50:25,21100.0,5000,Buy,232041405
2024-08-16 09:50:37,21100.0,1500,Buy,232041696
2024-08-16 09:50:37,21100.0,200,Buy,232041695
2024-08-16 09:50:37,21100.0,13100,Buy,232041692
2024-08-16 09:50:37,21100.0,5000,Buy,232041693
2024-08-16 09:50:37,21100.0,200,Buy,232041694
2024-08-16 09:50:38,21100.0,1000,Buy,232041725
2024-08-16 09:50:38,21100.0,700,Buy,232041715
2024-08-16 09:50:44,21100.0,100,Buy,232041869
2024-08-16 09:50:45,21100.0,900,Buy,232041882
2024-08-16 09:50:45,21100.0,200,Buy,232041883
2024-08-16 09:50:46,21050.0,1800,Sell,232041920
2024-08-16 09:50:46,21050.0,300,Sell,232041930
2024-08-16 09:50:48,21100.0,300,Buy,232041958
2024-08-16 09:50:48,21050.0,100,Sell,232041977
2024-08-16 09:50:52,21100.0,500,Buy,232042044
2024-08-16 09:50:54,21100.0,2600,Buy,232042089
2024-08-16 09:50:54,21100.0,300,Buy,232042088
2024-08-16 09:50:54,21100.0,1000,Buy,232042087
2024-08-16 09:50:54,21100.0,400,Buy,232042086
2024-08-16 09:50:54,21100.0,300,Buy,232042085
2024-08-16 09:50:54,21100.0,7900,Buy,232042084
2024-08-16 09:50:54,21100.0,1000,Buy,232042081
2024-08-16 09:50:54,21100.0,3800,Buy,232042082
2024-08-16 09:50:54,21100.0,500,Buy,232042079
2024-08-16 09:50:54,21100.0,600,Buy,232042078
2024-08-16 09:50:54,21100.0,5000,Buy,232042077
2024-08-16 09:50:54,21100.0,200,Buy,232042076
2024-08-16 09:50:54,21100.0,300,Buy,232042083
2024-08-16 09:50:54,21100.0,100,Buy,232042080
2024-08-16 09:50:55,21100.0,400,Buy,232042113
2024-08-16 09:50:55,21100.0,600,Buy,232042114
2024-08-16 09:51:00,21100.0,1000,Buy,232042216
2024-08-16 09:51:01,21100.0,100,Buy,232042240
2024-08-16 09:51:01,21100.0,200,Buy,232042227
2024-08-16 09:51:01,21100.0,500,Buy,232042225
2024-08-16 09:51:01,21100.0,300,Buy,232042226
2024-08-16 09:51:02,21100.0,100,Buy,232042266
2024-08-16 09:51:02,21100.0,200,Buy,232042281
2024-08-16 09:51:02,21100.0,800,Buy,232042282
2024-08-16 09:51:03,21100.0,200,Buy,232042294
2024-08-16 09:51:05,21100.0,1000,Buy,232042331
2024-08-16 09:51:06,21100.0,100,Buy,232042420
2024-08-16 09:51:12,21100.0,100,Buy,232042510
2024-08-16 09:51:17,21100.0,100,Buy,232042615
2024-08-16 09:51:17,21100.0,100,Buy,232042619
2024-08-16 09:51:17,21050.0,1800,Sell,232042622
2024-08-16 09:51:18,21050.0,300,Sell,232042648
2024-08-16 09:51:20,21050.0,100,Sell,232042688
2024-08-16 09:51:22,21100.0,400,Buy,232042729
2024-08-16 09:51:22,21100.0,600,Buy,232042728
2024-08-16 09:51:29,21100.0,100,Buy,232042899
2024-08-16 09:51:37,21100.0,100,Buy,232043055
2024-08-16 09:51:44,21100.0,1500,Buy,232043249
2024-08-16 09:51:46,21100.0,100,Buy,232043279
2024-08-16 09:51:50,21050.0,1800,Sell,232043367
2024-08-16 09:51:51,21050.0,300,Sell,232043376
2024-08-16 09:51:52,21050.0,100,Sell,232043378
2024-08-16 09:52:10,21100.0,500,Buy,232043867
2024-08-16 09:52:11,21100.0,1100,Buy,232043881
2024-08-16 09:52:11,21100.0,100,Buy,232043882
2024-08-16 09:52:23,21050.0,300,Sell,232044140
2024-08-16 09:52:23,21100.0,2700,Buy,232044135
2024-08-16 09:52:23,21100.0,100,Buy,232044134
2024-08-16 09:52:23,21100.0,200,Buy,232044133
2024-08-16 09:52:23,21100.0,300,Buy,232044132
2024-08-16 09:52:23,21100.0,400,Buy,232044130
2024-08-16 09:52:23,21050.0,100,Sell,232044110
2024-08-16 09:52:23,21100.0,300,Buy,232044131
2024-08-16 09:52:23,21050.0,1800,Sell,232044116
2024-08-16 09:52:24,21050.0,900,Sell,232044166
2024-08-16 09:52:25,21050.0,100,Sell,232044204
2024-08-16 09:52:28,21100.0,100,Buy,232044348
2024-08-16 09:52:31,21100.0,100,Buy,232044404
2024-08-16 09:52:33,21100.0,100,Buy,232044439
2024-08-16 09:52:36,21100.0,500,Buy,232044513
2024-08-16 09:52:36,21100.0,100,Buy,232044524
2024-08-16 09:52:39,21100.0,100,Buy,232044633
2024-08-16 09:52:39,21100.0,200,Buy,232044632
2024-08-16 09:52:39,21100.0,100,Buy,232044631
2024-08-16 09:52:39,21100.0,3000,Buy,232044630
2024-08-16 09:52:39,21100.0,100,Buy,232044629
2024-08-16 09:52:39,21100.0,100,Buy,232044628
2024-08-16 09:52:39,21100.0,300,Buy,232044627
2024-08-16 09:52:39,21100.0,200,Buy,232044625
2024-08-16 09:52:39,21100.0,200,Buy,232044624
2024-08-16 09:52:39,21100.0,200,Buy,232044622
2024-08-16 09:52:39,21100.0,400,Buy,232044621
2024-08-16 09:52:39,21100.0,200,Buy,232044620
2024-08-16 09:52:39,21100.0,1400,Buy,232044619
2024-08-16 09:52:39,21100.0,500,Buy,232044626
2024-08-16 09:52:39,21100.0,200,Buy,232044623
2024-08-16 09:52:40,21100.0,700,Sell,232044710
2024-08-16 09:52:40,21100.0,200,Sell,232044711
2024-08-16 09:52:40,21100.0,100,Sell,232044712
2024-08-16 09:52:53,21050.0,100,Sell,232045008
2024-08-16 09:52:56,21050.0,1800,Sell,232045065
2024-08-16 09:52:56,21050.0,300,Sell,232045071
2024-08-16 09:52:57,21100.0,500,Buy,232045102
2024-08-16 09:53:04,21100.0,200,Buy,232045292
2024-08-16 09:53:06,21100.0,100,Buy,232045325
2024-08-16 09:53:24,21150.0,600,Buy,232045777
2024-08-16 09:53:26,21100.0,100,Sell,232045797
2024-08-16 09:53:28,21100.0,1800,Sell,232045888
2024-08-16 09:53:29,21100.0,200,Sell,232045940
2024-08-16 09:53:29,21100.0,100,Sell,232045941
2024-08-16 09:53:33,21100.0,2000,Sell,232046013
2024-08-16 09:53:33,21100.0,400,Sell,232046080
2024-08-16 09:53:42,21150.0,200,Buy,232046273
2024-08-16 09:53:58,21100.0,100,Sell,232046660
2024-08-16 09:54:00,21100.0,1800,Sell,232046739
2024-08-16 09:54:00,21100.0,300,Sell,232046754
2024-08-16 09:54:03,21100.0,500,Sell,232046794
2024-08-16 09:54:03,21100.0,100,Sell,232046793
2024-08-16 09:54:03,21100.0,5300,Sell,232046789
2024-08-16 09:54:03,21100.0,100,Sell,232046791
2024-08-16 09:54:03,21100.0,1000,Sell,232046790
2024-08-16 09:54:03,21100.0,1000,Sell,232046792
2024-08-16 09:54:04,21100.0,100,Buy,232046882
2024-08-16 09:54:11,21050.0,100,Sell,232047058
2024-08-16 09:54:12,21100.0,100,Buy,232047091
2024-08-16 09:54:24,21100.0,600,Buy,232047398
2024-08-16 09:54:29,21050.0,100,Sell,232047514
2024-08-16 09:54:30,21100.0,2000,Buy,232047539
2024-08-16 09:54:32,21050.0,1800,Sell,232047628
2024-08-16 09:54:33,21050.0,300,Sell,232047644
2024-08-16 09:54:44,21100.0,10000,Buy,232047895
2024-08-16 09:54:48,21100.0,300,Buy,232047982
2024-08-16 09:55:00,21050.0,100,Sell,232048340
2024-08-16 09:55:03,21100.0,1600,Buy,232048379
2024-08-16 09:55:03,21100.0,1100,Buy,232048384
2024-08-16 09:55:03,21100.0,900,Buy,232048383
2024-08-16 09:55:03,21100.0,3900,Buy,232048378
2024-08-16 09:55:03,21100.0,100,Buy,232048381
2024-08-16 09:55:03,21100.0,2000,Buy,232048380
2024-08-16 09:55:03,21100.0,400,Buy,232048382
2024-08-16 09:55:04,21100.0,1000,Buy,232048399
2024-08-16 09:55:04,21100.0,1000,Buy,232048400
2024-08-16 09:55:05,21050.0,1700,Sell,232048424
2024-08-16 09:55:06,21050.0,300,Sell,232048475
2024-08-16 09:55:32,21050.0,100,Sell,232049071
2024-08-16 09:55:36,21050.0,1800,Sell,232049140
2024-08-16 09:55:37,21050.0,300,Sell,232049155
2024-08-16 09:55:40,21050.0,1000,Sell,232049212
2024-08-16 09:55:41,21050.0,200,Sell,232049228
2024-08-16 09:56:04,21050.0,200,Sell,232049589
2024-08-16 09:56:09,21050.0,1800,Sell,232049670
2024-08-16 09:56:09,21050.0,300,Sell,232049688
2024-08-16 09:56:36,21050.0,100,Sell,232050159
2024-08-16 09:56:41,21050.0,1800,Sell,232050247
2024-08-16 09:56:41,21050.0,300,Sell,232050269
2024-08-16 09:56:52,21050.0,900,Sell,232050442
2024-08-16 09:56:52,21050.0,100,Sell,232050453
2024-08-16 09:57:06,21050.0,100,Sell,232050788
2024-08-16 09:57:10,21050.0,300,Sell,232050840
2024-08-16 09:57:13,21050.0,1800,Sell,232050876
2024-08-16 09:57:14,21050.0,300,Sell,232050885
2024-08-16 09:57:31,21100.0,700,Buy,232051251
2024-08-16 09:57:31,21100.0,1100,Buy,232051248
2024-08-16 09:57:31,21100.0,200,Buy,232051249
2024-08-16 09:57:31,21100.0,200,Buy,232051250
2024-08-16 09:57:37,21050.0,200,Sell,232051372
2024-08-16 09:57:45,21050.0,300,Sell,232051534
2024-08-16 09:57:45,21050.0,1800,Sell,232051530
2024-08-16 09:57:57,21100.0,100,Buy,232051696
2024-08-16 09:58:09,21050.0,100,Sell,232051893
2024-08-16 09:58:17,21050.0,1800,Sell,232052032
2024-08-16 09:58:18,21050.0,300,Sell,232052058
2024-08-16 09:58:29,21100.0,100,Buy,232052251
2024-08-16 09:58:40,21050.0,100,Sell,232052476
2024-08-16 09:58:48,21050.0,1800,Sell,232052695
2024-08-16 09:58:49,21050.0,300,Sell,232052708
2024-08-16 09:58:50,21050.0,3000,Sell,232052718
2024-08-16 09:58:50,21050.0,600,Sell,232052731
2024-08-16 09:58:51,21050.0,100,Sell,232052737
2024-08-16 09:58:58,21100.0,100,Buy,232052832
2024-08-16 09:59:11,21050.0,100,Sell,232053092
2024-08-16 09:59:17,21100.0,10000,Buy,232053183
2024-08-16 09:59:19,21100.0,1000,Buy,232053221
2024-08-16 09:59:19,21100.0,19000,Buy,232053220
2024-08-16 09:59:21,21050.0,1800,Sell,232053249
2024-08-16 09:59:21,21100.0,100,Buy,232053251
2024-08-16 09:59:39,21100.0,1000,Buy,232053770
2024-08-16 09:59:42,21050.0,200,Sell,232053830
2024-08-16 09:59:47,21100.0,500,Buy,232053895
2024-08-16 09:59:48,21100.0,3500,Buy,232053933
2024-08-16 09:59:51,21100.0,100,Buy,232054008
2024-08-16 09:59:52,21100.0,1000,Buy,232054026
2024-08-16 09:59:53,21050.0,1700,Sell,232054054
2024-08-16 09:59:54,21050.0,100,Sell,232054065
2024-08-16 09:59:55,21050.0,300,Sell,232054071
2024-08-16 09:59:56,21100.0,1000,Buy,232054117
2024-08-16 10:00:06,21050.0,1000,Sell,232054318
2024-08-16 10:00:07,21050.0,200,Sell,232054350
2024-08-16 10:00:10,21100.0,900,Buy,232054377
2024-08-16 10:00:10,21100.0,11800,Buy,232054376
2024-08-16 10:00:11,21100.0,5400,Sell,232054430
2024-08-16 10:00:11,21100.0,2600,Buy,232054422
2024-08-16 10:00:11,21100.0,2000,Buy,232054421
2024-08-16 10:00:11,21100.0,200,Buy,232054418
2024-08-16 10:00:11,21100.0,200,Buy,232054417
2024-08-16 10:00:11,21100.0,700,Buy,232054416
2024-08-16 10:00:11,21100.0,200,Buy,232054414
2024-08-16 10:00:11,21100.0,500,Buy,232054413
2024-08-16 10:00:11,21100.0,300,Buy,232054412
2024-08-16 10:00:11,21100.0,4200,Buy,232054411
2024-08-16 10:00:11,21100.0,24100,Buy,232054399
2024-08-16 10:00:11,21100.0,20000,Buy,232054409
2024-08-16 10:00:11,21100.0,2100,Buy,232054410
2024-08-16 10:00:11,21100.0,500,Buy,232054401
2024-08-16 10:00:11,21100.0,5000,Buy,232054402
2024-08-16 10:00:11,21100.0,400,Buy,232054403
2024-08-16 10:00:11,21100.0,200,Buy,232054404
2024-08-16 10:00:11,21100.0,30000,Buy,232054400
2024-08-16 10:00:11,21100.0,100,Buy,232054406
2024-08-16 10:00:11,21100.0,100,Buy,232054407
2024-08-16 10:00:11,21100.0,100,Buy,232054408
2024-08-16 10:00:11,21100.0,1000,Buy,232054405
2024-08-16 10:00:11,21100.0,100,Buy,232054415
2024-08-16 10:00:15,21050.0,100,Sell,232054559
2024-08-16 10:00:16,21100.0,200,Buy,232054604
2024-08-16 10:00:21,21100.0,14200,Buy,232054729
2024-08-16 10:00:21,21100.0,1100,Buy,232054730
2024-08-16 10:00:21,21100.0,3200,Sell,232054739
2024-08-16 10:00:23,21100.0,600,Sell,232054766
2024-08-16 10:00:23,21100.0,100,Sell,232054786
2024-08-16 10:00:24,21100.0,1700,Sell,232054794
2024-08-16 10:00:25,21100.0,300,Sell,232054809
2024-08-16 10:00:27,21100.0,100,Sell,232054862
2024-08-16 10:00:40,21100.0,100,Sell,232055179
2024-08-16 10:00:45,21100.0,200,Sell,232055299
2024-08-16 10:00:45,21100.0,200,Sell,232055298
2024-08-16 10:00:54,21100.0,1700,Sell,232055549
2024-08-16 10:00:55,21100.0,300,Sell,232055561
2024-08-16 10:01:01,21100.0,100,Sell,232055680
2024-08-16 10:01:05,21100.0,100,Sell,232055767
2024-08-16 10:01:05,21100.0,900,Sell,232055768
2024-08-16 10:01:05,21100.0,200,Sell,232055775
2024-08-16 10:01:11,21100.0,1000,Sell,232055917
2024-08-16 10:01:16,21100.0,200,Sell,232055994
2024-08-16 10:01:17,21100.0,200,Sell,232056081
2024-08-16 10:01:25,21100.0,1800,Sell,232056245
2024-08-16 10:01:27,21100.0,300,Sell,232056276
2024-08-16 10:01:37,21100.0,1000,Sell,232056436
2024-08-16 10:01:37,21100.0,200,Sell,232056449
2024-08-16 10:01:50,21100.0,200,Sell,232056654
2024-08-16 10:01:54,21100.0,5900,Sell,232056745
2024-08-16 10:01:56,21100.0,1200,Sell,232056786
2024-08-16 10:01:56,21100.0,1700,Sell,232056798
2024-08-16 10:01:57,21100.0,600,Sell,232056805
2024-08-16 10:01:58,21100.0,100,Sell,232056830
2024-08-16 10:02:07,21100.0,500,Sell,232057067
2024-08-16 10:02:12,21100.0,100,Sell,232057298
2024-08-16 10:02:20,21150.0,1000,Buy,232057565
2024-08-16 10:02:20,21150.0,100,Buy,232057576
2024-08-16 10:02:20,21150.0,200,Buy,232057575
2024-08-16 10:02:20,21150.0,500,Buy,232057574
2024-08-16 10:02:20,21150.0,100,Buy,232057573
2024-08-16 10:02:20,21150.0,8800,Buy,232057572
2024-08-16 10:02:20,21150.0,1000,Buy,232057571
2024-08-16 10:02:20,21150.0,200,Buy,232057570
2024-08-16 10:02:20,21150.0,1000,Buy,232057566
2024-08-16 10:02:20,21150.0,20000,Buy,232057564
2024-08-16 10:02:20,21150.0,94400,Buy,232057553
2024-08-16 10:02:20,21150.0,400,Buy,232057562
2024-08-16 10:02:20,21150.0,30000,Buy,232057554
2024-08-16 10:02:20,21150.0,100,Buy,232057555
2024-08-16 10:02:20,21150.0,100,Buy,232057556
2024-08-16 10:02:20,21150.0,200,Buy,232057557
2024-08-16 10:02:20,21150.0,500,Buy,232057563
2024-08-16 10:02:20,21150.0,100,Buy,232057559
2024-08-16 10:02:20,21150.0,100,Buy,232057560
2024-08-16 10:02:20,21150.0,4000,Buy,232057561
2024-08-16 10:02:20,21150.0,1000,Buy,232057558
2024-08-16 10:02:21,21150.0,3300,Buy,232057607
2024-08-16 10:02:21,21150.0,100,Buy,232057606
2024-08-16 10:02:21,21150.0,1000,Buy,232057605
2024-08-16 10:02:21,21150.0,500,Buy,232057604
2024-08-16 10:02:21,21150.0,500,Buy,232057603
2024-08-16 10:02:21,21150.0,20000,Buy,232057602
2024-08-16 10:02:21,21150.0,2000,Buy,232057601
2024-08-16 10:02:21,21150.0,1000,Buy,232057599
2024-08-16 10:02:21,21150.0,400,Buy,232057597
2024-08-16 10:02:21,21150.0,2000,Buy,232057596
2024-08-16 10:02:21,21150.0,5200,Buy,232057595
2024-08-16 10:02:21,21150.0,100,Buy,232057600
2024-08-16 10:02:21,21150.0,100,Buy,232057598
2024-08-16 10:02:23,21100.0,200,Sell,232057715
2024-08-16 10:02:26,21100.0,1800,Sell,232057821
2024-08-16 10:02:27,21100.0,300,Sell,232057861
2024-08-16 10:02:48,21100.0,7900,Sell,232058523
2024-08-16 10:02:49,21100.0,300,Sell,232058581
2024-08-16 10:02:49,21100.0,1600,Sell,232058550
2024-08-16 10:02:56,21100.0,100,Sell,232058706
2024-08-16 10:02:59,21100.0,1700,Sell,232058782
2024-08-16 10:03:00,21100.0,300,Sell,232058803
2024-08-16 10:03:05,21100.0,20000,Sell,232058893
2024-08-16 10:03:05,21100.0,4200,Sell,232058912
2024-08-16 10:03:07,21100.0,800,Sell,232058926
2024-08-16 10:03:07,21100.0,100,Sell,232058973
2024-08-16 10:03:11,21100.0,500,Sell,232059027
2024-08-16 10:03:11,21100.0,100,Sell,232059035
2024-08-16 10:03:27,21100.0,100,Sell,232059395
2024-08-16 10:03:30,21100.0,1800,Sell,232059430
2024-08-16 10:03:31,21100.0,300,Sell,232059442
2024-08-16 10:03:59,21100.0,100,Sell,232059959
2024-08-16 10:04:02,21100.0,1800,Sell,232060061
2024-08-16 10:04:03,21100.0,300,Sell,232060115
2024-08-16 10:04:08,21100.0,900,Sell,232060233
2024-08-16 10:04:08,21100.0,100,Sell,232060232
2024-08-16 10:04:08,21100.0,500,Sell,232060203
2024-08-16 10:04:08,21100.0,14600,Sell,232060230
2024-08-16 10:04:08,21100.0,5200,Sell,232060205
2024-08-16 10:04:08,21100.0,200,Sell,232060204
2024-08-16 10:04:08,21100.0,10000,Sell,232060202
2024-08-16 10:04:08,21100.0,100,Sell,232060231
2024-08-16 10:04:08,21100.0,5000,Sell,232060200
2024-08-16 10:04:08,21100.0,39600,Sell,232060193
2024-08-16 10:04:08,21100.0,3500,Sell,232060194
2024-08-16 10:04:08,21100.0,2000,Sell,232060195
2024-08-16 10:04:08,21100.0,2500,Sell,232060201
2024-08-16 10:04:08,21100.0,300,Sell,232060197
2024-08-16 10:04:08,21100.0,5000,Sell,232060198
2024-08-16 10:04:08,21100.0,700,Sell,232060199
2024-08-16 10:04:08,21100.0,500,Sell,232060196
2024-08-16 10:04:10,21100.0,3200,Sell,232060261
2024-08-16 10:04:11,21100.0,600,Sell,232060284
2024-08-16 10:04:11,21100.0,100,Sell,232060315
2024-08-16 10:04:12,21100.0,500,Sell,232060338
2024-08-16 10:04:12,21100.0,900,Sell,232060337
2024-08-16 10:04:12,21100.0,1000,Sell,232060336
2024-08-16 10:04:12,21100.0,1000,Sell,232060335
2024-08-16 10:04:12,21100.0,1000,Sell,232060332
2024-08-16 10:04:12,21100.0,1000,Sell,232060333
2024-08-16 10:04:12,21100.0,1000,Sell,232060321
2024-08-16 10:04:12,21100.0,1000,Sell,232060320
2024-08-16 10:04:12,21100.0,1000,Sell,232060319
2024-08-16 10:04:12,21100.0,1000,Sell,232060318
2024-08-16 10:04:12,21100.0,1000,Sell,232060331
2024-08-16 10:04:12,21100.0,1000,Sell,232060322
2024-08-16 10:04:13,21100.0,1000,Sell,232060342
2024-08-16 10:04:13,21100.0,1500,Sell,232060353
2024-08-16 10:04:14,21100.0,300,Sell,232060374
2024-08-16 10:04:15,21100.0,10000,Sell,232060381
2024-08-16 10:04:16,21100.0,1000,Sell,232060404
2024-08-16 10:04:16,21100.0,100,Sell,232060405
2024-08-16 10:04:16,21100.0,1000,Sell,232060406
2024-08-16 10:04:17,21100.0,400,Sell,232060421
2024-08-16 10:04:23,21100.0,10000,Sell,232060551
2024-08-16 10:04:23,21100.0,2100,Sell,232060575
2024-08-16 10:04:24,21100.0,400,Sell,232060610
2024-08-16 10:04:30,21100.0,100,Sell,232060750
2024-08-16 10:04:34,21150.0,1000,Buy,232060817
2024-08-16 10:04:34,21100.0,1800,Sell,232060819
2024-08-16 10:04:35,21100.0,500,Sell,232060834
2024-08-16 10:04:36,21100.0,100,Sell,232060878
2024-08-16 10:04:42,21100.0,2000,Sell,232061036
2024-08-16 10:04:43,21100.0,400,Sell,232061044
2024-08-16 10:05:00,21100.0,200,Sell,232061778
2024-08-16 10:05:01,21100.0,200,Sell,232061794
2024-08-16 10:05:06,21100.0,1700,Sell,232061906
2024-08-16 10:05:06,21100.0,300,Sell,232061972
2024-08-16 10:05:07,21100.0,3000,Sell,232061976
2024-08-16 10:05:08,21100.0,600,Sell,232061995
2024-08-16 10:05:10,21100.0,100,Sell,232062024
2024-08-16 10:05:11,21100.0,200,Sell,232062039
2024-08-16 10:05:11,21100.0,100,Sell,232062034
2024-08-16 10:05:33,21100.0,100,Sell,232062536
2024-08-16 10:05:37,21100.0,1700,Sell,232062604
2024-08-16 10:05:37,21100.0,300,Sell,232062612
2024-08-16 10:05:44,21150.0,1000,Buy,232062756
2024-08-16 10:06:04,21100.0,200,Sell,232063226
2024-08-16 10:06:07,21100.0,1700,Sell,232063296
2024-08-16 10:06:09,21100.0,300,Sell,232063303
2024-08-16 10:06:16,21100.0,3800,Sell,232063490
2024-08-16 10:06:18,21100.0,700,Sell,232063549
2024-08-16 10:06:19,21100.0,100,Sell,232063567
2024-08-16 10:06:31,21150.0,100,Buy,232063835
2024-08-16 10:06:36,21100.0,200,Sell,232063913
2024-08-16 10:06:38,21100.0,1700,Sell,232063970
2024-08-16 10:06:38,21100.0,500,Sell,232063972
2024-08-16 10:06:39,21100.0,400,Sell,232064013
2024-08-16 10:06:55,21100.0,100,Sell,232064478
2024-08-16 10:07:09,21100.0,300,Sell,232064779
2024-08-16 10:07:09,21100.0,1700,Sell,232064769
2024-08-16 10:07:09,21100.0,100,Sell,232064770
2024-08-16 10:07:32,21150.0,300,Buy,232065360
2024-08-16 10:07:39,21100.0,1700,Sell,232065573
2024-08-16 10:07:40,21100.0,300,Sell,232065585
2024-08-16 10:07:41,21100.0,100,Sell,232065609
2024-08-16 10:07:55,21100.0,500,Sell,232065983
2024-08-16 10:07:55,21100.0,3000,Sell,232065995
2024-08-16 10:07:55,21100.0,100,Sell,232066007
2024-08-16 10:07:56,21100.0,600,Sell,232066042
2024-08-16 10:07:57,21100.0,100,Sell,232066063
2024-08-16 10:08:09,21100.0,1700,Sell,232066487
2024-08-16 10:08:11,21100.0,300,Sell,232066508
2024-08-16 10:08:13,21100.0,100,Sell,232066565
2024-08-16 10:08:16,21100.0,300,Sell,232066662
2024-08-16 10:08:28,21100.0,1400,Sell,232066945
2024-08-16 10:08:28,21100.0,200,Sell,232066954
2024-08-16 10:08:35,21100.0,1700,Sell,232067123
2024-08-16 10:08:35,21100.0,1000,Sell,232067122
2024-08-16 10:08:35,21100.0,500,Sell,232067121
2024-08-16 10:08:36,21150.0,2300,Buy,232067133
2024-08-16 10:08:36,21150.0,100,Buy,232067134
2024-08-16 10:08:36,21150.0,200,Buy,232067135
2024-08-16 10:08:36,21150.0,100,Buy,232067136
2024-08-16 10:08:36,21150.0,100,Buy,232067137
2024-08-16 10:08:36,21150.0,1000,Buy,232067138
2024-08-16 10:08:36,21150.0,300,Buy,232067139
2024-08-16 10:08:36,21150.0,200,Buy,232067140
2024-08-16 10:08:36,21150.0,100,Buy,232067141
2024-08-16 10:08:36,21150.0,300,Buy,232067142
2024-08-16 10:08:40,21100.0,1800,Sell,232067259
2024-08-16 10:08:42,21150.0,200,Buy,232067295
2024-08-16 10:08:42,21100.0,300,Sell,232067288
2024-08-16 10:08:45,21100.0,100,Sell,232067337
2024-08-16 10:08:48,21150.0,200,Buy,232067393
2024-08-16 10:08:57,21100.0,500,Sell,232067649
2024-08-16 10:08:58,21100.0,100,Sell,232067691
2024-08-16 10:09:12,21100.0,500,Sell,232068384
2024-08-16 10:09:12,21100.0,1000,Sell,232068385
2024-08-16 10:09:12,21100.0,100,Sell,232068386
2024-08-16 10:09:12,21100.0,200,Sell,232068387
2024-08-16 10:09:12,21100.0,300,Sell,232068411
2024-08-16 10:09:16,21100.0,200,Sell,232068476
2024-08-16 10:09:44,21100.0,1300,Sell,232069210
2024-08-16 10:09:44,21100.0,500,Sell,232069211
2024-08-16 10:09:45,21100.0,300,Sell,232069243
2024-08-16 10:09:47,21100.0,100,Sell,232069300
2024-08-16 10:09:49,21100.0,100,Sell,232069385
2024-08-16 10:09:49,21100.0,4000,Sell,232069392
2024-08-16 10:09:49,21100.0,5000,Sell,232069393
2024-08-16 10:09:50,21100.0,1800,Sell,232069427
2024-08-16 10:09:51,21100.0,300,Sell,232069450
2024-08-16 10:09:54,21100.0,1000,Sell,232069582
2024-08-16 10:09:54,21100.0,200,Sell,232069601
2024-08-16 10:10:16,21100.0,1800,Sell,232070237
2024-08-16 10:10:17,21100.0,300,Sell,232070267
2024-08-16 10:10:19,21100.0,200,Sell,232070350
2024-08-16 10:10:40,21100.0,600,Sell,232071032
2024-08-16 10:10:40,21100.0,200,Sell,232071031
2024-08-16 10:10:40,21100.0,100,Sell,232071030
2024-08-16 10:10:40,21100.0,3400,Sell,232071029
2024-08-16 10:10:40,21100.0,4400,Sell,232071025
2024-08-16 10:10:40,21100.0,100,Sell,232071028
2024-08-16 10:10:40,21100.0,1000,Sell,232071027
2024-08-16 10:10:40,21100.0,200,Sell,232071026
2024-08-16 10:10:42,21100.0,2100,Sell,232071093
2024-08-16 10:10:43,21100.0,400,Sell,232071168
2024-08-16 10:10:43,21100.0,2900,Sell,232071197
2024-08-16 10:10:43,21100.0,6200,Sell,232071198
2024-08-16 10:10:43,21100.0,1900,Sell,232071240
2024-08-16 10:10:44,21100.0,300,Sell,232071270
2024-08-16 10:10:45,21100.0,2000,Sell,232071279
2024-08-16 10:10:45,21100.0,400,Sell,232071288
2024-08-16 10:10:46,21100.0,100,Sell,232071305
2024-08-16 10:10:47,21100.0,1700,Sell,232071329
2024-08-16 10:10:49,21100.0,300,Sell,232071381
2024-08-16 10:10:51,21100.0,100,Sell,232071480
2024-08-16 10:11:17,21100.0,1800,Sell,232072354
2024-08-16 10:11:19,21100.0,300,Sell,232072373
2024-08-16 10:11:23,21100.0,100,Sell,232072475
2024-08-16 10:11:31,21100.0,5000,Sell,232072735
2024-08-16 10:11:32,21100.0,1000,Sell,232072776
2024-08-16 10:11:33,21100.0,200,Sell,232072804
2024-08-16 10:11:36,21100.0,2000,Sell,232072969
2024-08-16 10:11:37,21100.0,400,Sell,232073002
2024-08-16 10:11:45,21100.0,9100,Sell,232073337
2024-08-16 10:11:47,21100.0,1900,Sell,232073396
2024-08-16 10:11:47,21100.0,300,Sell,232073420
2024-08-16 10:11:50,21100.0,1800,Sell,232073491
2024-08-16 10:11:51,21100.0,300,Sell,232073514
2024-08-16 10:11:53,21100.0,100,Sell,232073630
2024-08-16 10:12:14,21100.0,500,Sell,232074351
2024-08-16 10:12:15,21150.0,3000,Buy,232074373
2024-08-16 10:12:15,21150.0,400,Buy,232074372
2024-08-16 10:12:15,21150.0,6400,Buy,232074368
2024-08-16 10:12:15,21150.0,5000,Buy,232074370
2024-08-16 10:12:15,21150.0,200,Buy,232074369
2024-08-16 10:12:15,21150.0,5000,Buy,232074371
2024-08-16 10:12:16,21100.0,100,Sell,232074383
2024-08-16 10:12:17,21100.0,4200,Sell,232074417
2024-08-16 10:12:17,21100.0,800,Sell,232074449
2024-08-16 10:12:18,21100.0,100,Sell,232074474
2024-08-16 10:12:23,21100.0,1800,Sell,232074584
2024-08-16 10:12:24,21100.0,300,Sell,232074650
2024-08-16 10:12:24,21100.0,100,Sell,232074662
2024-08-16 10:12:38,21100.0,4800,Sell,232075006
2024-08-16 10:12:38,21100.0,5200,Sell,232075007
2024-08-16 10:12:39,21100.0,2100,Sell,232075036
2024-08-16 10:12:40,21100.0,400,Sell,232075068
2024-08-16 10:12:44,21150.0,1000,Buy,232075161
2024-08-16 10:12:48,21150.0,100,Buy,232075288
2024-08-16 10:12:51,21150.0,100,Buy,232075389
2024-08-16 10:12:54,21150.0,3700,Buy,232075506
2024-08-16 10:12:55,21100.0,100,Sell,232075544
2024-08-16 10:12:55,21100.0,1800,Sell,232075548
2024-08-16 10:12:56,21100.0,300,Sell,232075597
2024-08-16 10:12:59,21100.0,400,Sell,232075687
2024-08-16 10:13:00,21150.0,300,Buy,232075694
2024-08-16 10:13:20,21100.0,100,Sell,232076441
2024-08-16 10:13:26,21100.0,200,Sell,232076680
2024-08-16 10:13:28,21100.0,1800,Sell,232076723
2024-08-16 10:13:29,21100.0,300,Sell,232076759
2024-08-16 10:13:30,21150.0,1400,Buy,232076791
2024-08-16 10:13:31,21150.0,2000,Buy,232076817
2024-08-16 10:13:34,21100.0,4100,Sell,232077205
2024-08-16 10:13:35,21100.0,800,Sell,232077245
2024-08-16 10:13:36,21100.0,100,Sell,232077289
2024-08-16 10:13:45,21100.0,100,Sell,232077631
2024-08-16 10:13:46,21100.0,100,Sell,232077681
2024-08-16 10:13:49,21100.0,200,Sell,232077745
2024-08-16 10:13:55,21150.0,1000,Buy,232078043
2024-08-16 10:13:58,21100.0,200,Sell,232078129
2024-08-16 10:13:59,21100.0,1700,Sell,232078141
2024-08-16 10:14:00,21150.0,7900,Buy,232078174
2024-08-16 10:14:00,21100.0,300,Sell,232078183
2024-08-16 10:14:01,21100.0,1700,Sell,232078230
2024-08-16 10:14:02,21100.0,300,Sell,232078270
2024-08-16 10:14:08,21100.0,100,Sell,232078539
2024-08-16 10:14:16,21100.0,200,Sell,232078848
2024-08-16 10:14:17,21150.0,100,Buy,232078909
2024-08-16 10:14:17,21150.0,32500,Buy,232078914
2024-08-16 10:14:17,21150.0,2000,Buy,232078913
2024-08-16 10:14:17,21150.0,600,Buy,232078912
2024-08-16 10:14:17,21150.0,100,Buy,232078911
2024-08-16 10:14:17,21150.0,2000,Buy,232078910
2024-08-16 10:14:17,21150.0,100,Buy,232078908
2024-08-16 10:14:17,21150.0,1000,Buy,232078904
2024-08-16 10:14:17,21150.0,100,Buy,232078906
2024-08-16 10:14:17,21150.0,4400,Buy,232078905
2024-08-16 10:14:17,21150.0,300,Buy,232078903
2024-08-16 10:14:17,21150.0,2000,Buy,232078902
2024-08-16 10:14:17,21150.0,300,Buy,232078901
2024-08-16 10:14:17,21150.0,4500,Buy,232078900
2024-08-16 10:14:17,21150.0,150000,Buy,232078907
2024-08-16 10:14:19,21150.0,200,Buy,232078998
2024-08-16 10:14:19,21150.0,26700,Buy,232079002
2024-08-16 10:14:19,21150.0,5000,Buy,232079001
2024-08-16 10:14:19,21150.0,100,Buy,232079000
2024-08-16 10:14:19,21150.0,1600,Buy,232078999
2024-08-16 10:14:19,21150.0,500,Buy,232078997
2024-08-16 10:14:19,21150.0,100,Buy,232078992
2024-08-16 10:14:19,21150.0,100,Buy,232078995
2024-08-16 10:14:19,21150.0,200,Buy,232078994
2024-08-16 10:14:19,21150.0,5000,Buy,232078993
2024-08-16 10:14:19,21150.0,50000,Buy,232078991
2024-08-16 10:14:19,21150.0,9500,Buy,232078990
2024-08-16 10:14:19,21150.0,1000,Buy,232078996
2024-08-16 10:14:26,21150.0,1000,Buy,232079289
2024-08-16 10:14:30,21100.0,1800,Sell,232079512
2024-08-16 10:14:30,21100.0,100,Sell,232079542
2024-08-16 10:14:30,21100.0,300,Sell,232079545
2024-08-16 10:14:32,21150.0,24200,Buy,232079646
2024-08-16 10:14:32,21150.0,200,Buy,232079645
2024-08-16 10:14:32,21150.0,700,Buy,232079644
2024-08-16 10:14:32,21150.0,700,Buy,232079643
2024-08-16 10:14:32,21150.0,300,Buy,232079642
2024-08-16 10:14:32,21150.0,200,Buy,232079638
2024-08-16 10:14:32,21150.0,100,Buy,232079640
2024-08-16 10:14:32,21150.0,700,Buy,232079639
2024-08-16 10:14:32,21150.0,500,Buy,232079637
2024-08-16 10:14:32,21150.0,172300,Buy,232079636
2024-08-16 10:14:32,21150.0,100,Buy,232079641
2024-08-16 10:14:33,21150.0,100,Buy,232079714
2024-08-16 10:14:35,21100.0,100,Sell,232079828
2024-08-16 10:14:35,21150.0,50000,Buy,232079812
2024-08-16 10:14:35,21150.0,11100,Buy,232079814
2024-08-16 10:14:35,21150.0,200,Buy,232079813
2024-08-16 10:14:35,21100.0,600,Sell,232079804
2024-08-16 10:14:35,21150.0,21000,Buy,232079811
2024-08-16 10:14:35,21150.0,17700,Buy,232079810
2024-08-16 10:14:36,21100.0,21000,Sell,232079859
2024-08-16 10:14:37,21150.0,30900,Buy,232079896
2024-08-16 10:14:37,21150.0,4400,Sell,232079898
2024-08-16 10:14:38,21150.0,7400,Sell,232079927
2024-08-16 10:14:39,21150.0,1500,Sell,232079982
2024-08-16 10:14:41,21150.0,300,Sell,232080020
2024-08-16 10:14:45,21150.0,9000,Sell,232080213
2024-08-16 10:14:47,21200.0,3200,Buy,232080279
2024-08-16 10:14:47,21200.0,100,Buy,232080280
2024-08-16 10:14:47,21200.0,100,Buy,232080281
2024-08-16 10:14:47,21200.0,5200,Buy,232080284
2024-08-16 10:14:47,21200.0,800,Buy,232080283
2024-08-16 10:14:47,21200.0,300,Buy,232080278
2024-08-16 10:14:47,21150.0,6600,Sell,232080290
2024-08-16 10:14:47,21200.0,5000,Buy,232080282
2024-08-16 10:14:47,21200.0,100,Buy,232080277
2024-08-16 10:14:47,21200.0,100,Buy,232080271
2024-08-16 10:14:47,21200.0,100,Buy,232080273
2024-08-16 10:14:47,21200.0,100,Buy,232080272
2024-08-16 10:14:47,21200.0,2000,Buy,232080270
2024-08-16 10:14:47,21200.0,1000,Buy,232080268
2024-08-16 10:14:47,21200.0,100,Buy,232080267
2024-08-16 10:14:47,21200.0,600,Buy,232080266
2024-08-16 10:14:47,21150.0,30000,Sell,232080258
2024-08-16 10:14:47,21150.0,1800,Sell,232080256
2024-08-16 10:14:47,21200.0,1000,Buy,232080274
2024-08-16 10:14:47,21200.0,200,Buy,232080269
2024-08-16 10:14:48,21150.0,5500,Sell,232080379
2024-08-16 10:14:50,21150.0,1100,Sell,232080456
2024-08-16 10:14:50,21150.0,200,Sell,232080506
2024-08-16 10:14:52,21200.0,2000,Buy,232080641
2024-08-16 10:14:56,21150.0,1300,Sell,232080798
2024-08-16 10:14:56,21150.0,1000,Sell,232080799
2024-08-16 10:14:56,21150.0,7900,Sell,232080800
2024-08-16 10:14:56,21150.0,19800,Sell,232080801
2024-08-16 10:14:56,21150.0,100,Sell,232080817
2024-08-16 10:14:56,21150.0,5700,Sell,232080839
2024-08-16 10:14:56,21150.0,600,Sell,232080840
2024-08-16 10:14:57,21150.0,1300,Sell,232080874
2024-08-16 10:14:59,21150.0,200,Sell,232080930
2024-08-16 10:15:01,21150.0,400,Sell,232081041
2024-08-16 10:15:01,21150.0,1400,Sell,232081042
2024-08-16 10:15:01,21150.0,100,Sell,232081066
2024-08-16 10:15:01,21150.0,300,Sell,232081067
2024-08-16 10:15:09,21150.0,1200,Sell,232081496
2024-08-16 10:15:09,21150.0,200,Sell,232081547
2024-08-16 10:15:33,21150.0,100,Sell,232082809
2024-08-16 10:15:34,21150.0,700,Sell,232082837
2024-08-16 10:15:34,21150.0,1000,Sell,232082838
2024-08-16 10:15:34,21150.0,100,Sell,232082868
2024-08-16 10:15:34,21150.0,300,Sell,232082872
2024-08-16 10:15:44,21150.0,100,Sell,232083405
2024-08-16 10:15:53,21200.0,6000,Buy,232083935
2024-08-16 10:16:02,21200.0,2000,Buy,232084359
2024-08-16 10:16:03,21150.0,200,Sell,232084397
2024-08-16 10:16:04,21150.0,400,Sell,232084431
2024-08-16 10:16:04,21150.0,1800,Sell,232084447
2024-08-16 10:16:04,21150.0,100,Sell,232084456
2024-08-16 10:16:05,21150.0,300,Sell,232084478
2024-08-16 10:16:07,21200.0,300,Buy,232084564
2024-08-16 10:16:15,21200.0,300,Buy,232084957
2024-08-16 10:16:16,21200.0,3000,Buy,232084996
2024-08-16 10:16:17,21200.0,1000,Buy,232085082
2024-08-16 10:16:20,21200.0,5000,Buy,232085197
2024-08-16 10:16:21,21200.0,100,Buy,232085322
2024-08-16 10:16:22,21200.0,2000,Buy,232085431
2024-08-16 10:16:23,21200.0,8000,Buy,232085477
2024-08-16 10:16:30,21200.0,200,Buy,232085822
2024-08-16 10:16:32,21150.0,100,Sell,232085995
2024-08-16 10:16:36,21150.0,1800,Sell,232086163
2024-08-16 10:16:36,21150.0,100,Sell,232086183
2024-08-16 10:16:36,21150.0,300,Sell,232086219
2024-08-16 10:16:43,21150.0,900,Sell,232086611
2024-08-16 10:16:43,21150.0,100,Sell,232086612
2024-08-16 10:16:43,21150.0,200,Sell,232086627
2024-08-16 10:16:46,21200.0,30000,Buy,232086712
2024-08-16 10:16:50,21200.0,3300,Buy,232086937
2024-08-16 10:16:50,21200.0,900,Buy,232086936
2024-08-16 10:16:50,21200.0,34800,Buy,232086935
2024-08-16 10:16:50,21200.0,100,Buy,232086934
2024-08-16 10:16:52,21200.0,1000,Buy,232087008
2024-08-16 10:17:00,21200.0,100,Buy,232087577
2024-08-16 10:17:05,21200.0,2000,Buy,232087868
2024-08-16 10:17:07,21150.0,200,Sell,232087995
2024-08-16 10:17:07,21150.0,1700,Sell,232088047
2024-08-16 10:17:09,21150.0,300,Sell,232088085
2024-08-16 10:17:13,21200.0,300,Buy,232088354
2024-08-16 10:17:13,21200.0,10000,Buy,232088355
2024-08-16 10:17:15,21200.0,2000,Buy,232088407
2024-08-16 10:17:16,21200.0,7900,Buy,232088465
2024-08-16 10:17:16,21200.0,1000,Buy,232088475
2024-08-16 10:17:18,21200.0,3100,Buy,232088613
2024-08-16 10:17:18,21200.0,15000,Buy,232088612
2024-08-16 10:17:18,21200.0,100,Buy,232088611
2024-08-16 10:17:18,21200.0,5000,Buy,232088610
2024-08-16 10:17:18,21200.0,100,Buy,232088609
2024-08-16 10:17:18,21200.0,2300,Buy,232088608
2024-08-16 10:17:18,21200.0,2400,Buy,232088607
2024-08-16 10:17:19,21200.0,2000,Buy,232088698
2024-08-16 10:17:20,21150.0,100,Sell,232088718
2024-08-16 10:17:20,21150.0,400,Sell,232088746
2024-08-16 10:17:22,21200.0,10000,Buy,232088874
2024-08-16 10:17:25,21200.0,5000,Buy,232088969
2024-08-16 10:17:29,21200.0,5000,Buy,232089243
2024-08-16 10:17:31,21200.0,300,Buy,232089377
2024-08-16 10:17:33,21200.0,4600,Buy,232089573
2024-08-16 10:17:33,21200.0,400,Buy,232089574
2024-08-16 10:17:34,21200.0,4000,Buy,232089669
2024-08-16 10:17:34,21150.0,2900,Sell,232089670
2024-08-16 10:17:34,21150.0,9100,Sell,232089599
2024-08-16 10:17:34,21200.0,400,Buy,232089644
2024-08-16 10:17:36,21150.0,1500,Sell,232089731
2024-08-16 10:17:37,21200.0,500,Buy,232089823
2024-08-16 10:17:37,21150.0,1700,Sell,232089868
2024-08-16 10:17:37,21200.0,400,Buy,232089833
2024-08-16 10:17:37,21200.0,200,Buy,232089832
2024-08-16 10:17:37,21200.0,100,Buy,232089831
2024-08-16 10:17:37,21200.0,1000,Buy,232089830
2024-08-16 10:17:37,21200.0,200,Buy,232089829
2024-08-16 10:17:37,21200.0,10000,Buy,232089828
2024-08-16 10:17:37,21200.0,2000,Buy,232089827
2024-08-16 10:17:37,21200.0,2000,Buy,232089826
2024-08-16 10:17:37,21200.0,500,Buy,232089825
2024-08-16 10:17:37,21200.0,500,Buy,232089824
2024-08-16 10:17:37,21200.0,3000,Buy,232089822
2024-08-16 10:17:37,21200.0,200,Buy,232089819
2024-08-16 10:17:37,21200.0,100,Buy,232089820
2024-08-16 10:17:37,21200.0,100,Buy,232089821
2024-08-16 10:17:37,21150.0,300,Sell,232089789
2024-08-16 10:17:37,21200.0,200,Buy,232089799
2024-08-16 10:17:37,21200.0,100,Buy,232089800
2024-08-16 10:17:37,21200.0,300,Buy,232089801
2024-08-16 10:17:37,21200.0,9500,Buy,232089802
2024-08-16 10:17:37,21200.0,100,Buy,232089818
2024-08-16 10:17:37,21200.0,2000,Buy,232089804
2024-08-16 10:17:37,21200.0,500,Buy,232089815
2024-08-16 10:17:37,21200.0,10500,Buy,232089816
2024-08-16 10:17:37,21200.0,5000,Buy,232089817
2024-08-16 10:17:37,21200.0,1000,Buy,232089803
2024-08-16 10:17:38,21200.0,500,Buy,232089910
2024-08-16 10:17:38,21200.0,9500,Buy,232089911
2024-08-16 10:17:39,21150.0,200,Sell,232090007
2024-08-16 10:17:41,21200.0,10000,Buy,232090101
2024-08-16 10:17:41,21200.0,2800,Buy,232090108
2024-08-16 10:17:44,21200.0,400,Buy,232090271
2024-08-16 10:17:44,21200.0,100,Buy,232090270
2024-08-16 10:17:44,21200.0,300,Buy,232090269
2024-08-16 10:17:44,21200.0,7700,Buy,232090264
2024-08-16 10:17:44,21200.0,1200,Buy,232090267
2024-08-16 10:17:44,21200.0,100,Buy,232090266
2024-08-16 10:17:44,21200.0,100,Buy,232090265
2024-08-16 10:17:44,21200.0,100,Buy,232090268
2024-08-16 10:17:47,21200.0,200,Buy,232090456
2024-08-16 10:17:47,21200.0,400,Buy,232090455
2024-08-16 10:17:47,21200.0,200,Buy,232090453
2024-08-16 10:17:47,21200.0,200,Buy,232090452
2024-08-16 10:17:47,21200.0,1000,Buy,232090454
2024-08-16 10:17:56,21200.0,600,Buy,232090882
2024-08-16 10:17:56,21150.0,9100,Sell,232090871
2024-08-16 10:17:56,21200.0,1400,Buy,232090881
2024-08-16 10:17:57,21200.0,100,Buy,232090970
2024-08-16 10:18:04,21200.0,1000,Buy,232091364
2024-08-16 10:18:05,21200.0,8300,Buy,232091404
2024-08-16 10:18:05,21200.0,500,Buy,232091405
2024-08-16 10:18:05,21200.0,1200,Buy,232091406
2024-08-16 10:18:06,21200.0,500,Buy,232091460
2024-08-16 10:18:07,21150.0,1800,Sell,232091714
2024-08-16 10:18:08,21150.0,100,Sell,232091729
2024-08-16 10:18:09,21150.0,300,Sell,232091770
2024-08-16 10:18:12,21200.0,1000,Buy,232091926
2024-08-16 10:18:12,21150.0,100,Sell,232091946
2024-08-16 10:18:14,21150.0,200,Sell,232092080
2024-08-16 10:18:16,21150.0,4200,Sell,232092329
2024-08-16 10:18:16,21150.0,800,Sell,232092330
2024-08-16 10:18:16,21150.0,400,Sell,232092331
2024-08-16 10:18:16,21150.0,3700,Sell,232092332
2024-08-16 10:18:16,21200.0,3600,Buy,232092333
2024-08-16 10:18:16,21200.0,1000,Buy,232092334
2024-08-16 10:18:16,21200.0,4400,Buy,232092335
2024-08-16 10:18:19,21200.0,400,Buy,232092563
2024-08-16 10:18:19,21200.0,200,Buy,232092562
2024-08-16 10:18:19,21200.0,5800,Buy,232092561
2024-08-16 10:18:19,21200.0,1800,Buy,232092560
2024-08-16 10:18:19,21200.0,400,Buy,232092559
2024-08-16 10:18:19,21200.0,400,Buy,232092558
2024-08-16 10:18:19,21200.0,100,Buy,232092556
2024-08-16 10:18:19,21200.0,2900,Buy,232092551
2024-08-16 10:18:19,21200.0,800,Buy,232092552
2024-08-16 10:18:19,21200.0,2100,Buy,232092557
2024-08-16 10:18:19,21200.0,400,Buy,232092554
2024-08-16 10:18:19,21200.0,400,Buy,232092555
2024-08-16 10:18:19,21200.0,200,Buy,232092553
2024-08-16 10:18:21,21200.0,200,Buy,232092751
2024-08-16 10:18:23,21200.0,1500,Buy,232092842
2024-08-16 10:18:23,21200.0,1000,Buy,232092843
2024-08-16 10:18:23,21200.0,500,Buy,232092844
2024-08-16 10:18:27,21200.0,500,Buy,232093114
2024-08-16 10:18:27,21200.0,100,Buy,232093115
2024-08-16 10:18:27,21200.0,1400,Buy,232093116
2024-08-16 10:18:29,21200.0,200,Buy,232093199
2024-08-16 10:18:33,21200.0,5000,Buy,232093397
2024-08-16 10:18:39,21200.0,2000,Buy,232093848
2024-08-16 10:18:39,21150.0,1800,Sell,232093879
2024-08-16 10:18:40,21200.0,100,Buy,232093933
2024-08-16 10:18:41,21200.0,400,Buy,232094109
2024-08-16 10:18:41,21200.0,1800,Buy,232094070
2024-08-16 10:18:41,21200.0,400,Buy,232094108
2024-08-16 10:18:41,21200.0,2100,Buy,232094107
2024-08-16 10:18:41,21200.0,1800,Buy,232094106
2024-08-16 10:18:41,21200.0,300,Buy,232094071
2024-08-16 10:18:41,21200.0,9200,Buy,232094103
2024-08-16 10:18:41,21200.0,800,Buy,232094073
2024-08-16 10:18:41,21200.0,2100,Buy,232094072
2024-08-16 10:18:41,21200.0,800,Buy,232094104
2024-08-16 10:18:42,21200.0,1800,Buy,232094152
2024-08-16 10:18:42,21200.0,100,Buy,232094153
2024-08-16 10:18:42,21200.0,1100,Buy,232094154
2024-08-16 10:18:43,21200.0,1000,Buy,232094192
2024-08-16 10:18:45,21150.0,200,Sell,232094322
2024-08-16 10:18:45,21200.0,1000,Buy,232094354
2024-08-16 10:18:46,21200.0,100,Buy,232094368
2024-08-16 10:18:49,21200.0,8000,Buy,232094641
2024-08-16 10:18:54,21150.0,1000,Sell,232094957
2024-08-16 10:18:54,21150.0,400,Sell,232094956
2024-08-16 10:18:54,21150.0,7700,Sell,232094958
2024-08-16 10:18:55,21200.0,8800,Buy,232095025
2024-08-16 10:18:55,21200.0,200,Buy,232095026
2024-08-16 10:18:55,21200.0,2100,Buy,232095027
2024-08-16 10:18:55,21200.0,100,Buy,232095028
2024-08-16 10:18:55,21200.0,3400,Buy,232095029
2024-08-16 10:18:56,21200.0,300,Buy,232095102
2024-08-16 10:18:57,21150.0,100,Sell,232095176
2024-08-16 10:19:00,21200.0,100,Buy,232095347
2024-08-16 10:19:03,21200.0,500,Buy,232095471
2024-08-16 10:19:03,21200.0,1000,Buy,232095518
2024-08-16 10:19:12,21150.0,1700,Sell,232096018
2024-08-16 10:19:13,21150.0,300,Sell,232096049
2024-08-16 10:19:14,21150.0,8900,Sell,232096162
2024-08-16 10:19:14,21200.0,100,Buy,232096160
2024-08-16 10:19:14,21150.0,200,Sell,232096161
2024-08-16 10:19:15,21150.0,100,Sell,232096222
2024-08-16 10:19:15,21150.0,1900,Sell,232096267
2024-08-16 10:19:17,21150.0,300,Sell,232096359
2024-08-16 10:19:21,21150.0,1000,Sell,232096561
2024-08-16 10:19:22,21150.0,200,Sell,232096677
2024-08-16 10:19:33,21200.0,1000,Buy,232097288
2024-08-16 10:19:34,21200.0,200,Buy,232097377
2024-08-16 10:19:34,21200.0,20000,Buy,232097376
2024-08-16 10:19:34,21200.0,1600,Buy,232097368
2024-08-16 10:19:34,21200.0,3900,Buy,232097375
2024-08-16 10:19:34,21200.0,200,Buy,232097374
2024-08-16 10:19:34,21200.0,100,Buy,232097373
2024-08-16 10:19:34,21200.0,100,Buy,232097372
2024-08-16 10:19:34,21200.0,4900,Buy,232097371
2024-08-16 10:19:34,21200.0,900,Buy,232097370
2024-08-16 10:19:34,21200.0,10000,Buy,232097369
2024-08-16 10:19:34,21200.0,200,Buy,232097367
2024-08-16 10:19:34,21200.0,600,Buy,232097356
2024-08-16 10:19:34,21200.0,3700,Buy,232097365
2024-08-16 10:19:34,21200.0,7400,Buy,232097354
2024-08-16 10:19:34,21200.0,3300,Buy,232097355
2024-08-16 10:19:34,21200.0,2000,Buy,232097357
2024-08-16 10:19:34,21200.0,100,Buy,232097358
2024-08-16 10:19:34,21200.0,200,Buy,232097359
2024-08-16 10:19:34,21200.0,200,Buy,232097366
2024-08-16 10:19:34,21200.0,1000,Buy,232097361
2024-08-16 10:19:34,21200.0,400,Buy,232097362
2024-08-16 10:19:34,21200.0,300,Buy,232097363
2024-08-16 10:19:34,21200.0,1000,Buy,232097364
2024-08-16 10:19:34,21200.0,1000,Buy,232097360
2024-08-16 10:19:37,21200.0,13200,Sell,232097526
2024-08-16 10:19:37,21200.0,2700,Sell,232097586
2024-08-16 10:19:38,21200.0,500,Sell,232097632
2024-08-16 10:19:39,21200.0,100,Sell,232097704
2024-08-16 10:19:42,21200.0,1800,Sell,232097884
2024-08-16 10:19:43,21200.0,300,Sell,232097913
2024-08-16 10:19:44,21200.0,100,Sell,232098125
2024-08-16 10:19:46,21200.0,200,Sell,232098252
2024-08-16 10:20:01,21200.0,500,Sell,232099464
2024-08-16 10:20:03,21200.0,100,Sell,232099584
2024-08-16 10:20:15,21200.0,1700,Sell,232100300
2024-08-16 10:20:16,21200.0,300,Sell,232100392
2024-08-16 10:20:18,21200.0,100,Sell,232100522
2024-08-16 10:20:26,21200.0,1900,Sell,232101129
2024-08-16 10:20:26,21200.0,9100,Sell,232101073
2024-08-16 10:20:28,21200.0,300,Sell,232101177
2024-08-16 10:20:30,21200.0,1400,Sell,232101321
2024-08-16 10:20:32,21200.0,200,Sell,232101400
2024-08-16 10:20:32,21200.0,100,Sell,232101404
2024-08-16 10:20:34,21200.0,2100,Sell,232101503
2024-08-16 10:20:34,21200.0,1500,Sell,232101504
2024-08-16 10:20:34,21200.0,2000,Sell,232101505
2024-08-16 10:20:34,21200.0,4400,Sell,232101506
2024-08-16 10:20:35,21200.0,600,Sell,232101527
2024-08-16 10:20:35,21200.0,500,Sell,232101528
2024-08-16 10:20:35,21200.0,1000,Sell,232101529
2024-08-16 10:20:36,21200.0,400,Sell,232101677
2024-08-16 10:20:43,21250.0,1000,Buy,232102119
2024-08-16 10:20:43,21250.0,1000,Buy,232102118
2024-08-16 10:20:43,21250.0,100,Buy,232102117
2024-08-16 10:20:43,21250.0,100,Buy,232102116
2024-08-16 10:20:43,21250.0,500,Buy,232102115
2024-08-16 10:20:43,21250.0,100,Buy,232102110
2024-08-16 10:20:43,21250.0,200,Buy,232102113
2024-08-16 10:20:43,21250.0,100,Buy,232102112
2024-08-16 10:20:43,21250.0,1000,Buy,232102111
2024-08-16 10:20:43,21250.0,100,Buy,232102109
2024-08-16 10:20:43,21250.0,500,Buy,232102108
2024-08-16 10:20:43,21250.0,300,Buy,232102114
2024-08-16 10:20:46,21200.0,2600,Sell,232102406
2024-08-16 10:20:46,21200.0,700,Sell,232102361
2024-08-16 10:20:46,21200.0,2000,Sell,232102362
2024-08-16 10:20:46,21200.0,500,Sell,232102359
2024-08-16 10:20:46,21200.0,1000,Sell,232102360
2024-08-16 10:20:46,21200.0,8600,Sell,232102358
2024-08-16 10:20:47,21250.0,600,Buy,232102413
2024-08-16 10:20:49,21200.0,100,Sell,232102548
2024-08-16 10:20:54,21250.0,300,Buy,232102880
2024-08-16 10:20:55,21250.0,100,Buy,232102972
2024-08-16 10:21:01,21250.0,100,Buy,232103568
2024-08-16 10:21:05,21200.0,1000,Sell,232103827
2024-08-16 10:21:06,21200.0,200,Sell,232103885
2024-08-16 10:21:16,21200.0,1700,Sell,232104748
2024-08-16 10:21:17,21200.0,300,Sell,232104834
2024-08-16 10:21:20,21200.0,100,Sell,232105048
2024-08-16 10:21:20,21200.0,100,Sell,232105062
2024-08-16 10:21:23,21250.0,10000,Buy,232105228
2024-08-16 10:21:31,21250.0,10000,Buy,232105724
2024-08-16 10:21:37,21250.0,100,Buy,232106121
2024-08-16 10:21:38,21250.0,2000,Buy,232106194
2024-08-16 10:21:44,21250.0,10000,Buy,232106598
2024-08-16 10:21:44,21250.0,200,Buy,232106550
2024-08-16 10:21:46,21200.0,1800,Sell,232106819
2024-08-16 10:21:47,21250.0,1000,Buy,232106837
2024-08-16 10:21:48,21250.0,500,Buy,232106958
2024-08-16 10:21:52,21200.0,200,Sell,232107226
2024-08-16 10:22:02,21250.0,500,Buy,232107999
2024-08-16 10:22:03,21250.0,2300,Buy,232108067
2024-08-16 10:22:08,21200.0,100,Sell,232108489
2024-08-16 10:22:12,21250.0,200,Buy,232108781
2024-08-16 10:22:12,21250.0,4300,Buy,232108827
2024-08-16 10:22:13,21250.0,6800,Buy,232108863
2024-08-16 10:22:13,21250.0,3200,Buy,232108864
2024-08-16 10:22:13,21250.0,300,Buy,232108865
2024-08-16 10:22:16,21250.0,100,Buy,232109092
2024-08-16 10:22:18,21200.0,1800,Sell,232109272
2024-08-16 10:22:18,21250.0,3000,Buy,232109273
2024-08-16 10:22:21,21250.0,1000,Buy,232109411
2024-08-16 10:22:22,21250.0,2000,Buy,232109471
2024-08-16 10:22:24,21200.0,100,Sell,232109609
2024-08-16 10:22:27,21250.0,300,Buy,232109788
2024-08-16 10:22:28,21250.0,100,Buy,232109858
2024-08-16 10:22:28,21250.0,900,Buy,232109859
2024-08-16 10:22:33,21250.0,100,Buy,232110203
2024-08-16 10:22:34,21250.0,100,Buy,232110244
2024-08-16 10:22:37,21250.0,100,Buy,232110387
2024-08-16 10:22:37,21250.0,12500,Buy,232110386
2024-08-16 10:22:37,21250.0,1000,Buy,232110384
2024-08-16 10:22:37,21250.0,200,Buy,232110383
2024-08-16 10:22:37,21250.0,200,Buy,232110382
2024-08-16 10:22:37,21250.0,400,Buy,232110381
2024-08-16 10:22:37,21250.0,50000,Buy,232110380
2024-08-16 10:22:37,21250.0,3000,Buy,232110385
2024-08-16 10:22:37,21250.0,1200,Buy,232110378
2024-08-16 10:22:37,21250.0,100,Buy,232110377
2024-08-16 10:22:37,21250.0,50000,Buy,232110376
2024-08-16 10:22:37,21250.0,20000,Buy,232110375
2024-08-16 10:22:37,21250.0,1000,Buy,232110374
2024-08-16 10:22:37,21250.0,500,Buy,232110373
2024-08-16 10:22:37,21250.0,4900,Buy,232110372
2024-08-16 10:22:37,21250.0,5000,Buy,232110379
2024-08-16 10:22:38,21250.0,500,Buy,232110462
2024-08-16 10:22:38,21250.0,3000,Buy,232110463
2024-08-16 10:22:38,21250.0,23700,Buy,232110464
2024-08-16 10:22:38,21250.0,2100,Buy,232110465
2024-08-16 10:22:38,21250.0,400,Buy,232110472
2024-08-16 10:22:38,21250.0,2100,Buy,232110473
2024-08-16 10:22:38,21250.0,1000,Buy,232110477
2024-08-16 10:22:38,21250.0,100,Buy,232110475
2024-08-16 10:22:38,21250.0,1000,Buy,232110476
2024-08-16 10:22:38,21250.0,1200,Buy,232110478
2024-08-16 10:22:38,21250.0,16900,Buy,232110479
2024-08-16 10:22:38,21250.0,2100,Buy,232110461
2024-08-16 10:22:38,21250.0,500,Buy,232110474
2024-08-16 10:22:38,21250.0,500,Buy,232110460
2024-08-16 10:22:38,21250.0,100,Buy,232110453
2024-08-16 10:22:38,21250.0,200,Buy,232110458
2024-08-16 10:22:38,21250.0,2000,Buy,232110459
2024-08-16 10:22:38,21250.0,500,Buy,232110446
2024-08-16 10:22:38,21250.0,100,Buy,232110447
2024-08-16 10:22:38,21250.0,200,Buy,232110448
2024-08-16 10:22:38,21250.0,200,Buy,232110449
2024-08-16 10:22:38,21250.0,200,Buy,232110450
2024-08-16 10:22:38,21250.0,200,Buy,232110445
2024-08-16 10:22:38,21250.0,700,Buy,232110452
2024-08-16 10:22:38,21250.0,37400,Buy,232110444
2024-08-16 10:22:38,21250.0,1000,Buy,232110454
2024-08-16 10:22:38,21250.0,100,Buy,232110455
2024-08-16 10:22:38,21250.0,1000,Buy,232110456
2024-08-16 10:22:38,21250.0,600,Buy,232110457
2024-08-16 10:22:38,21250.0,400,Buy,232110451
2024-08-16 10:22:40,21250.0,3000,Buy,232110564
2024-08-16 10:22:41,21250.0,1500,Buy,232110636
2024-08-16 10:22:41,21250.0,3000,Buy,232110635
2024-08-16 10:22:41,21250.0,400,Buy,232110634
2024-08-16 10:22:41,21250.0,100,Buy,232110632
2024-08-16 10:22:41,21250.0,100,Buy,232110633
2024-08-16 10:22:42,21200.0,700,Sell,232110675
2024-08-16 10:22:42,21250.0,100,Buy,232110742
2024-08-16 10:22:42,21200.0,100,Sell,232110786
2024-08-16 10:22:44,21200.0,2600,Sell,232110917
2024-08-16 10:22:44,21200.0,1000,Sell,232110916
2024-08-16 10:22:44,21200.0,200,Sell,232110915
2024-08-16 10:22:44,21200.0,600,Sell,232110913
2024-08-16 10:22:44,21200.0,200,Sell,232110914
2024-08-16 10:22:44,21200.0,1000,Sell,232110911
2024-08-16 10:22:44,21200.0,100,Sell,232110910
2024-08-16 10:22:44,21200.0,100,Sell,232110909
2024-08-16 10:22:44,21200.0,12800,Sell,232110908
2024-08-16 10:22:44,21250.0,3000,Buy,232110866
2024-08-16 10:22:44,21200.0,5000,Sell,232110912
2024-08-16 10:22:45,21250.0,100,Buy,232111009
2024-08-16 10:22:46,21200.0,400,Sell,232111026
2024-08-16 10:22:46,21200.0,100,Sell,232111027
2024-08-16 10:22:46,21200.0,4400,Sell,232111028
2024-08-16 10:22:47,21200.0,1000,Sell,232111117
2024-08-16 10:22:47,21200.0,200,Sell,232111172
2024-08-16 10:22:49,21200.0,1800,Sell,232111255
2024-08-16 10:22:50,21250.0,100,Buy,232111374
2024-08-16 10:22:51,21250.0,5200,Buy,232111470
2024-08-16 10:22:51,21250.0,400,Buy,232111469
2024-08-16 10:22:51,21250.0,200,Buy,232111468
2024-08-16 10:22:51,21250.0,3200,Buy,232111466
2024-08-16 10:22:51,21250.0,2000,Buy,232111465
2024-08-16 10:22:51,21250.0,1000,Buy,232111467
2024-08-16 10:22:53,21250.0,1600,Buy,232111548
2024-08-16 10:22:53,21250.0,200,Buy,232111549
2024-08-16 10:22:53,21250.0,100,Buy,232111550
2024-08-16 10:22:53,21250.0,1500,Buy,232111551
2024-08-16 10:22:53,21250.0,31500,Buy,232111552
2024-08-16 10:22:53,21250.0,15100,Buy,232111553
2024-08-16 10:22:54,21250.0,100,Buy,232111687
2024-08-16 10:22:54,21200.0,100,Sell,232111697
2024-08-16 10:22:55,21250.0,300,Buy,232111773
2024-08-16 10:22:55,21250.0,1000,Sell,232111776
2024-08-16 10:22:55,21250.0,10500,Buy,232111775
2024-08-16 10:22:55,21250.0,2500,Buy,232111774
2024-08-16 10:22:55,21250.0,600,Buy,232111772
2024-08-16 10:22:55,21250.0,600,Buy,232111770
2024-08-16 10:22:55,21250.0,1000,Buy,232111771
2024-08-16 10:22:55,21250.0,100,Buy,232111703
2024-08-16 10:22:55,21250.0,1000,Buy,232111702
2024-08-16 10:22:55,21250.0,800,Buy,232111769
2024-08-16 10:22:55,21250.0,3900,Buy,232111704
2024-08-16 10:22:56,21250.0,100,Sell,232111889
2024-08-16 10:22:56,21250.0,2600,Sell,232111906
2024-08-16 10:22:57,21250.0,300,Buy,232111923
2024-08-16 10:22:57,21250.0,700,Buy,232111938
2024-08-16 10:22:57,21250.0,600,Sell,232111939
2024-08-16 10:22:58,21250.0,200,Sell,232111998
2024-08-16 10:23:09,21250.0,9100,Sell,232112791
2024-08-16 10:23:10,21250.0,1400,Sell,232112863
2024-08-16 10:23:10,21250.0,100,Sell,232112864
2024-08-16 10:23:10,21250.0,400,Sell,232112865
2024-08-16 10:23:10,21250.0,300,Sell,232112917
2024-08-16 10:23:19,21300.0,1500,Buy,232113781
2024-08-16 10:23:19,21300.0,300,Buy,232113780
2024-08-16 10:23:19,21300.0,200,Buy,232113779
2024-08-16 10:23:21,21250.0,300,Sell,232113947
2024-08-16 10:23:21,21250.0,1000,Sell,232113948
2024-08-16 10:23:21,21250.0,400,Sell,232113949
2024-08-16 10:23:21,21300.0,700,Buy,232113950
2024-08-16 10:23:24,21300.0,100,Buy,232114100
2024-08-16 10:23:26,21250.0,100,Sell,232114248
2024-08-16 10:23:31,21300.0,700,Buy,232114612
2024-08-16 10:23:31,21300.0,200,Buy,232114613
2024-08-16 10:23:31,21300.0,100,Buy,232114614
2024-08-16 10:23:34,21300.0,100,Buy,232114789
2024-08-16 10:23:34,21300.0,100,Buy,232114790
2024-08-16 10:23:34,21300.0,2800,Buy,232114791
2024-08-16 10:23:36,21300.0,1900,Buy,232114909
2024-08-16 10:23:37,21250.0,500,Sell,232115031
2024-08-16 10:23:37,21250.0,500,Sell,232115030
2024-08-16 10:23:38,21300.0,3600,Buy,232115098
2024-08-16 10:23:38,21300.0,10800,Buy,232115120
2024-08-16 10:23:38,21300.0,1000,Buy,232115119
2024-08-16 10:23:38,21300.0,200,Buy,232115118
2024-08-16 10:23:38,21300.0,2000,Buy,232115117
2024-08-16 10:23:38,21300.0,100,Buy,232115116
2024-08-16 10:23:38,21300.0,1000,Buy,232115115
2024-08-16 10:23:38,21300.0,1000,Buy,232115113
2024-08-16 10:23:38,21300.0,500,Buy,232115112
2024-08-16 10:23:38,21300.0,2000,Buy,232115111
2024-08-16 10:23:38,21300.0,1500,Buy,232115110
2024-08-16 10:23:38,21300.0,100,Buy,232115114
2024-08-16 10:23:38,21300.0,1000,Buy,232115108
2024-08-16 10:23:38,21300.0,100,Buy,232115099
2024-08-16 10:23:38,21300.0,1000,Buy,232115109
2024-08-16 10:23:38,21300.0,500,Buy,232115101
2024-08-16 10:23:38,21300.0,100,Buy,232115102
2024-08-16 10:23:38,21300.0,100,Buy,232115103
2024-08-16 10:23:38,21300.0,2000,Buy,232115100
2024-08-16 10:23:38,21300.0,1000,Buy,232115105
2024-08-16 10:23:38,21300.0,10000,Buy,232115106
2024-08-16 10:23:38,21300.0,300,Buy,232115107
2024-08-16 10:23:38,21300.0,100,Buy,232115104
2024-08-16 10:23:39,21250.0,200,Sell,232115134
2024-08-16 10:23:40,21250.0,2300,Sell,232115208
2024-08-16 10:23:40,21250.0,2000,Sell,232115209
2024-08-16 10:23:40,21250.0,4100,Sell,232115210
2024-08-16 10:23:41,21300.0,100,Buy,232115300
2024-08-16 10:23:41,21250.0,300,Sell,232115312
2024-08-16 10:23:41,21250.0,1700,Sell,232115255
2024-08-16 10:23:44,21250.0,100,Sell,232115507
2024-08-16 10:23:46,21250.0,1000,Sell,232115607
2024-08-16 10:23:48,21250.0,200,Sell,232115720
2024-08-16 10:23:51,21300.0,200,Buy,232115995
2024-08-16 10:23:52,21250.0,1700,Sell,232116044
2024-08-16 10:23:53,21300.0,500,Buy,232116172
2024-08-16 10:23:56,21250.0,200,Sell,232116384
2024-08-16 10:23:59,21300.0,38400,Buy,232116564
2024-08-16 10:23:59,21300.0,1600,Buy,232116565
2024-08-16 10:24:02,21300.0,3400,Buy,232116743
2024-08-16 10:24:02,21300.0,36600,Buy,232116744
2024-08-16 10:24:02,21300.0,3000,Buy,232116745
2024-08-16 10:24:04,21300.0,10400,Buy,232116895
2024-08-16 10:24:04,21300.0,15000,Buy,232116896
2024-08-16 10:24:04,21300.0,2000,Buy,232116897
2024-08-16 10:24:04,21300.0,1500,Buy,232116898
2024-08-16 10:24:04,21300.0,200,Buy,232116899
2024-08-16 10:24:04,21300.0,1000,Buy,232116900
2024-08-16 10:24:08,21300.0,1000,Buy,232117084
2024-08-16 10:24:08,21300.0,500,Buy,232117083
2024-08-16 10:24:09,21300.0,100,Buy,232117169
2024-08-16 10:24:10,21300.0,1000,Buy,232117226
2024-08-16 10:24:11,21300.0,1000,Buy,232117283
2024-08-16 10:24:16,21300.0,100,Buy,232117597
2024-08-16 10:24:17,21300.0,1000,Buy,232117641
2024-08-16 10:24:17,21300.0,500,Buy,232117642
2024-08-16 10:24:17,21300.0,900,Buy,232117643
2024-08-16 10:24:19,21300.0,100,Buy,232117856
2024-08-16 10:24:19,21300.0,14000,Buy,232117826
2024-08-16 10:24:19,21300.0,200,Buy,232117825
2024-08-16 10:24:19,21300.0,100,Buy,232117824
2024-08-16 10:24:19,21300.0,400,Buy,232117823
2024-08-16 10:24:19,21300.0,600,Buy,232117822
2024-08-16 10:24:19,21300.0,2000,Buy,232117821
2024-08-16 10:24:19,21300.0,10000,Buy,232117820
2024-08-16 10:24:19,21300.0,1000,Buy,232117814
2024-08-16 10:24:19,21300.0,1000,Buy,232117818
2024-08-16 10:24:19,21300.0,600,Buy,232117817
2024-08-16 10:24:19,21300.0,3000,Buy,232117816
2024-08-16 10:24:19,21300.0,200,Buy,232117815
2024-08-16 10:24:19,21300.0,2000,Buy,232117813
2024-08-16 10:24:19,21300.0,1000,Buy,232117812
2024-08-16 10:24:19,21300.0,1000,Buy,232117811
2024-08-16 10:24:19,21300.0,2100,Buy,232117810
2024-08-16 10:24:19,21300.0,800,Buy,232117819
2024-08-16 10:24:22,21300.0,5000,Buy,232118014
2024-08-16 10:24:22,21250.0,1700,Sell,232118019
2024-08-16 10:24:24,21250.0,300,Sell,232118143
2024-08-16 10:24:24,21300.0,100,Buy,232118094
2024-08-16 10:24:24,21250.0,1400,Sell,232118095
2024-08-16 10:24:24,21300.0,100,Buy,232118142
2024-08-16 10:24:28,21300.0,400,Buy,232118408
2024-08-16 10:24:28,21300.0,500,Buy,232118409
2024-08-16 10:24:28,21300.0,100,Buy,232118420
2024-08-16 10:24:28,21300.0,200,Buy,232118410
2024-08-16 10:24:28,21300.0,100,Buy,232118411
2024-08-16 10:24:28,21300.0,600,Buy,232118412
2024-08-16 10:24:28,21300.0,300,Buy,232118421
2024-08-16 10:24:28,21300.0,1000,Buy,232118407
2024-08-16 10:24:28,21300.0,400,Buy,232118423
2024-08-16 10:24:28,21300.0,2000,Buy,232118424
2024-08-16 10:24:28,21300.0,8400,Buy,232118425
2024-08-16 10:24:28,21300.0,9000,Buy,232118426
2024-08-16 10:24:28,21300.0,6300,Buy,232118427
2024-08-16 10:24:28,21300.0,300,Buy,232118428
2024-08-16 10:24:28,21300.0,12400,Buy,232118429
2024-08-16 10:24:28,21300.0,1000,Buy,232118422
2024-08-16 10:24:28,21300.0,200,Buy,232118406
2024-08-16 10:24:28,21300.0,300,Buy,232118389
2024-08-16 10:24:28,21300.0,1000,Buy,232118404
2024-08-16 10:24:28,21300.0,30700,Buy,232118387
2024-08-16 10:24:28,21300.0,200,Buy,232118388
2024-08-16 10:24:28,21300.0,10000,Buy,232118390
2024-08-16 10:24:28,21300.0,200,Buy,232118391
2024-08-16 10:24:28,21300.0,500,Buy,232118392
2024-08-16 10:24:28,21300.0,100,Buy,232118393
2024-08-16 10:24:28,21300.0,100,Buy,232118394
2024-08-16 10:24:28,21300.0,100,Buy,232118395
2024-08-16 10:24:28,21300.0,500,Buy,232118405
2024-08-16 10:24:28,21300.0,900,Buy,232118397
2024-08-16 10:24:28,21300.0,10100,Buy,232118398
2024-08-16 10:24:28,21300.0,400,Buy,232118399
2024-08-16 10:24:28,21300.0,200,Buy,232118400
2024-08-16 10:24:28,21300.0,200,Buy,232118401
2024-08-16 10:24:28,21300.0,200,Buy,232118402
2024-08-16 10:24:28,21300.0,1000,Buy,232118403
2024-08-16 10:24:28,21300.0,100,Buy,232118396
2024-08-16 10:24:29,21250.0,100,Sell,232118470
2024-08-16 10:24:29,21250.0,12200,Sell,232118491
2024-08-16 10:24:29,21300.0,100,Buy,232118492
2024-08-16 10:24:30,21300.0,200,Buy,232118502
2024-08-16 10:24:32,21250.0,100,Sell,232118646
2024-08-16 10:24:35,21300.0,100,Buy,232118843
2024-08-16 10:24:35,21250.0,9100,Sell,232118842
2024-08-16 10:24:36,21300.0,100,Buy,232118920
2024-08-16 10:24:36,21250.0,1900,Sell,232118953
2024-08-16 10:24:38,21250.0,300,Sell,232119034
2024-08-16 10:24:41,21300.0,2000,Buy,232119263
2024-08-16 10:24:46,21300.0,13000,Buy,232119629
2024-08-16 10:24:46,21300.0,500,Buy,232119628
2024-08-16 10:24:46,21300.0,200,Buy,232119627
2024-08-16 10:24:46,21300.0,2600,Buy,232119625
2024-08-16 10:24:46,21300.0,8800,Buy,232119624
2024-08-16 10:24:46,21300.0,100,Buy,232119626
2024-08-16 10:24:46,21300.0,100,Buy,232119622
2024-08-16 10:24:46,21300.0,300,Buy,232119623
2024-08-16 10:24:46,21300.0,5100,Buy,232119618
2024-08-16 10:24:46,21300.0,8400,Buy,232119621
2024-08-16 10:24:46,21300.0,500,Buy,232119620
2024-08-16 10:24:46,21300.0,400,Buy,232119619
2024-08-16 10:24:48,21300.0,100,Buy,232119778
2024-08-16 10:24:53,21250.0,1800,Sell,232120179
2024-08-16 10:24:54,21300.0,8800,Buy,232120228
2024-08-16 10:24:55,21250.0,300,Sell,232120277
2024-08-16 10:24:55,21300.0,500,Buy,232120310
2024-08-16 10:24:57,21300.0,100,Buy,232120550
2024-08-16 10:25:00,21250.0,200,Sell,232120819
2024-08-16 10:25:02,21300.0,5000,Buy,232120922
2024-08-16 10:25:04,21300.0,100,Buy,232121136
2024-08-16 10:25:04,21300.0,400,Buy,232121135
2024-08-16 10:25:04,21300.0,2500,Buy,232121134
2024-08-16 10:25:06,21300.0,100,Buy,232121293
2024-08-16 10:25:06,21300.0,8400,Buy,232121294
2024-08-16 10:25:06,21300.0,1000,Buy,232121295
2024-08-16 10:25:06,21300.0,800,Buy,232121296
2024-08-16 10:25:06,21300.0,2000,Buy,232121297
2024-08-16 10:25:06,21300.0,500,Buy,232121298
2024-08-16 10:25:06,21300.0,1000,Buy,232121299
2024-08-16 10:25:06,21300.0,1500,Buy,232121300
2024-08-16 10:25:06,21300.0,1600,Buy,232121301
2024-08-16 10:25:06,21300.0,1000,Buy,232121302
2024-08-16 10:25:06,21300.0,600,Buy,232121303
2024-08-16 10:25:06,21300.0,400,Buy,232121292
2024-08-16 10:25:07,21300.0,31100,Sell,232121353
2024-08-16 10:25:07,21300.0,200,Sell,232121370
2024-08-16 10:25:09,21300.0,300,Sell,232121455
2024-08-16 10:25:09,21300.0,2000,Sell,232121456
2024-08-16 10:25:10,21300.0,200,Buy,232121522
2024-08-16 10:25:15,21300.0,1400,Buy,232121956
2024-08-16 10:25:15,21300.0,3600,Buy,232121957
2024-08-16 10:25:19,21300.0,200,Buy,232122184
2024-08-16 10:25:21,21250.0,100,Sell,232122349
2024-08-16 10:25:21,21300.0,1000,Buy,232122389
2024-08-16 10:25:22,21300.0,200,Buy,232122414
2024-08-16 10:25:22,21300.0,1500,Buy,232122436
2024-08-16 10:25:22,21300.0,400,Buy,232122437
2024-08-16 10:25:22,21300.0,1000,Buy,232122438
2024-08-16 10:25:22,21300.0,3000,Buy,232122439
2024-08-16 10:25:23,21300.0,1400,Sell,232122647
2024-08-16 10:25:24,21300.0,2500,Sell,232122715
2024-08-16 10:25:24,21300.0,200,Sell,232122705
2024-08-16 10:25:26,21250.0,1700,Sell,232122830
2024-08-16 10:25:26,21250.0,300,Sell,232122870
2024-08-16 10:25:27,21300.0,1000,Buy,232122914
2024-08-16 10:25:30,21300.0,100,Buy,232123129
2024-08-16 10:25:33,21250.0,100,Sell,232123288
2024-08-16 10:25:34,21300.0,15000,Buy,232123369
2024-08-16 10:25:41,21300.0,1000,Buy,232123922
2024-08-16 10:25:46,21300.0,1000,Buy,232124500
2024-08-16 10:25:56,21250.0,1800,Sell,232125377
2024-08-16 10:25:56,21250.0,300,Sell,232125439
2024-08-16 10:26:04,21250.0,100,Sell,232125937
2024-08-16 10:26:09,21250.0,100,Sell,232126251
2024-08-16 10:26:17,21250.0,500,Sell,232127049
2024-08-16 10:26:18,21250.0,300,Sell,232127176
2024-08-16 10:26:18,21250.0,1000,Sell,232127105
2024-08-16 10:26:20,21250.0,7900,Sell,232127259
2024-08-16 10:26:21,21250.0,1600,Sell,232127348
2024-08-16 10:26:22,21250.0,300,Sell,232127420
2024-08-16 10:26:25,21300.0,200,Buy,232127602
2024-08-16 10:26:27,21250.0,15000,Sell,232127752
2024-08-16 10:26:29,21250.0,3100,Sell,232127866
2024-08-16 10:26:29,21250.0,1800,Sell,232127884
2024-08-16 10:26:30,21250.0,1000,Sell,232127949
2024-08-16 10:26:30,21250.0,200,Sell,232128045
2024-08-16 10:26:33,21250.0,800,Sell,232128311
2024-08-16 10:26:33,21250.0,1000,Sell,232128317
2024-08-16 10:26:33,21250.0,100,Sell,232128316
2024-08-16 10:26:33,21250.0,100,Sell,232128312
2024-08-16 10:26:33,21250.0,500,Sell,232128314
2024-08-16 10:26:33,21250.0,1000,Sell,232128313
2024-08-16 10:26:33,21250.0,200,Sell,232128318
2024-08-16 10:26:33,21250.0,1000,Sell,232128315
2024-08-16 10:26:33,21250.0,1000,Sell,232128319
2024-08-16 10:26:33,21250.0,2000,Sell,232128324
2024-08-16 10:26:33,21250.0,1000,Sell,232128321
2024-08-16 10:26:33,21250.0,500,Sell,232128322
2024-08-16 10:26:33,21250.0,500,Sell,232128323
2024-08-16 10:26:33,21250.0,100,Sell,232128325
2024-08-16 10:26:33,21250.0,1000,Sell,232128326
2024-08-16 10:26:33,21250.0,2000,Sell,232128327
2024-08-16 10:26:33,21250.0,1000,Sell,232128328
2024-08-16 10:26:33,21250.0,1000,Sell,232128329
2024-08-16 10:26:33,21250.0,200,Sell,232128330
2024-08-16 10:26:33,21250.0,500,Sell,232128320
2024-08-16 10:26:33,21250.0,200,Sell,232128310
2024-08-16 10:26:33,21250.0,200,Sell,232128298
2024-08-16 10:26:33,21250.0,1000,Sell,232128308
2024-08-16 10:26:33,21250.0,23700,Sell,232128150
2024-08-16 10:26:33,21250.0,192900,Sell,232128286
2024-08-16 10:26:33,21250.0,7000,Sell,232128287
2024-08-16 10:26:33,21250.0,2000,Sell,232128288
2024-08-16 10:26:33,21250.0,1000,Sell,232128289
2024-08-16 10:26:33,21250.0,200,Sell,232128290
2024-08-16 10:26:33,21250.0,200,Sell,232128291
2024-08-16 10:26:33,21250.0,200,Sell,232128292
2024-08-16 10:26:33,21250.0,300,Sell,232128293
2024-08-16 10:26:33,21250.0,1000,Sell,232128309
2024-08-16 10:26:33,21250.0,200,Sell,232128295
2024-08-16 10:26:33,21250.0,1000,Sell,232128294
2024-08-16 10:26:33,21250.0,100,Sell,232128306
2024-08-16 10:26:33,21250.0,900,Sell,232128305
2024-08-16 10:26:33,21250.0,100,Sell,232128301
2024-08-16 10:26:33,21250.0,600,Sell,232128307
2024-08-16 10:26:33,21250.0,500,Sell,232128299
2024-08-16 10:26:33,21250.0,1000,Sell,232128297
2024-08-16 10:26:33,21250.0,5000,Sell,232128296
2024-08-16 10:26:33,21250.0,100,Sell,232128300
2024-08-16 10:26:34,21200.0,200,Sell,232128384
2024-08-16 10:26:46,21200.0,100,Sell,232129134
2024-08-16 10:26:48,21250.0,2000,Buy,232129224
2024-08-16 10:26:48,21250.0,2900,Buy,232129230
2024-08-16 10:26:48,21250.0,2100,Buy,232129231
2024-08-16 10:26:50,21200.0,4300,Sell,232129347
2024-08-16 10:26:50,21200.0,300,Sell,232129346
2024-08-16 10:26:50,21200.0,100,Sell,232129345
2024-08-16 10:26:50,21200.0,100,Sell,232129344
2024-08-16 10:26:50,21200.0,200,Sell,232129343
2024-08-16 10:26:51,21200.0,1000,Sell,232129420
2024-08-16 10:26:52,21200.0,200,Sell,232129482
2024-08-16 10:26:57,21200.0,100,Sell,232129702
2024-08-16 10:26:59,21250.0,10000,Buy,232129919
2024-08-16 10:27:00,21200.0,30000,Sell,232129989
2024-08-16 10:27:00,21250.0,3100,Buy,232130002
2024-08-16 10:27:01,21250.0,2100,Sell,232130012
2024-08-16 10:27:01,21250.0,1400,Buy,232130011
2024-08-16 10:27:01,21250.0,1800,Sell,232130022
2024-08-16 10:27:01,21250.0,50000,Buy,232130009
2024-08-16 10:27:01,21250.0,33300,Buy,232130008
2024-08-16 10:27:01,21250.0,1000,Buy,232130010
2024-08-16 10:27:02,21250.0,10400,Sell,232130078
2024-08-16 10:27:05,21250.0,15300,Buy,232130284
2024-08-16 10:27:05,21250.0,23700,Buy,232130286
2024-08-16 10:27:05,21250.0,2100,Buy,232130285
2024-08-16 10:27:06,21250.0,8600,Sell,232130362
2024-08-16 10:27:07,21250.0,100,Sell,232130375
2024-08-16 10:27:07,21250.0,1800,Sell,232130423
2024-08-16 10:27:08,21250.0,300,Sell,232130475
2024-08-16 10:27:15,21250.0,30000,Sell,232130973
2024-08-16 10:27:15,21250.0,6300,Sell,232131012
2024-08-16 10:27:16,21250.0,1900,Sell,232131070
2024-08-16 10:27:16,21250.0,3000,Sell,232131029
2024-08-16 10:27:17,21250.0,300,Sell,232131118
2024-08-16 10:27:19,21300.0,1000,Buy,232131208
2024-08-16 10:27:20,21250.0,100,Sell,232131268
2024-08-16 10:27:33,21250.0,1800,Sell,232132069
2024-08-16 10:27:34,21250.0,300,Sell,232132128
2024-08-16 10:27:37,21250.0,200,Sell,232132397
2024-08-16 10:27:38,21250.0,100,Sell,232132460
2024-08-16 10:27:40,21250.0,200,Sell,232132532
2024-08-16 10:27:45,21250.0,100,Sell,232132816
2024-08-16 10:27:46,21250.0,100,Sell,232132871
2024-08-16 10:27:46,21250.0,500,Sell,232132870
2024-08-16 10:27:46,21250.0,7700,Sell,232132872
2024-08-16 10:27:46,21250.0,1800,Sell,232132868
2024-08-16 10:27:46,21250.0,3800,Sell,232132867
2024-08-16 10:27:46,21250.0,600,Sell,232132869
2024-08-16 10:27:47,21250.0,100,Sell,232132951
2024-08-16 10:27:47,21250.0,500,Sell,232132952
2024-08-16 10:27:47,21250.0,800,Sell,232132953
2024-08-16 10:27:47,21250.0,1700,Sell,232132971
2024-08-16 10:27:47,21250.0,100,Sell,232132972
2024-08-16 10:27:47,21250.0,2000,Buy,232133001
2024-08-16 10:27:47,21250.0,22300,Sell,232132950
2024-08-16 10:27:49,21250.0,700,Buy,232133082
2024-08-16 10:27:50,21250.0,2000,Buy,232133179
2024-08-16 10:27:58,21250.0,100,Buy,232133776
2024-08-16 10:27:59,21250.0,1500,Buy,232133841
2024-08-16 10:28:00,21200.0,6600,Sell,232133940
2024-08-16 10:28:00,21200.0,100,Sell,232133939
2024-08-16 10:28:00,21250.0,300,Buy,232133869
2024-08-16 10:28:00,21200.0,2400,Sell,232133936
2024-08-16 10:28:02,21200.0,1900,Sell,232134024
2024-08-16 10:28:03,21200.0,300,Sell,232134132
2024-08-16 10:28:03,21250.0,5000,Buy,232134176
2024-08-16 10:28:04,21200.0,11200,Sell,232134184
2024-08-16 10:28:04,21200.0,2200,Sell,232134185
2024-08-16 10:28:04,21200.0,1000,Sell,232134186
2024-08-16 10:28:04,21200.0,400,Sell,232134187
2024-08-16 10:28:04,21200.0,200,Sell,232134188
2024-08-16 10:28:04,21200.0,700,Sell,232134189
2024-08-16 10:28:04,21200.0,100,Sell,232134190
2024-08-16 10:28:05,21200.0,3300,Sell,232134362
2024-08-16 10:28:05,21200.0,900,Sell,232134360
2024-08-16 10:28:05,21200.0,100,Sell,232134361
2024-08-16 10:28:06,21200.0,900,Sell,232134434
2024-08-16 10:28:06,21200.0,1900,Sell,232134469
2024-08-16 10:28:06,21200.0,100,Sell,232134483
2024-08-16 10:28:07,21200.0,400,Sell,232134627
2024-08-16 10:28:09,21250.0,5000,Buy,232134714
2024-08-16 10:28:10,21200.0,100,Sell,232134767
2024-08-16 10:28:12,21200.0,500,Sell,232134936
2024-08-16 10:28:12,21200.0,300,Sell,232134935
2024-08-16 10:28:12,21200.0,100,Sell,232134934
2024-08-16 10:28:12,21200.0,200,Sell,232134933
2024-08-16 10:28:12,21200.0,100,Sell,232134932
2024-08-16 10:28:12,21200.0,300,Sell,232134931
2024-08-16 10:28:12,21200.0,500,Sell,232134927
2024-08-16 10:28:12,21200.0,1000,Sell,232134929
2024-08-16 10:28:12,21200.0,100,Sell,232134930
2024-08-16 10:28:12,21200.0,13300,Sell,232134923
2024-08-16 10:28:12,21200.0,4300,Sell,232134924
2024-08-16 10:28:12,21200.0,1500,Sell,232134926
2024-08-16 10:28:12,21200.0,500,Sell,232134925
2024-08-16 10:28:12,21200.0,1000,Sell,232134928
2024-08-16 10:28:13,21200.0,500,Sell,232135021
2024-08-16 10:28:13,21200.0,1000,Sell,232135022
2024-08-16 10:28:13,21200.0,1000,Sell,232135023
2024-08-16 10:28:13,21200.0,100,Sell,232135024
2024-08-16 10:28:13,21200.0,200,Sell,232135025
2024-08-16 10:28:13,21200.0,100,Sell,232135026
2024-08-16 10:28:13,21200.0,1000,Sell,232135027
2024-08-16 10:28:13,21200.0,1000,Sell,232135028
2024-08-16 10:28:14,21200.0,1000,Sell,232135156
2024-08-16 10:28:15,21200.0,200,Sell,232135202
2024-08-16 10:28:18,21250.0,1600,Buy,232135352
2024-08-16 10:28:18,21250.0,3000,Buy,232135353
2024-08-16 10:28:18,21250.0,400,Buy,232135354
2024-08-16 10:28:21,21200.0,2000,Sell,232135502
2024-08-16 10:28:21,21200.0,1600,Sell,232135499
2024-08-16 10:28:21,21200.0,500,Sell,232135500
2024-08-16 10:28:21,21200.0,5000,Sell,232135501
2024-08-16 10:28:22,21200.0,100,Sell,232135533
2024-08-16 10:28:22,21200.0,1800,Sell,232135534
2024-08-16 10:28:22,21200.0,100,Sell,232135604
2024-08-16 10:28:23,21200.0,300,Sell,232135617
2024-08-16 10:28:26,21250.0,5000,Buy,232135865
2024-08-16 10:28:27,21250.0,100,Buy,232135904
2024-08-16 10:28:32,21200.0,100,Sell,232136143
2024-08-16 10:28:32,21200.0,100,Sell,232136142
2024-08-16 10:28:32,21200.0,500,Sell,232136140
2024-08-16 10:28:32,21200.0,3400,Sell,232136139
2024-08-16 10:28:32,21200.0,100,Sell,232136141
2024-08-16 10:28:32,21200.0,500,Sell,232136106
2024-08-16 10:28:32,21200.0,5000,Sell,232136105
2024-08-16 10:28:32,21200.0,100,Sell,232136104
2024-08-16 10:28:32,21200.0,7800,Sell,232136103
2024-08-16 10:28:32,21200.0,6600,Sell,232136107
2024-08-16 10:28:33,21200.0,100,Sell,232136194
2024-08-16 10:28:34,21200.0,500,Sell,232136201
2024-08-16 10:28:34,21200.0,300,Sell,232136202
2024-08-16 10:28:34,21200.0,200,Sell,232136223
2024-08-16 10:28:34,21200.0,500,Sell,232136235
2024-08-16 10:28:34,21200.0,500,Sell,232136236
2024-08-16 10:28:34,21200.0,700,Sell,232136237
2024-08-16 10:28:37,21200.0,1000,Buy,232136372
2024-08-16 10:28:37,21200.0,100,Buy,232136373
2024-08-16 10:28:38,21200.0,100,Buy,232136439
2024-08-16 10:28:39,21150.0,1800,Sell,232136511
2024-08-16 10:28:40,21150.0,100,Sell,232136582
2024-08-16 10:28:40,21250.0,2000,Buy,232136575
2024-08-16 10:28:40,21250.0,200,Buy,232136579
2024-08-16 10:28:40,21250.0,200,Buy,232136578
2024-08-16 10:28:40,21250.0,4000,Buy,232136577
2024-08-16 10:28:40,21250.0,300,Buy,232136576
2024-08-16 10:28:40,21250.0,100,Buy,232136574
2024-08-16 10:28:40,21200.0,1600,Buy,232136548
2024-08-16 10:28:40,21250.0,300,Buy,232136572
2024-08-16 10:28:40,21250.0,100,Buy,232136571
2024-08-16 10:28:40,21250.0,200,Buy,232136570
2024-08-16 10:28:40,21200.0,200,Buy,232136569
2024-08-16 10:28:40,21200.0,300,Buy,232136568
2024-08-16 10:28:40,21200.0,100,Buy,232136567
2024-08-16 10:28:40,21200.0,500,Buy,232136539
2024-08-16 10:28:40,21250.0,400,Buy,232136573
2024-08-16 10:28:49,21150.0,22500,Sell,232137049
2024-08-16 10:28:49,21200.0,1000,Sell,232137048
2024-08-16 10:28:49,21200.0,200,Sell,232137047
2024-08-16 10:28:50,21150.0,4900,Sell,232137156
2024-08-16 10:28:51,21150.0,1000,Sell,232137212
2024-08-16 10:28:51,21250.0,500,Buy,232137176
2024-08-16 10:28:53,21150.0,300,Sell,232137292
2024-08-16 10:29:01,21200.0,100,Sell,232137713
2024-08-16 10:29:10,21200.0,200,Buy,232138185
2024-08-16 10:29:11,21150.0,100,Sell,232138208
2024-08-16 10:29:12,21150.0,1800,Sell,232138283
2024-08-16 10:29:12,21150.0,300,Sell,232138318
2024-08-16 10:29:15,21200.0,5000,Buy,232138452
2024-08-16 10:29:16,21200.0,200,Buy,232138484
2024-08-16 10:29:21,21200.0,1000,Buy,232138728
2024-08-16 10:29:22,21150.0,100,Sell,232138792
2024-08-16 10:29:22,21200.0,10000,Buy,232138829
2024-08-16 10:29:23,21150.0,1300,Sell,232138906
2024-08-16 10:29:23,21150.0,100,Sell,232138905
2024-08-16 10:29:23,21150.0,100,Sell,232138904
2024-08-16 10:29:23,21150.0,2000,Sell,232138880
2024-08-16 10:29:23,21150.0,1500,Sell,232138881
2024-08-16 10:29:23,21150.0,5100,Sell,232138878
2024-08-16 10:29:23,21150.0,2500,Sell,232138903
2024-08-16 10:29:23,21150.0,500,Sell,232138879
2024-08-16 10:29:24,21150.0,800,Sell,232139027
2024-08-16 10:29:25,21150.0,100,Sell,232139093
2024-08-16 10:29:29,21200.0,600,Buy,232139257
