time,price,volume,match_type,id
2024-07-18 09:14:42,23700.0,50000,ATO/ATC,224075425
2024-07-18 09:14:42,23700.0,300,Sell,224075428
2024-07-18 09:14:46,23700.0,2500,Sell,224075719
2024-07-18 09:14:46,23700.0,700,Sell,224075743
2024-07-18 09:14:46,23700.0,200,Sell,224075742
2024-07-18 09:14:46,23700.0,3000,Sell,224075741
2024-07-18 09:14:46,23700.0,1000,Sell,224075740
2024-07-18 09:14:46,23700.0,900,Sell,224075739
2024-07-18 09:14:46,23700.0,100,Sell,224075738
2024-07-18 09:14:46,23700.0,300,Sell,224075737
2024-07-18 09:14:46,23700.0,400,Sell,224075736
2024-07-18 09:14:46,23700.0,300,Sell,224075718
2024-07-18 09:14:46,23700.0,500,Sell,224075734
2024-07-18 09:14:46,23700.0,400,Sell,224075733
2024-07-18 09:14:46,23700.0,100,Sell,224075724
2024-07-18 09:14:46,23700.0,100,Sell,224075723
2024-07-18 09:14:46,23700.0,200,Sell,224075722
2024-07-18 09:14:46,23700.0,100,Sell,224075721
2024-07-18 09:14:46,23700.0,1200,Sell,224075720
2024-07-18 09:14:46,23700.0,500,Sell,224075735
2024-07-18 09:14:50,23750.0,100,Buy,224075791
2024-07-18 09:14:55,23700.0,1400,Sell,224075874
2024-07-18 09:14:55,23750.0,200,Buy,224075864
2024-07-18 09:14:55,23700.0,1600,Sell,224075865
2024-07-18 09:14:59,23700.0,800,Sell,224075969
2024-07-18 09:15:00,23700.0,200,Sell,224076021
2024-07-18 09:15:00,23750.0,100,Buy,224076022
2024-07-18 09:15:05,23750.0,500,Buy,224076134
2024-07-18 09:15:05,23750.0,1000,Buy,224076133
2024-07-18 09:15:05,23750.0,4100,Buy,224076135
2024-07-18 09:15:05,23750.0,200,Buy,224076131
2024-07-18 09:15:05,23750.0,100,Buy,224076130
2024-07-18 09:15:05,23750.0,100,Buy,224076129
2024-07-18 09:15:05,23750.0,1000,Buy,224076132
2024-07-18 09:15:07,23750.0,900,Buy,224076193
2024-07-18 09:15:07,23750.0,500,Buy,224076194
2024-07-18 09:15:11,23750.0,700,Buy,224076288
2024-07-18 09:15:13,23750.0,100,Buy,224076377
2024-07-18 09:15:18,23750.0,200,Buy,224076514
2024-07-18 09:15:18,23750.0,200,Buy,224076515
2024-07-18 09:15:18,23750.0,200,Buy,224076516
2024-07-18 09:15:20,23750.0,100,Buy,224076572
2024-07-18 09:15:22,23750.0,500,Buy,224076653
2024-07-18 09:15:26,23750.0,100,Buy,224076735
2024-07-18 09:15:26,23750.0,100,Buy,224076736
2024-07-18 09:15:26,23750.0,100,Buy,224076737
2024-07-18 09:15:26,23750.0,100,Buy,224076738
2024-07-18 09:15:26,23750.0,200,Sell,224076746
2024-07-18 09:15:26,23750.0,500,Buy,224076734
2024-07-18 09:15:33,23750.0,1000,Sell,224076969
2024-07-18 09:15:35,23750.0,200,Sell,224076998
2024-07-18 09:15:39,23800.0,2800,Buy,224077181
2024-07-18 09:15:39,23800.0,300,Buy,224077179
2024-07-18 09:15:39,23800.0,100,Buy,224077180
2024-07-18 09:15:39,23750.0,1000,Sell,224077176
2024-07-18 09:15:39,23800.0,100,Buy,224077178
2024-07-18 09:15:39,23800.0,200,Buy,224077177
2024-07-18 09:15:47,23800.0,1200,Buy,224077385
2024-07-18 09:15:47,23800.0,1000,Buy,224077416
2024-07-18 09:15:47,23800.0,1100,Buy,224077396
2024-07-18 09:15:47,23800.0,1200,Buy,224077395
2024-07-18 09:15:47,23800.0,2000,Buy,224077394
2024-07-18 09:15:47,23800.0,1000,Buy,224077393
2024-07-18 09:15:47,23800.0,1000,Buy,224077390
2024-07-18 09:15:47,23800.0,200,Buy,224077389
2024-07-18 09:15:47,23800.0,400,Buy,224077388
2024-07-18 09:15:47,23800.0,1100,Buy,224077387
2024-07-18 09:15:47,23800.0,900,Buy,224077386
2024-07-18 09:15:47,23800.0,1000,Buy,224077391
2024-07-18 09:15:47,23800.0,1000,Buy,224077392
2024-07-18 09:15:48,23800.0,1500,Sell,224077422
2024-07-18 09:15:48,23800.0,1500,Buy,224077452
2024-07-18 09:15:49,23800.0,600,Sell,224077460
2024-07-18 09:15:50,23800.0,100,Sell,224077532
2024-07-18 09:15:50,23850.0,200,Buy,224077521
2024-07-18 09:15:50,23850.0,100,Buy,224077516
2024-07-18 09:15:50,23850.0,200,Buy,224077517
2024-07-18 09:15:50,23800.0,500,Sell,224077478
2024-07-18 09:15:52,23850.0,100,Sell,224077581
2024-07-18 09:15:55,23800.0,100,Sell,224077682
2024-07-18 09:15:59,23800.0,1000,Sell,224077825
2024-07-18 09:16:00,23800.0,1000,Buy,224077899
2024-07-18 09:16:00,23800.0,200,Sell,224077898
2024-07-18 09:16:00,23800.0,10000,Sell,224077897
2024-07-18 09:16:00,23800.0,300,Sell,224077896
2024-07-18 09:16:00,23800.0,2000,Sell,224077894
2024-07-18 09:16:00,23800.0,400,Sell,224077893
2024-07-18 09:16:00,23800.0,1000,Sell,224077892
2024-07-18 09:16:00,23800.0,200,Sell,224077855
2024-07-18 09:16:00,23800.0,600,Sell,224077895
2024-07-18 09:16:01,23800.0,1000,Buy,224077979
2024-07-18 09:16:02,23800.0,5000,Buy,224077997
2024-07-18 09:16:07,23800.0,100,Buy,224078185
2024-07-18 09:16:09,23800.0,200,Buy,224078237
2024-07-18 09:16:11,23800.0,300,Buy,224078317
2024-07-18 09:16:14,23800.0,1000,Buy,224078404
2024-07-18 09:16:14,23800.0,1500,Buy,224078402
2024-07-18 09:16:14,23800.0,1000,Buy,224078403
2024-07-18 09:16:14,23800.0,700,Buy,224078399
2024-07-18 09:16:14,23800.0,100,Buy,224078401
2024-07-18 09:16:14,23800.0,3900,Buy,224078400
2024-07-18 09:16:15,23800.0,1800,Sell,224078469
2024-07-18 09:16:17,23750.0,1700,Sell,224078520
2024-07-18 09:16:17,23750.0,100,Sell,224078521
2024-07-18 09:16:17,23750.0,5000,Sell,224078522
2024-07-18 09:16:17,23750.0,2000,Sell,224078523
2024-07-18 09:16:17,23750.0,89600,Sell,224078524
2024-07-18 09:16:17,23750.0,100,Sell,224078526
2024-07-18 09:16:17,23750.0,200,Sell,224078527
2024-07-18 09:16:17,23750.0,2000,Sell,224078528
2024-07-18 09:16:17,23750.0,1000,Sell,224078525
2024-07-18 09:16:19,23750.0,1300,Buy,224078646
2024-07-18 09:16:19,23750.0,500,Buy,224078647
2024-07-18 09:16:20,23750.0,3000,Buy,224078682
2024-07-18 09:16:23,23750.0,700,Buy,224078768
2024-07-18 09:16:30,23750.0,20000,Buy,224079006
2024-07-18 09:16:31,23750.0,200,Buy,224079024
2024-07-18 09:16:31,23750.0,300,Buy,224079015
2024-07-18 09:16:32,23750.0,100,Buy,224079048
2024-07-18 09:16:32,23700.0,2000,Sell,224079072
2024-07-18 09:16:33,23700.0,500,Sell,224079086
2024-07-18 09:16:33,23700.0,100,Sell,224079115
2024-07-18 09:16:35,23750.0,600,Buy,224079148
2024-07-18 09:16:35,23750.0,1200,Buy,224079149
2024-07-18 09:16:35,23750.0,100,Buy,224079150
2024-07-18 09:16:35,23750.0,100,Buy,224079151
2024-07-18 09:16:40,23750.0,100,Buy,224079404
2024-07-18 09:16:40,23750.0,1000,Buy,224079368
2024-07-18 09:16:40,23750.0,100,Buy,224079367
2024-07-18 09:16:40,23750.0,200,Buy,224079396
2024-07-18 09:16:45,23750.0,500,Buy,224079536
2024-07-18 09:16:45,23750.0,500,Buy,224079537
2024-07-18 09:16:46,23750.0,1000,Buy,224079585
2024-07-18 09:16:48,23750.0,100,Buy,224079680
2024-07-18 09:16:51,23750.0,2000,Buy,224079764
2024-07-18 09:16:51,23750.0,200,Buy,224079763
2024-07-18 09:16:51,23750.0,1600,Sell,224079783
2024-07-18 09:16:51,23750.0,200,Buy,224079761
2024-07-18 09:16:51,23750.0,500,Buy,224079760
2024-07-18 09:16:51,23750.0,200,Buy,224079762
2024-07-18 09:16:51,23750.0,3500,Buy,224079759
2024-07-18 09:16:52,23750.0,400,Sell,224079813
2024-07-18 09:16:54,23750.0,100,Sell,224079888
2024-07-18 09:16:54,23750.0,1400,Sell,224079874
2024-07-18 09:16:54,23750.0,300,Sell,224079875
2024-07-18 09:16:54,23750.0,1300,Sell,224079876
2024-07-18 09:16:57,23750.0,2000,Sell,224079952
2024-07-18 09:16:57,23750.0,700,Sell,224079953
2024-07-18 09:16:57,23750.0,600,Sell,224079954
2024-07-18 09:16:58,23750.0,100,Sell,224080029
2024-07-18 09:16:59,23800.0,200,Buy,224080038
2024-07-18 09:16:59,23800.0,400,Buy,224080039
2024-07-18 09:16:59,23800.0,5000,Buy,224080040
2024-07-18 09:16:59,23800.0,2000,Buy,224080041
2024-07-18 09:16:59,23800.0,600,Buy,224080042
2024-07-18 09:16:59,23800.0,5500,Buy,224080043
2024-07-18 09:16:59,23800.0,2000,Buy,224080044
2024-07-18 09:16:59,23800.0,2000,Buy,224080045
2024-07-18 09:17:00,23800.0,4400,Sell,224080098
2024-07-18 09:17:00,23800.0,1100,Sell,224080118
2024-07-18 09:17:01,23800.0,300,Sell,224080142
2024-07-18 09:17:01,23800.0,200,Sell,224080166
2024-07-18 09:17:02,23800.0,5000,Sell,224080178
2024-07-18 09:17:02,23800.0,1300,Sell,224080211
2024-07-18 09:17:07,23800.0,200,Buy,224080415
2024-07-18 09:17:07,23800.0,300,Buy,224080414
2024-07-18 09:17:09,23800.0,100,Buy,224080471
2024-07-18 09:17:09,23800.0,1600,Buy,224080472
2024-07-18 09:17:14,23800.0,100,Buy,224080684
2024-07-18 09:17:15,23800.0,2000,Buy,224080766
2024-07-18 09:17:16,23750.0,4900,Sell,224080809
2024-07-18 09:17:16,23750.0,100,Sell,224080808
2024-07-18 09:17:16,23750.0,200,Sell,224080807
2024-07-18 09:17:16,23750.0,2000,Sell,224080806
2024-07-18 09:17:16,23750.0,100,Sell,224080804
2024-07-18 09:17:16,23750.0,200,Sell,224080803
2024-07-18 09:17:16,23750.0,100,Sell,224080805
2024-07-18 09:17:17,23750.0,100,Sell,224080882
2024-07-18 09:17:17,23750.0,2300,Sell,224080883
2024-07-18 09:17:18,23750.0,600,Sell,224080922
2024-07-18 09:17:19,23750.0,100,Sell,224080966
2024-07-18 09:17:20,23800.0,500,Buy,224081001
2024-07-18 09:17:26,23800.0,100,Buy,224081235
2024-07-18 09:17:26,23800.0,100,Buy,224081236
2024-07-18 09:17:26,23800.0,3000,Buy,224081234
2024-07-18 09:17:26,23800.0,3000,Buy,224081231
2024-07-18 09:17:26,23800.0,5000,Buy,224081232
2024-07-18 09:17:26,23800.0,400,Buy,224081230
2024-07-18 09:17:26,23800.0,500,Buy,224081233
2024-07-18 09:17:26,23800.0,5800,Buy,224081229
2024-07-18 09:17:27,23800.0,2100,Sell,224081252
2024-07-18 09:17:27,23800.0,100,Sell,224081253
2024-07-18 09:17:34,23750.0,7600,Sell,224081564
2024-07-18 09:17:34,23750.0,1900,Sell,224081614
2024-07-18 09:17:35,23800.0,100,Buy,224081672
2024-07-18 09:17:36,23750.0,400,Sell,224081680
2024-07-18 09:17:36,23750.0,100,Sell,224081725
2024-07-18 09:17:43,23750.0,7000,Sell,224081966
2024-07-18 09:17:43,23750.0,100,Sell,224081968
2024-07-18 09:17:43,23750.0,500,Sell,224081967
2024-07-18 09:17:44,23750.0,1000,Sell,224081990
2024-07-18 09:17:44,23750.0,200,Sell,224081984
2024-07-18 09:17:44,23750.0,1000,Sell,224081985
2024-07-18 09:17:44,23750.0,300,Sell,224081986
2024-07-18 09:17:44,23750.0,100,Sell,224081987
2024-07-18 09:17:44,23750.0,200,Sell,224081988
2024-07-18 09:17:44,23750.0,3300,Sell,224081989
2024-07-18 09:17:47,23750.0,3100,Sell,224082135
2024-07-18 09:17:47,23750.0,9100,Buy,224082104
2024-07-18 09:17:47,23750.0,3400,Buy,224082105
2024-07-18 09:17:49,23750.0,100,Sell,224082216
2024-07-18 09:17:49,23750.0,700,Sell,224082167
2024-07-18 09:17:56,23750.0,3600,Sell,224082434
2024-07-18 09:17:56,23750.0,4000,Sell,224082435
2024-07-18 09:17:57,23750.0,6000,Sell,224082470
2024-07-18 09:17:57,23750.0,4000,Sell,224082471
2024-07-18 09:17:57,23750.0,1000,Sell,224082505
2024-07-18 09:17:57,23750.0,900,Sell,224082506
2024-07-18 09:17:58,23800.0,100,Buy,224082570
2024-07-18 09:17:58,23750.0,2900,Sell,224082564
2024-07-18 09:18:07,23750.0,500,Sell,224082913
2024-07-18 09:18:07,23750.0,500,Sell,224082914
2024-07-18 09:18:07,23750.0,500,Sell,224082915
2024-07-18 09:18:07,23750.0,100,Sell,224082916
2024-07-18 09:18:07,23750.0,100,Sell,224082917
2024-07-18 09:18:07,23750.0,1000,Sell,224082918
2024-07-18 09:18:07,23750.0,1000,Buy,224082952
2024-07-18 09:18:07,23750.0,500,Buy,224082953
2024-07-18 09:18:07,23750.0,1200,Sell,224082912
2024-07-18 09:18:08,23750.0,600,Buy,224083013
2024-07-18 09:18:09,23750.0,1000,Buy,224083050
2024-07-18 09:18:14,23750.0,400,Buy,224083183
2024-07-18 09:18:17,23700.0,200,Sell,224083282
2024-07-18 09:18:26,23700.0,7600,Sell,224083674
2024-07-18 09:18:27,23700.0,1900,Sell,224083705
2024-07-18 09:18:28,23700.0,400,Sell,224083750
2024-07-18 09:18:29,23700.0,100,Sell,224083806
2024-07-18 09:18:29,23750.0,1100,Buy,224083815
2024-07-18 09:18:33,23750.0,400,Buy,224083970
2024-07-18 09:18:33,23750.0,100,Buy,224083969
2024-07-18 09:18:33,23750.0,500,Buy,224083968
2024-07-18 09:18:33,23750.0,9500,Buy,224083947
2024-07-18 09:18:33,23750.0,100,Buy,224083945
2024-07-18 09:18:33,23750.0,100,Buy,224083944
2024-07-18 09:18:33,23750.0,100,Buy,224083943
2024-07-18 09:18:33,23750.0,200,Buy,224083946
2024-07-18 09:18:35,23750.0,1500,Buy,224084043
2024-07-18 09:18:35,23750.0,200,Buy,224084044
2024-07-18 09:18:35,23750.0,2600,Buy,224084045
2024-07-18 09:18:35,23750.0,100,Buy,224084046
2024-07-18 09:18:36,23750.0,4600,Sell,224084082
2024-07-18 09:18:37,23750.0,100,Buy,224084118
2024-07-18 09:18:38,23750.0,100,Buy,224084146
2024-07-18 09:18:40,23700.0,7600,Sell,224084222
2024-07-18 09:18:41,23750.0,200,Buy,224084282
2024-07-18 09:18:41,23750.0,1100,Buy,224084283
2024-07-18 09:18:41,23750.0,700,Buy,224084284
2024-07-18 09:18:42,23700.0,1900,Sell,224084291
2024-07-18 09:18:42,23750.0,400,Buy,224084309
2024-07-18 09:18:42,23750.0,100,Buy,224084310
2024-07-18 09:18:43,23700.0,100,Sell,224084362
2024-07-18 09:18:45,23750.0,100,Buy,224084426
2024-07-18 09:18:51,23750.0,100,Buy,224084675
2024-07-18 09:18:51,23750.0,1000,Buy,224084695
2024-07-18 09:18:52,23750.0,100,Buy,224084732
2024-07-18 09:18:55,23750.0,900,Buy,224084870
2024-07-18 09:18:55,23750.0,1100,Buy,224084871
2024-07-18 09:18:55,23750.0,400,Buy,224084872
2024-07-18 09:18:55,23750.0,1500,Buy,224084873
2024-07-18 09:18:56,23750.0,300,Buy,224084919
2024-07-18 09:19:00,23750.0,900,Buy,224085074
2024-07-18 09:19:00,23750.0,100,Buy,224085073
2024-07-18 09:19:00,23750.0,200,Buy,224085071
2024-07-18 09:19:00,23750.0,200,Buy,224085070
2024-07-18 09:19:00,23750.0,500,Buy,224085072
2024-07-18 09:19:01,23750.0,300,Sell,224085139
2024-07-18 09:19:01,23750.0,2700,Sell,224085140
2024-07-18 09:19:01,23700.0,4900,Sell,224085141
2024-07-18 09:19:01,23750.0,100,Sell,224085138
2024-07-18 09:19:02,23700.0,2000,Sell,224085197
2024-07-18 09:19:02,23700.0,500,Sell,224085228
2024-07-18 09:19:04,23700.0,100,Sell,224085287
2024-07-18 09:19:04,23750.0,100,Buy,224085305
2024-07-18 09:19:08,23750.0,600,Sell,224085541
2024-07-18 09:19:15,23750.0,500,Buy,224085823
2024-07-18 09:19:15,23750.0,500,Buy,224085825
2024-07-18 09:19:17,23700.0,100,Sell,224085875
2024-07-18 09:19:22,23700.0,100,Sell,224086114
2024-07-18 09:19:23,23750.0,1000,Buy,224086170
2024-07-18 09:19:28,23750.0,1500,Buy,224086393
2024-07-18 09:19:28,23750.0,1300,Buy,224086390
2024-07-18 09:19:28,23750.0,200,Buy,224086392
2024-07-18 09:19:28,23750.0,200,Buy,224086388
2024-07-18 09:19:28,23750.0,100,Buy,224086389
2024-07-18 09:19:28,23750.0,400,Buy,224086386
2024-07-18 09:19:28,23750.0,100,Buy,224086391
2024-07-18 09:19:28,23750.0,100,Buy,224086387
2024-07-18 09:19:29,23750.0,900,Sell,224086426
2024-07-18 09:19:29,23750.0,200,Sell,224086431
2024-07-18 09:19:29,23750.0,300,Buy,224086432
2024-07-18 09:19:30,23750.0,300,Sell,224086482
2024-07-18 09:19:39,23750.0,500,Sell,224086919
2024-07-18 09:19:40,23750.0,100,Sell,224086979
2024-07-18 09:19:41,23750.0,900,Sell,224087018
2024-07-18 09:19:41,23750.0,300,Sell,224087017
2024-07-18 09:19:41,23750.0,500,Sell,224087016
2024-07-18 09:19:41,23750.0,8300,Sell,224087015
2024-07-18 09:19:43,23750.0,1100,Sell,224087056
2024-07-18 09:19:43,23750.0,1000,Sell,224087057
2024-07-18 09:19:53,23750.0,400,Buy,224087575
2024-07-18 09:19:53,23750.0,500,Buy,224087576
2024-07-18 09:19:53,23750.0,100,Buy,224087577
2024-07-18 09:19:54,23750.0,500,Buy,224087629
2024-07-18 09:19:55,23750.0,1000,Buy,224087669
2024-07-18 09:19:59,23700.0,1000,Sell,224087839
2024-07-18 09:20:00,23700.0,200,Sell,224087882
2024-07-18 09:20:01,23750.0,200,Buy,224087886
2024-07-18 09:20:03,23750.0,100,Buy,224088013
2024-07-18 09:20:04,23700.0,2000,Sell,224088044
2024-07-18 09:20:04,23700.0,4200,Sell,224088045
2024-07-18 09:20:04,23700.0,1400,Sell,224088046
2024-07-18 09:20:06,23700.0,600,Sell,224088169
2024-07-18 09:20:06,23700.0,1300,Sell,224088170
2024-07-18 09:20:07,23700.0,400,Sell,224088201
2024-07-18 09:20:08,23700.0,200,Sell,224088264
2024-07-18 09:20:08,23700.0,200,Sell,224088265
2024-07-18 09:20:08,23700.0,100,Sell,224088266
2024-07-18 09:20:08,23700.0,1000,Sell,224088267
2024-07-18 09:20:08,23700.0,1500,Sell,224088268
2024-07-18 09:20:08,23700.0,100,Sell,224088272
2024-07-18 09:20:08,23700.0,100,Sell,224088270
2024-07-18 09:20:08,23700.0,2000,Sell,224088271
2024-07-18 09:20:08,23700.0,500,Sell,224088273
2024-07-18 09:20:08,23700.0,4600,Sell,224088274
2024-07-18 09:20:08,23700.0,2000,Sell,224088269
2024-07-18 09:20:08,23700.0,500,Sell,224088263
2024-07-18 09:20:08,23700.0,200,Sell,224088260
2024-07-18 09:20:08,23700.0,500,Sell,224088261
2024-07-18 09:20:08,23700.0,100,Sell,224088225
2024-07-18 09:20:08,23700.0,2200,Sell,224088250
2024-07-18 09:20:08,23700.0,1000,Sell,224088251
2024-07-18 09:20:08,23700.0,500,Sell,224088262
2024-07-18 09:20:08,23700.0,300,Sell,224088253
2024-07-18 09:20:08,23700.0,300,Sell,224088252
2024-07-18 09:20:08,23700.0,1000,Sell,224088255
2024-07-18 09:20:08,23700.0,200,Sell,224088256
2024-07-18 09:20:08,23700.0,1000,Sell,224088257
2024-07-18 09:20:08,23700.0,500,Sell,224088258
2024-07-18 09:20:08,23700.0,2200,Sell,224088259
2024-07-18 09:20:08,23700.0,100,Sell,224088254
2024-07-18 09:20:09,23700.0,700,Sell,224088370
2024-07-18 09:20:09,23700.0,800,Sell,224088369
2024-07-18 09:20:09,23700.0,400,Sell,224088368
2024-07-18 09:20:09,23700.0,100,Sell,224088366
2024-07-18 09:20:09,23700.0,100,Sell,224088365
2024-07-18 09:20:09,23700.0,200,Sell,224088367
2024-07-18 09:20:09,23700.0,300,Sell,224088363
2024-07-18 09:20:09,23700.0,1400,Sell,224088359
2024-07-18 09:20:09,23700.0,100,Sell,224088360
2024-07-18 09:20:09,23700.0,100,Sell,224088364
2024-07-18 09:20:09,23700.0,1400,Sell,224088362
2024-07-18 09:20:09,23700.0,100,Sell,224088361
2024-07-18 09:20:11,23700.0,100,Sell,224088433
2024-07-18 09:20:11,23700.0,1300,Sell,224088432
2024-07-18 09:20:12,23700.0,300,Sell,224088557
2024-07-18 09:20:15,23700.0,100,Sell,224088726
2024-07-18 09:20:15,23750.0,100,Buy,224088740
2024-07-18 09:20:16,23700.0,100,Sell,224088792
2024-07-18 09:20:26,23700.0,400,Sell,224089116
2024-07-18 09:20:26,23700.0,100,Sell,224089117
2024-07-18 09:20:27,23700.0,1000,Sell,224089151
2024-07-18 09:20:27,23700.0,2000,Sell,224089152
2024-07-18 09:20:27,23700.0,100,Sell,224089153
2024-07-18 09:20:27,23700.0,100,Sell,224089155
2024-07-18 09:20:27,23700.0,200,Sell,224089156
2024-07-18 09:20:27,23700.0,3700,Sell,224089157
2024-07-18 09:20:27,23700.0,500,Sell,224089154
2024-07-18 09:20:28,23700.0,100,Sell,224089207
2024-07-18 09:20:29,23700.0,1200,Sell,224089251
2024-07-18 09:20:29,23700.0,700,Sell,224089252
2024-07-18 09:20:30,23750.0,1500,Buy,224089332
2024-07-18 09:20:30,23750.0,500,Buy,224089333
2024-07-18 09:20:30,23700.0,100,Sell,224089305
2024-07-18 09:20:30,23700.0,300,Sell,224089303
2024-07-18 09:20:30,23700.0,100,Sell,224089304
2024-07-18 09:20:31,23700.0,100,Sell,224089412
2024-07-18 09:20:32,23700.0,500,Sell,224089449
2024-07-18 09:20:33,23700.0,100,Sell,224089569
2024-07-18 09:20:34,23750.0,500,Buy,224089634
2024-07-18 09:20:36,23700.0,900,Sell,224089693
2024-07-18 09:20:38,23700.0,200,Sell,224089741
2024-07-18 09:20:41,23700.0,7600,Sell,224089888
2024-07-18 09:20:41,23700.0,1900,Sell,224089916
2024-07-18 09:20:42,23700.0,400,Sell,224089968
2024-07-18 09:20:42,23700.0,100,Sell,224089995
2024-07-18 09:20:45,23700.0,400,Sell,224090096
2024-07-18 09:20:45,23700.0,500,Sell,224090095
2024-07-18 09:20:45,23700.0,3000,Sell,224090094
2024-07-18 09:20:45,23700.0,4000,Sell,224090093
2024-07-18 09:20:45,23700.0,500,Sell,224090092
2024-07-18 09:20:45,23700.0,100,Sell,224090091
2024-07-18 09:20:45,23700.0,500,Sell,224090089
2024-07-18 09:20:45,23700.0,2000,Sell,224090088
2024-07-18 09:20:45,23700.0,300,Sell,224090087
2024-07-18 09:20:45,23700.0,1000,Sell,224090086
2024-07-18 09:20:45,23700.0,3100,Sell,224090085
2024-07-18 09:20:45,23700.0,500,Sell,224090090
2024-07-18 09:20:47,23700.0,3100,Buy,224090200
2024-07-18 09:20:48,23700.0,400,Buy,224090215
2024-07-18 09:20:54,23650.0,7600,Sell,224090464
2024-07-18 09:20:54,23700.0,3000,Buy,224090516
2024-07-18 09:20:55,23650.0,1900,Sell,224090533
2024-07-18 09:20:56,23650.0,200,Sell,224090568
2024-07-18 09:20:56,23650.0,500,Sell,224090566
2024-07-18 09:20:56,23650.0,500,Sell,224090567
2024-07-18 09:20:57,23650.0,300,Sell,224090609
2024-07-18 09:21:06,23650.0,1000,Sell,224091067
2024-07-18 09:21:06,23650.0,1000,Sell,224091072
2024-07-18 09:21:07,23650.0,500,Sell,224091101
2024-07-18 09:21:09,23650.0,100,Sell,224091132
2024-07-18 09:21:11,23700.0,1000,Buy,224091198
2024-07-18 09:21:18,23600.0,2000,Sell,224091536
2024-07-18 09:21:18,23600.0,1900,Sell,224091589
2024-07-18 09:21:18,23700.0,3400,Buy,224091581
2024-07-18 09:21:18,23700.0,1600,Buy,224091580
2024-07-18 09:21:18,23600.0,2100,Sell,224091537
2024-07-18 09:21:18,23600.0,100,Sell,224091535
2024-07-18 09:21:18,23650.0,900,Sell,224091528
2024-07-18 09:21:18,23600.0,200,Sell,224091533
2024-07-18 09:21:18,23600.0,100,Sell,224091532
2024-07-18 09:21:18,23650.0,500,Sell,224091531
2024-07-18 09:21:18,23650.0,100,Sell,224091530
2024-07-18 09:21:18,23650.0,1500,Sell,224091529
2024-07-18 09:21:18,23600.0,100,Sell,224091534
2024-07-18 09:21:20,23600.0,1000,Sell,224091617
2024-07-18 09:21:20,23600.0,200,Sell,224091618
2024-07-18 09:21:20,23600.0,100,Sell,224091619
2024-07-18 09:21:20,23600.0,200,Sell,224091620
2024-07-18 09:21:20,23600.0,100,Sell,224091621
2024-07-18 09:21:20,23600.0,100,Sell,224091622
2024-07-18 09:21:20,23600.0,400,Sell,224091691
2024-07-18 09:21:20,23600.0,600,Sell,224091692
2024-07-18 09:21:21,23600.0,300,Sell,224091725
2024-07-18 09:21:21,23600.0,400,Sell,224091704
2024-07-18 09:21:29,23700.0,300,Buy,224091973
2024-07-18 09:21:29,23650.0,100,Sell,224091974
2024-07-18 09:21:29,23650.0,200,Buy,224091986
2024-07-18 09:21:31,23600.0,100,Buy,224092119
2024-07-18 09:21:31,23600.0,900,Sell,224092068
2024-07-18 09:21:31,23600.0,100,Sell,224092069
2024-07-18 09:21:31,23600.0,300,Sell,224092070
2024-07-18 09:21:32,23600.0,300,Buy,224092126
2024-07-18 09:21:32,23600.0,1600,Sell,224092161
2024-07-18 09:21:32,23600.0,6200,Buy,224092125
2024-07-18 09:21:33,23600.0,400,Sell,224092197
2024-07-18 09:21:34,23600.0,100,Sell,224092253
2024-07-18 09:21:40,23600.0,7600,Sell,224092527
2024-07-18 09:21:41,23600.0,1900,Sell,224092593
2024-07-18 09:21:42,23650.0,500,Buy,224092637
2024-07-18 09:21:42,23600.0,400,Sell,224092610
2024-07-18 09:21:43,23600.0,100,Sell,224092645
2024-07-18 09:21:44,23600.0,100,Sell,224092684
2024-07-18 09:21:44,23650.0,1500,Buy,224092711
2024-07-18 09:21:48,23600.0,7600,Sell,224092994
2024-07-18 09:21:49,23600.0,400,Sell,224093078
2024-07-18 09:21:49,23600.0,1900,Sell,224093045
2024-07-18 09:21:50,23600.0,100,Sell,224093123
2024-07-18 09:22:02,23600.0,500,Sell,224093522
2024-07-18 09:22:02,23600.0,100,Sell,224093523
2024-07-18 09:22:02,23600.0,300,Sell,224093524
2024-07-18 09:22:02,23600.0,500,Sell,224093525
2024-07-18 09:22:02,23600.0,100,Sell,224093526
2024-07-18 09:22:02,23600.0,21300,Sell,224093521
2024-07-18 09:22:03,23600.0,1400,Sell,224093621
2024-07-18 09:22:03,23600.0,4500,Sell,224093582
2024-07-18 09:22:03,23600.0,200,Sell,224093581
2024-07-18 09:22:03,23600.0,200,Sell,224093580
2024-07-18 09:22:03,23600.0,100,Sell,224093578
2024-07-18 09:22:03,23600.0,400,Sell,224093577
2024-07-18 09:22:03,23600.0,100,Sell,224093576
2024-07-18 09:22:03,23600.0,200,Sell,224093579
2024-07-18 09:22:05,23600.0,300,Sell,224093680
2024-07-18 09:22:06,23600.0,7600,Sell,224093756
2024-07-18 09:22:06,23600.0,1900,Sell,224093780
2024-07-18 09:22:08,23600.0,400,Sell,224093831
2024-07-18 09:22:09,23600.0,100,Sell,224093856
2024-07-18 09:22:15,23650.0,600,Buy,224094148
2024-07-18 09:22:20,23600.0,200,Sell,224094343
2024-07-18 09:22:27,23600.0,3600,Sell,224094586
2024-07-18 09:22:27,23600.0,100,Sell,224094587
2024-07-18 09:22:27,23600.0,100,Sell,224094588
2024-07-18 09:22:27,23600.0,300,Sell,224094591
2024-07-18 09:22:27,23650.0,100,Buy,224094611
2024-07-18 09:22:28,23600.0,700,Sell,224094615
2024-07-18 09:22:28,23600.0,100,Sell,224094616
2024-07-18 09:22:28,23600.0,200,Sell,224094617
2024-07-18 09:22:28,23600.0,100,Sell,224094634
2024-07-18 09:22:28,23600.0,100,Sell,224094635
2024-07-18 09:22:38,23650.0,100,Buy,224095028
2024-07-18 09:22:44,23650.0,100,Buy,224095252
2024-07-18 09:22:55,23600.0,100,Sell,224095734
2024-07-18 09:22:59,23600.0,1200,Sell,224095840
2024-07-18 09:23:00,23600.0,300,Sell,224095900
2024-07-18 09:23:04,23650.0,1500,Buy,224096069
2024-07-18 09:23:04,23650.0,100,Buy,224096068
2024-07-18 09:23:04,23650.0,2200,Buy,224096067
2024-07-18 09:23:04,23650.0,100,Buy,224096066
2024-07-18 09:23:04,23650.0,100,Buy,224096065
2024-07-18 09:23:04,23650.0,100,Buy,224096054
2024-07-18 09:23:04,23650.0,100,Buy,224096057
2024-07-18 09:23:04,23650.0,100,Buy,224096056
2024-07-18 09:23:04,23650.0,100,Buy,224096055
2024-07-18 09:23:04,23650.0,200,Buy,224096053
2024-07-18 09:23:04,23650.0,300,Buy,224096042
2024-07-18 09:23:04,23650.0,200,Buy,224096051
2024-07-18 09:23:04,23650.0,100,Buy,224096046
2024-07-18 09:23:04,23650.0,100,Buy,224096045
2024-07-18 09:23:04,23650.0,200,Buy,224096044
2024-07-18 09:23:04,23650.0,400,Buy,224096043
2024-07-18 09:23:04,23650.0,600,Buy,224096030
2024-07-18 09:23:04,23650.0,100,Buy,224096029
2024-07-18 09:23:04,23650.0,100,Buy,224096028
2024-07-18 09:23:04,23650.0,100,Buy,224096027
2024-07-18 09:23:04,23650.0,1000,Buy,224096024
2024-07-18 09:23:04,23650.0,100,Buy,224096052
2024-07-18 09:23:05,23650.0,200,Buy,224096095
2024-07-18 09:23:05,23650.0,400,Buy,224096094
2024-07-18 09:23:05,23650.0,300,Buy,224096093
2024-07-18 09:23:05,23650.0,200,Buy,224096092
2024-07-18 09:23:05,23650.0,200,Buy,224096091
2024-07-18 09:23:05,23650.0,100,Buy,224096082
2024-07-18 09:23:05,23650.0,1700,Buy,224096074
2024-07-18 09:23:05,23650.0,500,Buy,224096083
2024-07-18 09:23:05,23650.0,100,Buy,224096081
2024-07-18 09:23:05,23650.0,200,Buy,224096080
2024-07-18 09:23:09,23650.0,700,Buy,224096224
2024-07-18 09:23:12,23600.0,200,Sell,224096312
2024-07-18 09:23:16,23650.0,100,Buy,224096447
2024-07-18 09:23:18,23600.0,100,Sell,224096507
2024-07-18 09:23:23,23650.0,1000,Buy,224096723
2024-07-18 09:23:23,23650.0,400,Buy,224096745
2024-07-18 09:23:42,23650.0,200,Buy,224097588
2024-07-18 09:23:42,23650.0,200,Buy,224097587
2024-07-18 09:23:42,23650.0,100,Buy,224097586
2024-07-18 09:23:42,23650.0,100,Buy,224097585
2024-07-18 09:23:42,23650.0,100,Buy,224097584
2024-07-18 09:23:42,23650.0,100,Buy,224097583
2024-07-18 09:23:42,23650.0,100,Buy,224097573
2024-07-18 09:23:42,23650.0,100,Buy,224097571
2024-07-18 09:23:42,23650.0,200,Buy,224097572
2024-07-18 09:23:42,23650.0,100,Buy,224097569
2024-07-18 09:23:42,23650.0,100,Buy,224097534
2024-07-18 09:23:42,23650.0,100,Buy,224097568
2024-07-18 09:23:42,23650.0,100,Buy,224097567
2024-07-18 09:23:42,23650.0,100,Buy,224097560
2024-07-18 09:23:42,23650.0,100,Buy,224097559
2024-07-18 09:23:42,23650.0,100,Buy,224097556
2024-07-18 09:23:42,23650.0,700,Buy,224097536
2024-07-18 09:23:42,23650.0,200,Buy,224097535
2024-07-18 09:23:42,23650.0,100,Buy,224097570
2024-07-18 09:23:43,23650.0,200,Buy,224097640
2024-07-18 09:23:43,23650.0,100,Buy,224097641
2024-07-18 09:23:43,23650.0,100,Buy,224097642
2024-07-18 09:23:43,23650.0,500,Buy,224097643
2024-07-18 09:23:43,23650.0,200,Buy,224097660
2024-07-18 09:23:43,23650.0,200,Buy,224097658
2024-07-18 09:23:43,23650.0,100,Buy,224097659
2024-07-18 09:23:43,23650.0,100,Buy,224097661
2024-07-18 09:23:43,23650.0,100,Buy,224097631
2024-07-18 09:23:43,23650.0,200,Buy,224097654
2024-07-18 09:23:43,23650.0,100,Buy,224097630
2024-07-18 09:23:43,23650.0,100,Buy,224097633
2024-07-18 09:23:43,23650.0,100,Buy,224097628
2024-07-18 09:23:43,23650.0,100,Buy,224097629
2024-07-18 09:23:43,23650.0,100,Buy,224097592
2024-07-18 09:23:43,23650.0,200,Buy,224097593
2024-07-18 09:23:43,23650.0,100,Buy,224097594
2024-07-18 09:23:43,23650.0,300,Buy,224097595
2024-07-18 09:23:43,23650.0,200,Buy,224097596
2024-07-18 09:23:43,23650.0,100,Buy,224097632
2024-07-18 09:23:43,23650.0,100,Buy,224097598
2024-07-18 09:23:43,23650.0,1200,Buy,224097599
2024-07-18 09:23:43,23650.0,100,Buy,224097600
2024-07-18 09:23:43,23650.0,200,Buy,224097627
2024-07-18 09:23:43,23650.0,300,Buy,224097597
2024-07-18 09:23:44,23650.0,300,Buy,224097690
2024-07-18 09:23:44,23650.0,200,Buy,224097687
2024-07-18 09:23:44,23650.0,100,Buy,224097684
2024-07-18 09:23:44,23650.0,100,Buy,224097679
2024-07-18 09:23:44,23650.0,200,Buy,224097691
2024-07-18 09:23:44,23650.0,100,Buy,224097674
2024-07-18 09:23:44,23650.0,100,Buy,224097673
2024-07-18 09:23:44,23650.0,200,Buy,224097672
2024-07-18 09:23:44,23650.0,1400,Buy,224097664
2024-07-18 09:23:44,23650.0,600,Buy,224097663
2024-07-18 09:23:44,23650.0,2500,Buy,224097678
2024-07-18 09:23:51,23650.0,2000,Buy,224097918
2024-07-18 09:23:52,23650.0,300,Buy,224097970
2024-07-18 09:24:05,23650.0,100,Buy,224098592
2024-07-18 09:24:05,23650.0,100,Buy,224098591
2024-07-18 09:24:05,23650.0,100,Buy,224098590
2024-07-18 09:24:05,23650.0,2800,Buy,224098589
2024-07-18 09:24:05,23650.0,1000,Buy,224098588
2024-07-18 09:24:05,23650.0,500,Buy,224098587
2024-07-18 09:24:05,23650.0,200,Buy,224098586
2024-07-18 09:24:05,23650.0,1600,Buy,224098584
2024-07-18 09:24:05,23650.0,1300,Buy,224098583
2024-07-18 09:24:05,23650.0,200,Buy,224098582
2024-07-18 09:24:05,23650.0,900,Buy,224098580
2024-07-18 09:24:05,23650.0,500,Buy,224098585
2024-07-18 09:24:05,23650.0,500,Buy,224098581
2024-07-18 09:24:06,23650.0,2400,Sell,224098636
2024-07-18 09:24:06,23650.0,600,Sell,224098696
2024-07-18 09:24:07,23650.0,100,Sell,224098749
2024-07-18 09:24:07,23650.0,2000,Sell,224098750
2024-07-18 09:24:09,23650.0,500,Sell,224098807
2024-07-18 09:24:10,23650.0,100,Sell,224098844
2024-07-18 09:24:18,23650.0,700,Sell,224099121
2024-07-18 09:24:19,23650.0,100,Sell,224099178
2024-07-18 09:24:21,23700.0,200,Buy,224099231
2024-07-18 09:24:21,23700.0,300,Buy,224099232
2024-07-18 09:24:24,23650.0,500,Sell,224099318
2024-07-18 09:24:25,23650.0,100,Sell,224099358
2024-07-18 09:24:28,23650.0,100,Sell,224099450
2024-07-18 09:24:31,23700.0,400,Buy,224099522
2024-07-18 09:24:31,23700.0,100,Buy,224099523
2024-07-18 09:24:31,23700.0,100,Buy,224099524
2024-07-18 09:24:31,23700.0,100,Buy,224099525
2024-07-18 09:24:31,23700.0,200,Buy,224099526
2024-07-18 09:24:31,23700.0,200,Buy,224099527
2024-07-18 09:24:31,23700.0,100,Buy,224099528
2024-07-18 09:24:31,23700.0,800,Buy,224099529
2024-07-18 09:24:37,23650.0,5000,Sell,224099733
2024-07-18 09:24:37,23650.0,1200,Sell,224099751
2024-07-18 09:24:39,23650.0,300,Sell,224099805
2024-07-18 09:24:45,23700.0,100,Buy,224100055
2024-07-18 09:24:45,23700.0,100,Buy,224100054
2024-07-18 09:24:45,23700.0,500,Buy,224100053
2024-07-18 09:24:45,23700.0,100,Buy,224100052
2024-07-18 09:24:45,23700.0,100,Buy,224100051
2024-07-18 09:24:45,23700.0,1000,Buy,224100049
2024-07-18 09:24:45,23700.0,1000,Buy,224100050
2024-07-18 09:24:45,23700.0,5000,Buy,224100048
2024-07-18 09:24:45,23700.0,100,Buy,224100044
2024-07-18 09:24:45,23700.0,2000,Buy,224100046
2024-07-18 09:24:45,23700.0,100,Buy,224100045
2024-07-18 09:24:45,23700.0,500,Buy,224100042
2024-07-18 09:24:45,23700.0,100,Buy,224100041
2024-07-18 09:24:45,23700.0,300,Buy,224100040
2024-07-18 09:24:45,23700.0,200,Buy,224100039
2024-07-18 09:24:45,23700.0,400,Buy,224100047
2024-07-18 09:24:45,23700.0,200,Buy,224100043
2024-07-18 09:24:48,23700.0,2900,Sell,224100124
2024-07-18 09:24:48,23700.0,700,Sell,224100148
2024-07-18 09:24:49,23700.0,100,Sell,224100184
2024-07-18 09:24:50,23700.0,2000,Sell,224100194
2024-07-18 09:24:52,23650.0,500,Sell,224100264
2024-07-18 09:24:52,23650.0,200,Sell,224100267
2024-07-18 09:24:52,23650.0,2000,Sell,224100266
2024-07-18 09:24:52,23650.0,100,Sell,224100265
2024-07-18 09:24:52,23650.0,2000,Sell,224100263
2024-07-18 09:24:52,23650.0,100,Sell,224100261
2024-07-18 09:24:52,23700.0,500,Sell,224100245
2024-07-18 09:24:52,23650.0,5000,Sell,224100262
2024-07-18 09:24:52,23650.0,2700,Sell,224100260
2024-07-18 09:24:52,23700.0,2000,Sell,224100246
2024-07-18 09:24:58,23600.0,200,Sell,224100481
2024-07-18 09:25:02,23650.0,100,Buy,224100595
2024-07-18 09:25:07,23650.0,2000,Buy,224100846
2024-07-18 09:25:13,23650.0,100,Buy,224101086
2024-07-18 09:25:14,23650.0,2000,Buy,224101108
2024-07-18 09:25:20,23650.0,100,Buy,224101301
2024-07-18 09:25:22,23600.0,2000,Sell,224101437
2024-07-18 09:25:22,23600.0,100,Sell,224101436
2024-07-18 09:25:22,23600.0,1500,Sell,224101435
2024-07-18 09:25:22,23600.0,100,Sell,224101433
2024-07-18 09:25:22,23600.0,200,Sell,224101432
2024-07-18 09:25:22,23600.0,2000,Sell,224101434
2024-07-18 09:25:22,23600.0,200,Sell,224101400
2024-07-18 09:25:30,23650.0,100,Buy,224101668
2024-07-18 09:25:31,23650.0,100,Buy,224101743
2024-07-18 09:25:37,23700.0,100,Buy,224101945
2024-07-18 09:25:47,23650.0,100,Buy,224102363
2024-07-18 09:25:50,23650.0,300,Buy,224102540
2024-07-18 09:25:58,23650.0,100,Buy,224102832
2024-07-18 09:26:04,23650.0,2700,Buy,224103021
2024-07-18 09:26:06,23650.0,100,Buy,224103093
2024-07-18 09:26:07,23650.0,100,Buy,224103102
2024-07-18 09:26:15,23650.0,100,Buy,224103406
2024-07-18 09:26:30,23650.0,200,Buy,224103981
2024-07-18 09:26:42,23600.0,300,Sell,224104360
2024-07-18 09:26:57,23650.0,15600,Buy,224104808
2024-07-18 09:27:05,23650.0,2000,Buy,224105082
2024-07-18 09:27:08,23650.0,200,Buy,224105184
2024-07-18 09:27:08,23600.0,800,Sell,224105175
2024-07-18 09:27:08,23600.0,2000,Sell,224105174
2024-07-18 09:27:08,23600.0,300,Sell,224105170
2024-07-18 09:27:08,23600.0,400,Sell,224105172
2024-07-18 09:27:08,23600.0,500,Sell,224105171
2024-07-18 09:27:08,23600.0,800,Sell,224105169
2024-07-18 09:27:08,23600.0,200,Sell,224105173
2024-07-18 09:27:12,23650.0,1100,Buy,224105334
2024-07-18 09:27:15,23600.0,100,Sell,224105439
2024-07-18 09:27:19,23600.0,200,Sell,224105609
2024-07-18 09:27:19,23600.0,100,Sell,224105606
2024-07-18 09:27:19,23600.0,100,Sell,224105607
2024-07-18 09:27:19,23600.0,100,Sell,224105608
2024-07-18 09:27:25,23650.0,200,Buy,224105789
2024-07-18 09:27:31,23600.0,200,Sell,224106002
2024-07-18 09:27:31,23600.0,5600,Sell,224105989
2024-07-18 09:27:31,23600.0,2300,Sell,224105985
2024-07-18 09:27:31,23600.0,500,Sell,224105987
2024-07-18 09:27:31,23600.0,500,Sell,224105988
2024-07-18 09:27:31,23600.0,100,Sell,224105986
2024-07-18 09:27:36,23600.0,100,Sell,224106180
2024-07-18 09:27:50,23600.0,2900,Sell,224106601
2024-07-18 09:27:50,23600.0,600,Sell,224106602
2024-07-18 09:27:50,23600.0,100,Sell,224106603
2024-07-18 09:27:50,23600.0,100,Sell,224106604
2024-07-18 09:27:50,23600.0,200,Sell,224106605
2024-07-18 09:27:50,23600.0,100,Sell,224106600
2024-07-18 09:27:52,23600.0,500,Sell,224106645
2024-07-18 09:28:04,23600.0,200,Sell,224106991
2024-07-18 09:28:13,23600.0,1000,Sell,224107349
2024-07-18 09:28:20,23600.0,300,Sell,224107524
2024-07-18 09:28:20,23600.0,300,Sell,224107525
2024-07-18 09:28:22,23650.0,100,Buy,224107583
2024-07-18 09:28:28,23600.0,200,Sell,224107747
2024-07-18 09:28:31,23600.0,800,Sell,224107814
2024-07-18 09:28:35,23650.0,2500,Buy,224107914
2024-07-18 09:28:43,23600.0,1900,Sell,224108278
2024-07-18 09:28:43,23600.0,200,Sell,224108277
2024-07-18 09:28:43,23600.0,200,Sell,224108276
2024-07-18 09:28:43,23600.0,600,Sell,224108275
2024-07-18 09:28:43,23600.0,200,Sell,224108270
2024-07-18 09:28:43,23600.0,200,Sell,224108274
2024-07-18 09:28:43,23600.0,1000,Sell,224108273
2024-07-18 09:28:43,23600.0,100,Sell,224108272
2024-07-18 09:28:43,23600.0,100,Sell,224108271
2024-07-18 09:28:43,23600.0,100,Sell,224108269
2024-07-18 09:28:43,23600.0,100,Sell,224108262
2024-07-18 09:28:43,23600.0,300,Sell,224108267
2024-07-18 09:28:43,23600.0,500,Sell,224108266
2024-07-18 09:28:43,23600.0,100,Sell,224108265
2024-07-18 09:28:43,23600.0,100,Sell,224108264
2024-07-18 09:28:43,23600.0,400,Sell,224108263
2024-07-18 09:28:43,23600.0,1000,Sell,224108260
2024-07-18 09:28:43,23600.0,100,Sell,224108259
2024-07-18 09:28:43,23600.0,700,Sell,224108258
2024-07-18 09:28:43,23600.0,100,Sell,224108268
2024-07-18 09:28:43,23600.0,2000,Sell,224108261
2024-07-18 09:28:44,23600.0,1000,Sell,224108308
2024-07-18 09:28:46,23600.0,100,Sell,224108371
2024-07-18 09:28:49,23600.0,200,Sell,224108513
2024-07-18 09:28:50,23600.0,100,Sell,224108524
2024-07-18 09:28:53,23600.0,1000,Sell,224108614
2024-07-18 09:29:13,23600.0,500,Sell,224109252
2024-07-18 09:29:14,23600.0,400,Sell,224109263
2024-07-18 09:29:24,23600.0,1000,Sell,224109705
2024-07-18 09:29:28,23600.0,100,Sell,224109932
2024-07-18 09:29:34,23600.0,1000,Sell,224110106
2024-07-18 09:29:34,23600.0,400,Sell,224110115
2024-07-18 09:29:39,23600.0,100,Sell,224110246
2024-07-18 09:29:41,23600.0,200,Sell,224110326
2024-07-18 09:29:49,23650.0,300,Buy,224110540
2024-07-18 09:29:49,23650.0,2000,Buy,224110539
2024-07-18 09:29:49,23650.0,200,Buy,224110538
2024-07-18 09:29:49,23650.0,4600,Buy,224110536
2024-07-18 09:29:49,23650.0,200,Buy,224110537
2024-07-18 09:29:51,23600.0,300,Sell,224110645
2024-07-18 09:30:02,23650.0,100,Buy,224111028
2024-07-18 09:30:05,23600.0,100,Sell,224111150
2024-07-18 09:30:12,23600.0,100,Sell,224111370
2024-07-18 09:30:29,23650.0,4100,Buy,224111972
2024-07-18 09:30:29,23650.0,500,Buy,224111971
2024-07-18 09:30:29,23650.0,400,Buy,224111970
2024-07-18 09:30:34,23650.0,2400,Buy,224112132
2024-07-18 09:30:34,23650.0,100,Buy,224112131
2024-07-18 09:30:34,23650.0,6900,Buy,224112126
2024-07-18 09:30:34,23650.0,1000,Buy,224112129
2024-07-18 09:30:34,23650.0,200,Buy,224112128
2024-07-18 09:30:34,23650.0,200,Buy,224112130
2024-07-18 09:30:35,23650.0,100,Buy,224112151
2024-07-18 09:30:35,23650.0,500,Buy,224112152
2024-07-18 09:30:35,23650.0,1000,Buy,224112154
2024-07-18 09:30:35,23650.0,300,Buy,224112155
2024-07-18 09:30:35,23650.0,100,Buy,224112153
2024-07-18 09:30:41,23650.0,1400,Buy,224112449
2024-07-18 09:30:41,23650.0,4700,Buy,224112444
2024-07-18 09:30:41,23650.0,2500,Buy,224112445
2024-07-18 09:30:41,23650.0,400,Buy,224112446
2024-07-18 09:30:41,23650.0,1000,Buy,224112447
2024-07-18 09:30:41,23650.0,800,Buy,224112448
2024-07-18 09:30:43,23650.0,100,Buy,224112501
2024-07-18 09:30:51,23650.0,100,Buy,224112743
2024-07-18 09:31:02,23650.0,5000,Buy,224113061
2024-07-18 09:31:02,23650.0,3400,Buy,224113059
2024-07-18 09:31:02,23650.0,1600,Buy,224113060
2024-07-18 09:31:05,23650.0,100,Buy,224113123
2024-07-18 09:31:05,23650.0,900,Buy,224113124
2024-07-18 09:31:11,23650.0,7400,Buy,224113304
2024-07-18 09:31:11,23650.0,300,Buy,224113305
2024-07-18 09:31:11,23650.0,3100,Buy,224113306
2024-07-18 09:31:13,23650.0,1900,Buy,224113351
2024-07-18 09:31:13,23650.0,100,Buy,224113352
2024-07-18 09:31:17,23650.0,500,Buy,224113489
2024-07-18 09:31:21,23600.0,2000,Sell,224113603
2024-07-18 09:31:23,23600.0,100,Sell,224113677
2024-07-18 09:31:23,23650.0,100,Buy,224113671
2024-07-18 09:31:24,23650.0,1500,Buy,224113679
2024-07-18 09:31:24,23650.0,900,Buy,224113713
2024-07-18 09:31:24,23650.0,1200,Buy,224113714
2024-07-18 09:31:25,23650.0,100,Sell,224113727
2024-07-18 09:31:26,23650.0,300,Sell,224113756
2024-07-18 09:31:26,23650.0,100,Sell,224113757
2024-07-18 09:31:51,23650.0,200,Sell,224114409
2024-07-18 09:31:52,23650.0,2000,Sell,224114432
2024-07-18 09:32:04,23700.0,100,Buy,224114769
2024-07-18 09:32:04,23700.0,100,Buy,224114770
2024-07-18 09:32:04,23700.0,100,Buy,224114771
2024-07-18 09:32:04,23700.0,1700,Buy,224114773
2024-07-18 09:32:04,23700.0,200,Buy,224114774
2024-07-18 09:32:04,23700.0,300,Buy,224114775
2024-07-18 09:32:04,23700.0,700,Buy,224114776
2024-07-18 09:32:04,23700.0,300,Buy,224114777
2024-07-18 09:32:04,23700.0,100,Buy,224114778
2024-07-18 09:32:04,23700.0,1000,Buy,224114760
2024-07-18 09:32:05,23700.0,100,Buy,224114817
2024-07-18 09:32:05,23700.0,100,Buy,224114816
2024-07-18 09:32:05,23700.0,100,Buy,224114818
2024-07-18 09:32:05,23700.0,100,Buy,224114819
2024-07-18 09:32:05,23700.0,100,Buy,224114827
2024-07-18 09:32:05,23700.0,400,Buy,224114821
2024-07-18 09:32:05,23700.0,100,Buy,224114825
2024-07-18 09:32:05,23700.0,100,Buy,224114826
2024-07-18 09:32:05,23700.0,300,Buy,224114828
2024-07-18 09:32:05,23700.0,100,Buy,224114820
2024-07-18 09:32:05,23700.0,100,Buy,224114815
2024-07-18 09:32:05,23700.0,300,Buy,224114797
2024-07-18 09:32:05,23700.0,1500,Buy,224114800
2024-07-18 09:32:05,23700.0,100,Buy,224114799
2024-07-18 09:32:05,23700.0,300,Buy,224114798
2024-07-18 09:32:05,23700.0,100,Buy,224114796
2024-07-18 09:32:05,23700.0,200,Buy,224114795
2024-07-18 09:32:05,23700.0,100,Buy,224114789
2024-07-18 09:32:05,23700.0,200,Buy,224114788
2024-07-18 09:32:05,23700.0,200,Buy,224114787
2024-07-18 09:32:05,23700.0,300,Buy,224114786
2024-07-18 09:32:05,23700.0,100,Buy,224114785
2024-07-18 09:32:05,23700.0,200,Buy,224114784
2024-07-18 09:32:05,23700.0,100,Buy,224114814
2024-07-18 09:32:06,23700.0,200,Buy,224114844
2024-07-18 09:32:06,23700.0,200,Buy,224114843
2024-07-18 09:32:06,23700.0,200,Buy,224114841
2024-07-18 09:32:06,23700.0,100,Buy,224114840
2024-07-18 09:32:06,23700.0,600,Buy,224114839
2024-07-18 09:32:06,23700.0,200,Buy,224114837
2024-07-18 09:32:06,23700.0,700,Buy,224114836
2024-07-18 09:32:06,23700.0,100,Buy,224114835
2024-07-18 09:32:06,23700.0,700,Buy,224114834
2024-07-18 09:32:06,23700.0,100,Buy,224114833
2024-07-18 09:32:06,23700.0,800,Buy,224114838
2024-07-18 09:32:20,23700.0,200,Buy,224115287
2024-07-18 09:32:20,23700.0,400,Buy,224115288
2024-07-18 09:32:21,23700.0,300,Buy,224115305
2024-07-18 09:32:21,23700.0,500,Buy,224115293
2024-07-18 09:32:21,23700.0,700,Buy,224115304
2024-07-18 09:32:23,23700.0,700,Buy,224115356
2024-07-18 09:32:23,23700.0,300,Buy,224115357
2024-07-18 09:32:28,23700.0,1800,Buy,224115568
2024-07-18 09:32:28,23700.0,800,Buy,224115572
2024-07-18 09:32:28,23700.0,300,Buy,224115571
2024-07-18 09:32:28,23700.0,1700,Buy,224115570
2024-07-18 09:32:28,23700.0,100,Buy,224115569
2024-07-18 09:32:28,23700.0,100,Buy,224115567
2024-07-18 09:32:28,23700.0,2000,Buy,224115566
2024-07-18 09:32:28,23700.0,200,Buy,224115565
2024-07-18 09:32:28,23700.0,100,Buy,224115559
2024-07-18 09:32:28,23700.0,500,Buy,224115560
2024-07-18 09:32:28,23700.0,500,Buy,224115561
2024-07-18 09:32:28,23700.0,200,Buy,224115558
2024-07-18 09:32:28,23700.0,1000,Buy,224115563
2024-07-18 09:32:28,23700.0,200,Buy,224115564
2024-07-18 09:32:28,23700.0,500,Buy,224115562
2024-07-18 09:32:37,23700.0,200,Buy,224115799
2024-07-18 09:32:37,23700.0,300,Buy,224115800
2024-07-18 09:32:37,23700.0,600,Buy,224115801
2024-07-18 09:32:37,23700.0,300,Buy,224115811
2024-07-18 09:32:39,23700.0,1100,Buy,224115857
2024-07-18 09:32:39,23700.0,2000,Buy,224115858
2024-07-18 09:32:39,23700.0,900,Buy,224115859
2024-07-18 09:32:42,23700.0,2100,Buy,224115951
2024-07-18 09:32:42,23700.0,400,Buy,224115952
2024-07-18 09:32:44,23700.0,200,Buy,224116022
2024-07-18 09:32:44,23700.0,100,Buy,224116023
2024-07-18 09:32:51,23700.0,100,Buy,224116244
2024-07-18 09:32:55,23700.0,800,Buy,224116379
2024-07-18 09:32:55,23700.0,200,Buy,224116378
2024-07-18 09:33:06,23650.0,100,Sell,224116759
2024-07-18 09:33:07,23700.0,100,Buy,224116785
2024-07-18 09:33:07,23700.0,100,Buy,224116784
2024-07-18 09:33:07,23700.0,100,Buy,224116783
2024-07-18 09:33:07,23700.0,1000,Buy,224116780
2024-07-18 09:33:07,23700.0,600,Buy,224116781
2024-07-18 09:33:07,23700.0,200,Buy,224116779
2024-07-18 09:33:07,23700.0,1900,Buy,224116782
2024-07-18 09:33:08,23700.0,4900,Buy,224116807
2024-07-18 09:33:09,23700.0,100,Sell,224116847
2024-07-18 09:33:18,23700.0,2000,Sell,224117128
2024-07-18 09:33:38,23700.0,800,Sell,224117606
2024-07-18 09:33:38,23750.0,100,Buy,224117607
2024-07-18 09:33:38,23750.0,4900,Buy,224117608
2024-07-18 09:33:43,23700.0,600,Sell,224117740
2024-07-18 09:33:56,23700.0,500,Sell,224118099
2024-07-18 09:33:57,23700.0,100,Sell,224118121
2024-07-18 09:33:57,23700.0,900,Sell,224118122
2024-07-18 09:33:58,23700.0,100,Sell,224118164
2024-07-18 09:34:01,23700.0,200,Sell,224118223
2024-07-18 09:34:02,23700.0,300,Sell,224118228
2024-07-18 09:34:04,23700.0,500,Sell,224118291
2024-07-18 09:34:04,23700.0,200,Sell,224118299
2024-07-18 09:34:04,23700.0,500,Sell,224118298
2024-07-18 09:34:04,23700.0,1000,Sell,224118297
2024-07-18 09:34:04,23700.0,1000,Sell,224118296
2024-07-18 09:34:04,23700.0,1100,Sell,224118290
2024-07-18 09:34:04,23700.0,500,Sell,224118294
2024-07-18 09:34:04,23700.0,800,Sell,224118293
2024-07-18 09:34:04,23700.0,300,Sell,224118292
2024-07-18 09:34:04,23700.0,500,Sell,224118295
2024-07-18 09:34:05,23700.0,300,Buy,224118343
2024-07-18 09:34:10,23700.0,4000,Buy,224118434
2024-07-18 09:34:13,23700.0,900,Buy,224118521
2024-07-18 09:34:15,23700.0,1000,Buy,224118557
2024-07-18 09:34:26,23700.0,100,Buy,224118861
2024-07-18 09:34:27,23700.0,1000,Buy,224118905
2024-07-18 09:34:28,23700.0,1300,Buy,224118934
2024-07-18 09:34:28,23700.0,2000,Buy,224118935
2024-07-18 09:34:28,23700.0,100,Buy,224118936
2024-07-18 09:34:34,23700.0,700,Sell,224119087
2024-07-18 09:34:38,23700.0,100,Sell,224119206
2024-07-18 09:34:38,23700.0,100,Sell,224119205
2024-07-18 09:34:38,23700.0,100,Sell,224119204
2024-07-18 09:34:43,23700.0,100,Buy,224119337
2024-07-18 09:34:46,23650.0,600,Sell,224119393
2024-07-18 09:34:46,23700.0,600,Buy,224119412
2024-07-18 09:34:46,23700.0,400,Buy,224119413
2024-07-18 09:35:11,23700.0,500,Buy,224120059
2024-07-18 09:35:24,23700.0,100,Buy,224120376
2024-07-18 09:35:24,23700.0,300,Buy,224120377
2024-07-18 09:35:24,23700.0,500,Buy,224120378
2024-07-18 09:35:37,23700.0,500,Buy,224120653
2024-07-18 09:35:42,23700.0,100,Buy,224120749
2024-07-18 09:35:42,23700.0,400,Buy,224120750
2024-07-18 09:35:42,23700.0,2600,Buy,224120747
2024-07-18 09:35:42,23700.0,500,Buy,224120740
2024-07-18 09:35:42,23700.0,500,Buy,224120745
2024-07-18 09:35:42,23700.0,15000,Buy,224120744
2024-07-18 09:35:42,23700.0,2000,Buy,224120743
2024-07-18 09:35:42,23700.0,100,Buy,224120746
2024-07-18 09:35:42,23700.0,900,Buy,224120748
2024-07-18 09:35:52,23700.0,100,Sell,224120984
2024-07-18 09:35:53,23700.0,1000,Sell,224121011
2024-07-18 09:35:53,23700.0,3200,Sell,224121010
2024-07-18 09:35:53,23700.0,15800,Sell,224121012
2024-07-18 09:35:54,23700.0,100,Sell,224121044
2024-07-18 09:36:10,23700.0,5000,Sell,224121455
2024-07-18 09:36:11,23700.0,200,Sell,224121478
2024-07-18 09:36:15,23750.0,5100,Buy,224121660
2024-07-18 09:36:15,23750.0,2500,Buy,224121661
2024-07-18 09:36:24,23750.0,500,Buy,224121943
2024-07-18 09:36:34,23750.0,100,Buy,224122218
2024-07-18 09:36:34,23750.0,200,Buy,224122219
2024-07-18 09:36:34,23750.0,100,Buy,224122220
2024-07-18 09:36:34,23750.0,100,Buy,224122221
2024-07-18 09:36:34,23750.0,500,Buy,224122222
2024-07-18 09:36:47,23750.0,1800,Buy,224122557
2024-07-18 09:36:47,23750.0,200,Buy,224122558
2024-07-18 09:36:49,23750.0,2500,Buy,224122603
2024-07-18 09:36:49,23750.0,100,Buy,224122602
2024-07-18 09:36:49,23750.0,300,Buy,224122601
2024-07-18 09:36:49,23750.0,900,Buy,224122599
2024-07-18 09:36:49,23750.0,100,Buy,224122597
2024-07-18 09:36:49,23750.0,1000,Buy,224122600
2024-07-18 09:36:49,23750.0,100,Buy,224122598
2024-07-18 09:36:50,23750.0,13000,Buy,224122615
2024-07-18 09:36:54,23750.0,100,Buy,224122707
2024-07-18 09:36:56,23750.0,10000,Buy,224122753
2024-07-18 09:36:57,23750.0,1100,Buy,224122777
2024-07-18 09:37:04,23750.0,200,Buy,224122933
2024-07-18 09:37:08,23750.0,10000,Buy,224123085
2024-07-18 09:37:16,23750.0,500,Buy,224123291
2024-07-18 09:37:17,23750.0,200,Buy,224123341
2024-07-18 09:37:27,23750.0,14000,Buy,224123631
2024-07-18 09:37:39,23750.0,400,Buy,224123913
2024-07-18 09:37:40,23700.0,100,Sell,224123944
2024-07-18 09:37:41,23700.0,100,Sell,224123955
2024-07-18 09:37:46,23750.0,300,Buy,224124116
2024-07-18 09:37:47,23750.0,3000,Buy,224124158
2024-07-18 09:37:47,23750.0,1000,Buy,224124152
2024-07-18 09:37:50,23750.0,1000,Buy,224124236
2024-07-18 09:37:53,23750.0,1100,Buy,224124299
2024-07-18 09:37:53,23750.0,900,Buy,224124300
2024-07-18 09:37:53,23750.0,500,Buy,224124301
2024-07-18 09:37:53,23750.0,100,Buy,224124302
2024-07-18 09:37:53,23750.0,4600,Buy,224124298
2024-07-18 09:37:55,23750.0,200,Buy,224124368
2024-07-18 09:37:58,23700.0,400,Sell,224124456
2024-07-18 09:38:02,23750.0,500,Buy,224124533
2024-07-18 09:38:03,23750.0,200,Buy,224124560
2024-07-18 09:38:03,23750.0,700,Buy,224124561
2024-07-18 09:38:03,23750.0,100,Buy,224124562
2024-07-18 09:38:11,23750.0,200,Buy,224124818
2024-07-18 09:38:19,23700.0,100,Sell,224125036
2024-07-18 09:38:21,23750.0,100,Buy,224125083
2024-07-18 09:38:23,23700.0,200,Sell,224125142
2024-07-18 09:38:28,23700.0,100,Sell,224125359
2024-07-18 09:38:28,23700.0,900,Sell,224125360
2024-07-18 09:38:28,23700.0,1600,Sell,224125357
2024-07-18 09:38:28,23700.0,4000,Sell,224125356
2024-07-18 09:38:28,23700.0,1000,Sell,224125358
2024-07-18 09:38:34,23700.0,1000,Sell,224125517
2024-07-18 09:38:38,23700.0,500,Sell,224125601
2024-07-18 09:38:41,23700.0,1000,Sell,224125706
2024-07-18 09:38:41,23700.0,300,Sell,224125705
2024-07-18 09:38:41,23700.0,3200,Sell,224125707
2024-07-18 09:38:41,23700.0,1000,Sell,224125703
2024-07-18 09:38:41,23700.0,1100,Sell,224125702
2024-07-18 09:38:41,23700.0,1000,Sell,224125704
2024-07-18 09:38:48,23700.0,5000,Sell,224125925
2024-07-18 09:38:48,23750.0,300,Buy,224125928
2024-07-18 09:38:51,23750.0,200,Buy,224125996
2024-07-18 09:39:04,23750.0,1200,Buy,224126368
2024-07-18 09:39:04,23750.0,200,Buy,224126369
2024-07-18 09:39:07,23700.0,100,Sell,224126440
2024-07-18 09:39:07,23700.0,1600,Sell,224126438
2024-07-18 09:39:07,23700.0,2000,Sell,224126439
2024-07-18 09:39:07,23700.0,2000,Sell,224126441
2024-07-18 09:39:07,23700.0,100,Sell,224126437
2024-07-18 09:39:07,23700.0,300,Sell,224126443
2024-07-18 09:39:07,23700.0,100,Sell,224126444
2024-07-18 09:39:07,23700.0,1500,Sell,224126446
2024-07-18 09:39:07,23700.0,2000,Sell,224126442
2024-07-18 09:39:07,23700.0,1500,Sell,224126436
2024-07-18 09:39:07,23700.0,100,Sell,224126445
2024-07-18 09:39:07,23700.0,200,Sell,224126434
2024-07-18 09:39:07,23700.0,1200,Sell,224126433
2024-07-18 09:39:07,23700.0,1000,Sell,224126432
2024-07-18 09:39:07,23700.0,10000,Sell,224126431
2024-07-18 09:39:07,23700.0,100,Sell,224126430
2024-07-18 09:39:07,23700.0,3000,Sell,224126429
2024-07-18 09:39:07,23700.0,200,Sell,224126428
2024-07-18 09:39:07,23700.0,20000,Sell,224126427
2024-07-18 09:39:07,23700.0,500,Sell,224126426
2024-07-18 09:39:07,23700.0,500,Sell,224126435
2024-07-18 09:39:07,23700.0,200,Sell,224126425
2024-07-18 09:39:07,23700.0,1800,Sell,224126424
2024-07-18 09:39:09,23750.0,200,Buy,224126501
2024-07-18 09:39:11,23700.0,500,Sell,224126579
2024-07-18 09:39:15,23700.0,1000,Buy,224126660
2024-07-18 09:39:15,23700.0,2000,Buy,224126649
2024-07-18 09:39:26,23700.0,100,Buy,224126891
2024-07-18 09:39:37,23700.0,100,Buy,224127147
2024-07-18 09:39:41,23700.0,100,Buy,224127246
2024-07-18 09:39:44,23650.0,400,Sell,224127337
2024-07-18 09:39:44,23650.0,700,Sell,224127336
2024-07-18 09:39:44,23650.0,100,Sell,224127335
2024-07-18 09:39:44,23650.0,500,Sell,224127334
2024-07-18 09:39:44,23650.0,500,Sell,224127333
2024-07-18 09:39:44,23650.0,1500,Sell,224127326
2024-07-18 09:39:44,23650.0,100,Sell,224127331
2024-07-18 09:39:44,23650.0,400,Sell,224127330
2024-07-18 09:39:44,23650.0,1000,Sell,224127329
2024-07-18 09:39:44,23650.0,500,Sell,224127328
2024-07-18 09:39:44,23650.0,1400,Sell,224127327
2024-07-18 09:39:44,23650.0,500,Sell,224127332
2024-07-18 09:39:45,23700.0,2000,Buy,224127378
2024-07-18 09:39:51,23700.0,500,Buy,224127558
2024-07-18 09:39:54,23700.0,700,Buy,224127640
2024-07-18 09:39:57,23700.0,500,Buy,224127689
2024-07-18 09:40:04,23650.0,200,Sell,224127838
2024-07-18 09:40:06,23700.0,200,Buy,224127892
2024-07-18 09:40:06,23700.0,100,Buy,224127891
2024-07-18 09:40:06,23700.0,100,Buy,224127890
2024-07-18 09:40:06,23700.0,100,Buy,224127889
2024-07-18 09:40:07,23700.0,200,Buy,224127930
2024-07-18 09:40:15,23700.0,800,Sell,224128097
2024-07-18 09:40:15,23700.0,200,Sell,224128098
2024-07-18 09:40:21,23700.0,1800,Sell,224128293
2024-07-18 09:40:21,23650.0,4400,Sell,224128294
2024-07-18 09:40:21,23650.0,1400,Sell,224128295
2024-07-18 09:40:25,23650.0,200,Sell,224128391
2024-07-18 09:40:33,23650.0,200,Sell,224128583
2024-07-18 09:40:34,23750.0,300,Buy,224128616
2024-07-18 09:40:42,23700.0,100,Buy,224128871
2024-07-18 09:40:50,23700.0,100,Sell,224129144
2024-07-18 09:41:07,23700.0,1000,Sell,224129621
2024-07-18 09:41:11,23700.0,200,Sell,224129679
2024-07-18 09:41:14,23700.0,100,Sell,224129751
2024-07-18 09:41:16,23700.0,5000,Sell,224129791
2024-07-18 09:41:27,23700.0,1000,Sell,224130095
2024-07-18 09:41:27,23700.0,200,Sell,224130096
2024-07-18 09:41:27,23700.0,3000,Sell,224130094
2024-07-18 09:41:27,23700.0,100,Sell,224130092
2024-07-18 09:41:27,23700.0,100,Sell,224130093
2024-07-18 09:41:27,23700.0,3200,Sell,224130091
2024-07-18 09:41:32,23700.0,100,Sell,224130265
2024-07-18 09:41:34,23700.0,6600,Sell,224130339
2024-07-18 09:41:34,23700.0,900,Buy,224130338
2024-07-18 09:41:38,23700.0,1100,Buy,224130461
2024-07-18 09:41:43,23700.0,2000,Buy,224130589
2024-07-18 09:41:47,23700.0,100,Buy,224130691
2024-07-18 09:41:58,23700.0,300,Buy,224130917
2024-07-18 09:42:09,23700.0,200,Buy,224131177
2024-07-18 09:42:37,23700.0,400,Buy,224132012
2024-07-18 09:42:42,23650.0,200,Sell,224132100
2024-07-18 09:42:57,23650.0,100,Sell,224132529
2024-07-18 09:43:04,23700.0,1100,Buy,224132702
2024-07-18 09:43:24,23700.0,600,Buy,224133052
2024-07-18 09:43:24,23700.0,9000,Buy,224133053
2024-07-18 09:43:24,23700.0,300,Buy,224133054
2024-07-18 09:43:52,23700.0,500,Buy,224133655
2024-07-18 09:43:53,23700.0,500,Buy,224133672
2024-07-18 09:43:53,23700.0,100,Buy,224133671
2024-07-18 09:43:53,23700.0,100,Buy,224133670
2024-07-18 09:43:53,23700.0,200,Buy,224133668
2024-07-18 09:43:53,23700.0,100,Buy,224133669
2024-07-18 09:43:54,23700.0,200,Buy,224133685
2024-07-18 09:44:11,23650.0,200,Sell,224134039
2024-07-18 09:44:43,23650.0,200,Sell,224134640
2024-07-18 09:44:52,23650.0,200,Sell,224134889
2024-07-18 09:44:55,23650.0,400,Sell,224134977
2024-07-18 09:45:05,23650.0,400,Sell,224135219
2024-07-18 09:45:05,23650.0,100,Sell,224135220
2024-07-18 09:45:26,23650.0,1000,Sell,224135712
2024-07-18 09:45:26,23650.0,500,Sell,224135713
2024-07-18 09:45:26,23650.0,100,Sell,224135714
2024-07-18 09:45:26,23650.0,500,Sell,224135715
2024-07-18 09:45:26,23650.0,100,Sell,224135716
2024-07-18 09:45:26,23650.0,1500,Sell,224135717
2024-07-18 09:45:26,23650.0,100,Sell,224135711
2024-07-18 09:45:37,23700.0,100,Buy,224136017
2024-07-18 09:45:38,23650.0,200,Sell,224136029
2024-07-18 09:45:44,23650.0,500,Sell,224136169
2024-07-18 09:45:44,23650.0,300,Sell,224136168
2024-07-18 09:45:44,23650.0,200,Sell,224136170
2024-07-18 09:45:57,23650.0,800,Sell,224136493
2024-07-18 09:46:06,23650.0,100,Sell,224136760
2024-07-18 09:46:06,23650.0,6200,Sell,224136783
2024-07-18 09:46:06,23650.0,2300,Sell,224136782
2024-07-18 09:46:06,23650.0,200,Sell,224136781
2024-07-18 09:46:06,23650.0,50000,Sell,224136780
2024-07-18 09:46:06,23650.0,100,Sell,224136779
2024-07-18 09:46:06,23650.0,4000,Sell,224136759
2024-07-18 09:46:06,23650.0,2000,Sell,224136776
2024-07-18 09:46:06,23650.0,4000,Sell,224136775
2024-07-18 09:46:06,23650.0,700,Sell,224136774
2024-07-18 09:46:06,23650.0,300,Sell,224136773
2024-07-18 09:46:06,23650.0,1000,Sell,224136772
2024-07-18 09:46:06,23650.0,400,Sell,224136778
2024-07-18 09:46:06,23650.0,300,Sell,224136770
2024-07-18 09:46:06,23650.0,10000,Sell,224136771
2024-07-18 09:46:06,23650.0,100,Sell,224136761
2024-07-18 09:46:06,23650.0,500,Sell,224136762
2024-07-18 09:46:06,23650.0,300,Sell,224136763
2024-07-18 09:46:06,23650.0,300,Sell,224136764
2024-07-18 09:46:06,23650.0,100,Sell,224136777
2024-07-18 09:46:06,23650.0,100,Sell,224136766
2024-07-18 09:46:06,23650.0,1000,Sell,224136767
2024-07-18 09:46:06,23650.0,1000,Sell,224136768
2024-07-18 09:46:06,23650.0,1000,Sell,224136769
2024-07-18 09:46:06,23650.0,14000,Sell,224136765
2024-07-18 09:46:22,23650.0,3300,Sell,224137240
2024-07-18 09:46:22,23650.0,1000,Sell,224137239
2024-07-18 09:46:22,23650.0,100,Sell,224137238
2024-07-18 09:46:22,23650.0,100,Sell,224137236
2024-07-18 09:46:22,23650.0,100,Sell,224137235
2024-07-18 09:46:22,23650.0,100,Sell,224137237
2024-07-18 09:46:22,23650.0,300,Sell,224137234
2024-07-18 09:46:39,23650.0,800,Sell,224137644
2024-07-18 09:46:56,23700.0,200,Buy,224137998
2024-07-18 09:46:56,23700.0,3800,Buy,224137999
2024-07-18 09:46:58,23650.0,1000,Sell,224138039
2024-07-18 09:47:02,23650.0,200,Sell,224138137
2024-07-18 09:47:28,23650.0,1000,Sell,224138656
2024-07-18 09:47:43,23650.0,1000,Sell,224138967
2024-07-18 09:48:00,23650.0,800,Sell,224139314
2024-07-18 09:48:15,23650.0,200,Sell,224139715
2024-07-18 09:48:16,23650.0,1700,Sell,224139724
2024-07-18 09:48:16,23650.0,300,Sell,224139725
2024-07-18 09:48:17,23650.0,19700,Sell,224139751
2024-07-18 09:48:17,23650.0,5300,Sell,224139752
2024-07-18 09:48:41,23650.0,100,Sell,224140256
2024-07-18 09:48:49,23650.0,500,Sell,224140420
2024-07-18 09:49:10,23650.0,2000,Sell,224140921
2024-07-18 09:49:13,23650.0,200,Sell,224140997
2024-07-18 09:49:22,23650.0,100,Sell,224141184
2024-07-18 09:49:25,23650.0,200,Sell,224141234
2024-07-18 09:49:38,23650.0,1000,Sell,224141502
2024-07-18 09:50:02,23650.0,3900,Sell,224142006
2024-07-18 09:50:02,23650.0,20000,Sell,224142005
2024-07-18 09:50:02,23650.0,100,Sell,224142004
2024-07-18 09:50:02,23650.0,100,Sell,224142003
2024-07-18 09:50:02,23650.0,1200,Sell,224142002
2024-07-18 09:50:02,23650.0,10000,Sell,224142001
2024-07-18 09:50:02,23650.0,1000,Sell,224141999
2024-07-18 09:50:02,23650.0,6000,Sell,224141998
2024-07-18 09:50:02,23650.0,1100,Sell,224141997
2024-07-18 09:50:02,23650.0,1000,Sell,224141996
2024-07-18 09:50:02,23650.0,20600,Sell,224141995
2024-07-18 09:50:02,23650.0,5000,Sell,224142000
2024-07-18 09:50:03,23650.0,300,Sell,224142033
2024-07-18 09:50:09,23650.0,100,Sell,224142168
2024-07-18 09:50:15,23650.0,100,Sell,224142293
2024-07-18 09:50:15,23650.0,200,Sell,224142292
2024-07-18 09:50:15,23650.0,200,Sell,224142289
2024-07-18 09:50:15,23650.0,100,Sell,224142290
2024-07-18 09:50:15,23650.0,700,Sell,224142288
2024-07-18 09:50:15,23650.0,500,Sell,224142291
2024-07-18 09:50:23,23650.0,100,Buy,224142509
2024-07-18 09:50:45,23650.0,100,Buy,224143107
2024-07-18 09:50:45,23650.0,100,Buy,224143108
2024-07-18 09:50:45,23650.0,500,Buy,224143109
2024-07-18 09:50:45,23650.0,1300,Sell,224143110
2024-07-18 09:51:04,23650.0,500,Buy,224143502
2024-07-18 09:51:04,23650.0,1700,Buy,224143501
2024-07-18 09:51:10,23650.0,100,Sell,224143669
2024-07-18 09:51:17,23650.0,27000,Sell,224143867
2024-07-18 09:51:22,23650.0,200,Sell,224144012
2024-07-18 09:51:27,23650.0,200,Sell,224144100
2024-07-18 09:51:56,23700.0,3000,Buy,224144697
2024-07-18 09:52:09,23650.0,100,Sell,224145005
2024-07-18 09:52:13,23700.0,100,Buy,224145098
2024-07-18 09:52:38,23700.0,1000,Buy,224145804
2024-07-18 09:53:32,23650.0,200,Sell,224147031
2024-07-18 09:53:34,23650.0,11000,Sell,224147068
2024-07-18 09:53:34,23650.0,74000,Sell,224147069
2024-07-18 09:53:34,23650.0,200,Sell,224147070
2024-07-18 09:53:34,23650.0,1000,Sell,224147071
2024-07-18 09:53:34,23650.0,200,Sell,224147072
2024-07-18 09:53:34,23650.0,1000,Sell,224147073
2024-07-18 09:53:36,23650.0,200,Buy,224147127
2024-07-18 09:54:13,23650.0,100,Buy,224147878
2024-07-18 09:54:13,23650.0,300,Buy,224147877
2024-07-18 09:54:13,23650.0,100,Buy,224147876
2024-07-18 09:54:13,23650.0,200,Buy,224147875
2024-07-18 09:54:13,23650.0,200,Buy,224147873
2024-07-18 09:54:13,23650.0,300,Buy,224147868
2024-07-18 09:54:13,23650.0,100,Buy,224147867
2024-07-18 09:54:13,23650.0,1000,Buy,224147862
2024-07-18 09:54:13,23650.0,100,Buy,224147874
2024-07-18 09:54:14,23650.0,300,Buy,224147898
2024-07-18 09:54:14,23650.0,100,Buy,224147909
2024-07-18 09:54:14,23650.0,200,Buy,224147908
2024-07-18 09:54:14,23650.0,100,Buy,224147907
2024-07-18 09:54:14,23650.0,1500,Buy,224147906
2024-07-18 09:54:14,23650.0,100,Buy,224147905
2024-07-18 09:54:14,23650.0,100,Buy,224147901
2024-07-18 09:54:14,23650.0,600,Buy,224147900
2024-07-18 09:54:14,23650.0,100,Buy,224147899
2024-07-18 09:54:14,23650.0,100,Buy,224147897
2024-07-18 09:54:14,23650.0,200,Buy,224147886
2024-07-18 09:54:14,23650.0,300,Buy,224147895
2024-07-18 09:54:14,23650.0,200,Buy,224147894
2024-07-18 09:54:14,23650.0,100,Buy,224147893
2024-07-18 09:54:14,23650.0,400,Buy,224147892
2024-07-18 09:54:14,23650.0,100,Buy,224147887
2024-07-18 09:54:14,23650.0,100,Buy,224147885
2024-07-18 09:54:14,23650.0,200,Buy,224147884
2024-07-18 09:54:14,23650.0,100,Buy,224147883
2024-07-18 09:54:14,23650.0,2500,Buy,224147882
2024-07-18 09:54:14,23650.0,100,Buy,224147896
2024-07-18 09:54:15,23650.0,400,Buy,224147927
2024-07-18 09:54:15,23650.0,100,Buy,224147933
2024-07-18 09:54:15,23650.0,200,Buy,224147929
2024-07-18 09:54:15,23650.0,100,Buy,224147928
2024-07-18 09:54:15,23650.0,100,Buy,224147926
2024-07-18 09:54:15,23650.0,600,Buy,224147917
2024-07-18 09:54:15,23650.0,1400,Buy,224147924
2024-07-18 09:54:15,23650.0,100,Buy,224147914
2024-07-18 09:54:15,23650.0,100,Buy,224147915
2024-07-18 09:54:15,23650.0,400,Buy,224147925
2024-07-18 09:54:15,23650.0,100,Buy,224147923
2024-07-18 09:54:15,23650.0,200,Buy,224147916
2024-07-18 09:54:25,23650.0,200,Buy,224148158
2024-07-18 09:55:17,23650.0,800,Buy,224149340
2024-07-18 09:55:39,23600.0,500,Sell,224149789
2024-07-18 09:55:43,23600.0,100,Sell,224149857
2024-07-18 09:55:43,23600.0,100,Sell,224149858
2024-07-18 09:56:27,23650.0,200,Buy,224150927
2024-07-18 09:56:27,23650.0,200,Buy,224150934
2024-07-18 09:56:27,23650.0,1200,Buy,224150933
2024-07-18 09:56:27,23650.0,100,Buy,224150932
2024-07-18 09:56:27,23650.0,300,Buy,224150931
2024-07-18 09:56:27,23650.0,1400,Buy,224150930
2024-07-18 09:56:27,23650.0,100,Buy,224150929
2024-07-18 09:56:27,23650.0,200,Buy,224150928
2024-07-18 09:56:27,23650.0,600,Buy,224150925
2024-07-18 09:56:27,23650.0,300,Buy,224150924
2024-07-18 09:56:27,23650.0,200,Buy,224150923
2024-07-18 09:56:27,23650.0,300,Buy,224150921
2024-07-18 09:56:27,23650.0,1500,Buy,224150920
2024-07-18 09:56:27,23650.0,200,Buy,224150919
2024-07-18 09:56:27,23650.0,1300,Buy,224150918
2024-07-18 09:56:27,23650.0,400,Buy,224150917
2024-07-18 09:56:27,23650.0,2000,Buy,224150913
2024-07-18 09:56:27,23650.0,3500,Buy,224150926
2024-07-18 09:56:28,23650.0,500,Buy,224150955
2024-07-18 09:56:28,23650.0,300,Buy,224150959
2024-07-18 09:56:28,23650.0,400,Buy,224150960
2024-07-18 09:56:28,23650.0,600,Buy,224150970
2024-07-18 09:56:28,23650.0,300,Buy,224150962
2024-07-18 09:56:28,23650.0,500,Buy,224150963
2024-07-18 09:56:28,23650.0,200,Buy,224150964
2024-07-18 09:56:28,23650.0,200,Buy,224150961
2024-07-18 09:56:28,23650.0,100,Buy,224150953
2024-07-18 09:56:28,23650.0,800,Buy,224150954
2024-07-18 09:56:28,23650.0,500,Buy,224150950
2024-07-18 09:56:28,23650.0,100,Buy,224150951
2024-07-18 09:56:28,23650.0,100,Buy,224150940
2024-07-18 09:56:28,23650.0,100,Buy,224150941
2024-07-18 09:56:28,23650.0,400,Buy,224150942
2024-07-18 09:56:28,23650.0,200,Buy,224150943
2024-07-18 09:56:28,23650.0,200,Buy,224150949
2024-07-18 09:56:28,23650.0,100,Buy,224150945
2024-07-18 09:56:28,23650.0,100,Buy,224150947
2024-07-18 09:56:28,23650.0,100,Buy,224150948
2024-07-18 09:56:28,23650.0,100,Buy,224150944
2024-07-18 09:56:29,23650.0,600,Buy,224150989
2024-07-18 09:56:29,23650.0,100,Buy,224150988
2024-07-18 09:56:29,23650.0,5000,Buy,224150986
2024-07-18 09:56:29,23650.0,300,Buy,224150981
2024-07-18 09:56:29,23650.0,400,Buy,224150980
2024-07-18 09:56:29,23650.0,100,Buy,224150976
2024-07-18 09:56:29,23650.0,600,Buy,224150975
2024-07-18 09:56:29,23650.0,600,Buy,224150974
2024-07-18 09:56:29,23650.0,100,Buy,224150973
2024-07-18 09:56:29,23650.0,400,Buy,224150979
2024-07-18 09:56:38,23600.0,500,Sell,224151173
2024-07-18 09:56:45,23650.0,2000,Buy,224151385
2024-07-18 09:57:02,23600.0,9500,Sell,224151740
2024-07-18 09:57:02,23600.0,400,Sell,224151738
2024-07-18 09:57:02,23600.0,100,Sell,224151739
2024-07-18 09:57:13,23650.0,200,Buy,224151953
2024-07-18 09:57:21,23600.0,300,Sell,224152100
2024-07-18 09:57:31,23600.0,100,Sell,224152289
2024-07-18 09:57:45,23650.0,500,Buy,224152632
2024-07-18 09:57:52,23600.0,200,Sell,224152868
2024-07-18 09:58:05,23650.0,3100,Buy,224153106
2024-07-18 09:58:05,23650.0,100,Buy,224153107
2024-07-18 09:58:12,23650.0,300,Buy,224153210
2024-07-18 09:58:12,23650.0,100,Buy,224153215
2024-07-18 09:58:12,23650.0,300,Buy,224153214
2024-07-18 09:58:12,23650.0,6000,Buy,224153212
2024-07-18 09:58:12,23650.0,3000,Buy,224153211
2024-07-18 09:58:12,23650.0,2500,Buy,224153209
2024-07-18 09:58:12,23650.0,2000,Buy,224153213
2024-07-18 09:58:12,23650.0,5900,Buy,224153207
2024-07-18 09:58:12,23650.0,200,Buy,224153206
2024-07-18 09:58:12,23650.0,1000,Buy,224153205
2024-07-18 09:58:12,23650.0,100,Buy,224153208
2024-07-18 09:58:12,23650.0,5500,Buy,224153204
2024-07-18 09:58:12,23650.0,20000,Buy,224153203
2024-07-18 09:58:12,23650.0,100,Buy,224153202
2024-07-18 09:58:39,23650.0,2000,Sell,224153880
2024-07-18 09:58:39,23650.0,3000,Sell,224153878
2024-07-18 09:58:39,23650.0,500,Sell,224153879
2024-07-18 09:58:47,23650.0,100,Buy,224154090
2024-07-18 09:58:56,23650.0,3000,Buy,224154322
2024-07-18 09:58:59,23650.0,1000,Buy,224154355
2024-07-18 09:59:15,23650.0,200,Buy,224154742
2024-07-18 09:59:32,23600.0,200,Sell,224155341
2024-07-18 10:00:02,23600.0,200,Sell,224156198
2024-07-18 10:00:10,23600.0,300,Sell,224156423
2024-07-18 10:00:10,23600.0,200,Sell,224156424
2024-07-18 10:00:20,23650.0,300,Buy,224156640
2024-07-18 10:00:20,23600.0,300,Sell,224156646
2024-07-18 10:00:20,23600.0,300,Sell,224156647
2024-07-18 10:00:20,23600.0,1400,Sell,224156648
2024-07-18 10:00:24,23600.0,600,Sell,224156728
2024-07-18 10:00:24,23600.0,400,Sell,224156729
2024-07-18 10:00:27,23600.0,1000,Sell,224156786
2024-07-18 10:00:36,23600.0,6000,Sell,224157020
2024-07-18 10:00:39,23600.0,5400,Sell,224157069
2024-07-18 10:00:39,23600.0,18800,Sell,224157085
2024-07-18 10:00:39,23600.0,100,Sell,224157084
2024-07-18 10:00:39,23600.0,200,Sell,224157083
2024-07-18 10:00:39,23600.0,100,Sell,224157082
2024-07-18 10:00:39,23600.0,300,Sell,224157081
2024-07-18 10:00:39,23600.0,200,Sell,224157080
2024-07-18 10:00:39,23600.0,100,Sell,224157078
2024-07-18 10:00:39,23600.0,100,Sell,224157079
2024-07-18 10:00:39,23600.0,5000,Sell,224157076
2024-07-18 10:00:39,23600.0,500,Sell,224157075
2024-07-18 10:00:39,23600.0,200,Sell,224157074
2024-07-18 10:00:39,23600.0,100,Sell,224157073
2024-07-18 10:00:39,23600.0,1000,Sell,224157072
2024-07-18 10:00:39,23600.0,3800,Sell,224157070
2024-07-18 10:00:39,23600.0,100,Sell,224157077
2024-07-18 10:00:39,23600.0,4000,Sell,224157071
2024-07-18 10:00:50,23600.0,200,Sell,224157337
2024-07-18 10:00:58,23650.0,100,Buy,224157506
2024-07-18 10:01:00,23600.0,7000,Sell,224157525
2024-07-18 10:01:06,23650.0,5000,Buy,224157697
2024-07-18 10:01:13,23650.0,1000,Buy,224157849
2024-07-18 10:01:18,23600.0,200,Sell,224157946
2024-07-18 10:01:18,23600.0,2100,Sell,224157968
2024-07-18 10:01:18,23600.0,100,Sell,224157967
2024-07-18 10:01:18,23600.0,100,Sell,224157966
2024-07-18 10:01:18,23600.0,100,Sell,224157965
2024-07-18 10:01:18,23600.0,500,Sell,224157964
2024-07-18 10:01:18,23600.0,700,Sell,224157963
2024-07-18 10:01:18,23600.0,300,Sell,224157962
2024-07-18 10:01:18,23600.0,100,Sell,224157961
2024-07-18 10:01:18,23600.0,100,Sell,224157960
2024-07-18 10:01:18,23600.0,500,Sell,224157959
2024-07-18 10:01:18,23600.0,100,Sell,224157958
2024-07-18 10:01:18,23600.0,4000,Sell,224157945
2024-07-18 10:01:18,23600.0,500,Sell,224157956
2024-07-18 10:01:18,23600.0,2000,Sell,224157947
2024-07-18 10:01:18,23600.0,500,Sell,224157948
2024-07-18 10:01:18,23600.0,100,Sell,224157949
2024-07-18 10:01:18,23600.0,100,Sell,224157950
2024-07-18 10:01:18,23600.0,500,Sell,224157957
2024-07-18 10:01:18,23600.0,300,Sell,224157952
2024-07-18 10:01:18,23600.0,300,Sell,224157955
2024-07-18 10:01:18,23600.0,400,Sell,224157951
2024-07-18 10:01:18,23600.0,100,Sell,224157953
2024-07-18 10:01:18,23600.0,100,Sell,224157954
2024-07-18 10:01:19,23600.0,500,Sell,224157983
2024-07-18 10:01:23,23650.0,100,Buy,224158158
2024-07-18 10:01:23,23650.0,100,Buy,224158159
2024-07-18 10:01:23,23650.0,100,Buy,224158160
2024-07-18 10:01:23,23650.0,1400,Buy,224158161
2024-07-18 10:01:29,23650.0,200,Buy,224158445
2024-07-18 10:01:49,23650.0,4200,Buy,224158910
2024-07-18 10:01:49,23650.0,500,Buy,224158911
2024-07-18 10:01:49,23650.0,300,Buy,224158912
2024-07-18 10:01:49,23650.0,10700,Buy,224158913
2024-07-18 10:01:49,23650.0,2700,Buy,224158914
2024-07-18 10:01:49,23650.0,1000,Buy,224158915
2024-07-18 10:01:49,23650.0,2000,Buy,224158916
2024-07-18 10:01:49,23650.0,1100,Buy,224158917
2024-07-18 10:01:49,23650.0,2500,Buy,224158918
2024-07-18 10:01:54,23650.0,300,Buy,224159037
2024-07-18 10:01:55,23650.0,2000,Buy,224159051
2024-07-18 10:02:01,23600.0,500,Sell,224159262
2024-07-18 10:02:12,23600.0,200,Sell,224159461
2024-07-18 10:02:36,23600.0,200,Sell,224160048
2024-07-18 10:02:38,23650.0,200,Buy,224160069
2024-07-18 10:02:38,23650.0,500,Buy,224160070
2024-07-18 10:02:42,23600.0,200,Sell,224160155
2024-07-18 10:02:42,23600.0,800,Sell,224160154
2024-07-18 10:02:42,23600.0,300,Sell,224160153
2024-07-18 10:02:42,23600.0,50000,Sell,224160152
2024-07-18 10:02:42,23600.0,100,Sell,224160151
2024-07-18 10:02:42,23600.0,2000,Sell,224160145
2024-07-18 10:02:42,23600.0,1000,Sell,224160148
2024-07-18 10:02:42,23600.0,5000,Sell,224160147
2024-07-18 10:02:42,23600.0,10000,Sell,224160146
2024-07-18 10:02:42,23600.0,100,Sell,224160144
2024-07-18 10:02:42,23600.0,7600,Sell,224160150
2024-07-18 10:02:42,23600.0,3000,Sell,224160142
2024-07-18 10:02:42,23600.0,100,Sell,224160143
2024-07-18 10:02:42,23600.0,96500,Sell,224160133
2024-07-18 10:02:42,23600.0,100,Sell,224160134
2024-07-18 10:02:42,23600.0,1000,Sell,224160135
2024-07-18 10:02:42,23600.0,25000,Sell,224160136
2024-07-18 10:02:42,23600.0,5000,Sell,224160149
2024-07-18 10:02:42,23600.0,300,Sell,224160138
2024-07-18 10:02:42,23600.0,100,Sell,224160139
2024-07-18 10:02:42,23600.0,500,Sell,224160140
2024-07-18 10:02:42,23600.0,100,Sell,224160137
2024-07-18 10:02:42,23600.0,300,Sell,224160141
2024-07-18 10:02:43,23600.0,200,Sell,224160178
2024-07-18 10:02:43,23600.0,200,Sell,224160177
2024-07-18 10:02:43,23600.0,100,Sell,224160176
2024-07-18 10:02:43,23600.0,1000,Sell,224160175
2024-07-18 10:02:43,23600.0,1000,Sell,224160173
2024-07-18 10:02:43,23600.0,300,Sell,224160172
2024-07-18 10:02:43,23600.0,600,Sell,224160170
2024-07-18 10:02:43,23600.0,200,Sell,224160169
2024-07-18 10:02:43,23600.0,3200,Sell,224160174
2024-07-18 10:02:43,23600.0,1600,Sell,224160167
2024-07-18 10:02:43,23600.0,500,Sell,224160168
2024-07-18 10:02:43,23600.0,5000,Sell,224160160
2024-07-18 10:02:43,23600.0,100,Sell,224160161
2024-07-18 10:02:43,23600.0,500,Sell,224160162
2024-07-18 10:02:43,23600.0,100,Sell,224160171
2024-07-18 10:02:43,23600.0,100,Sell,224160164
2024-07-18 10:02:43,23600.0,500,Sell,224160165
2024-07-18 10:02:43,23600.0,100,Sell,224160163
2024-07-18 10:02:43,23600.0,19000,Sell,224160166
2024-07-18 10:02:44,23600.0,100,Buy,224160201
2024-07-18 10:02:44,23600.0,1900,Buy,224160212
2024-07-18 10:02:49,23600.0,4600,Buy,224160293
2024-07-18 10:02:49,23600.0,400,Buy,224160294
2024-07-18 10:02:59,23600.0,2000,Buy,224160457
2024-07-18 10:03:03,23600.0,300,Buy,224160539
2024-07-18 10:03:03,23600.0,600,Buy,224160538
2024-07-18 10:03:13,23600.0,1500,Sell,224160744
2024-07-18 10:03:15,23600.0,3000,Sell,224160788
2024-07-18 10:03:40,23600.0,500,Sell,224161348
2024-07-18 10:03:41,23650.0,2000,Buy,224161357
2024-07-18 10:03:59,23600.0,300,Sell,224161799
2024-07-18 10:04:13,23600.0,300,Sell,224162086
2024-07-18 10:04:22,23600.0,200,Sell,224162302
2024-07-18 10:04:31,23600.0,500,Sell,224162425
2024-07-18 10:04:41,23650.0,1000,Buy,224162607
2024-07-18 10:04:48,23600.0,100,Sell,224162701
2024-07-18 10:04:55,23600.0,500,Sell,224162877
2024-07-18 10:05:01,23650.0,100,Buy,224162982
2024-07-18 10:05:01,23600.0,500,Sell,224162986
2024-07-18 10:05:04,23600.0,200,Sell,224163073
2024-07-18 10:05:13,23600.0,100,Sell,224163288
2024-07-18 10:05:13,23600.0,100,Sell,224163287
2024-07-18 10:05:13,23600.0,2600,Sell,224163286
2024-07-18 10:05:13,23600.0,1000,Sell,224163283
2024-07-18 10:05:13,23600.0,200,Sell,224163282
2024-07-18 10:05:13,23600.0,11500,Sell,224163281
2024-07-18 10:05:13,23600.0,2000,Sell,224163284
2024-07-18 10:05:13,23600.0,100,Sell,224163285
2024-07-18 10:05:29,23600.0,2400,Buy,224163774
2024-07-18 10:05:32,23600.0,3700,Sell,224163822
2024-07-18 10:05:39,23600.0,1000,Sell,224163954
2024-07-18 10:06:21,23600.0,100,Buy,224164828
2024-07-18 10:06:30,23550.0,700,Sell,224165006
2024-07-18 10:06:32,23550.0,200,Sell,224165039
2024-07-18 10:06:40,23550.0,1700,Sell,224165178
2024-07-18 10:06:52,23550.0,1000,Sell,224165541
2024-07-18 10:06:54,23550.0,100,Sell,224165611
2024-07-18 10:07:00,23550.0,300,Sell,224165717
2024-07-18 10:07:00,23550.0,200,Sell,224165718
2024-07-18 10:07:07,23550.0,3800,Sell,224165953
2024-07-18 10:07:07,23550.0,100,Sell,224165952
2024-07-18 10:07:07,23550.0,400,Sell,224165951
2024-07-18 10:07:07,23550.0,200,Sell,224165950
2024-07-18 10:07:07,23550.0,100,Sell,224165948
2024-07-18 10:07:07,23550.0,100,Sell,224165947
2024-07-18 10:07:07,23550.0,100,Sell,224165946
2024-07-18 10:07:07,23550.0,1000,Sell,224165945
2024-07-18 10:07:07,23550.0,3800,Sell,224165944
2024-07-18 10:07:07,23550.0,400,Sell,224165949
2024-07-18 10:07:08,23550.0,400,Sell,224165989
2024-07-18 10:07:12,23550.0,200,Sell,224166092
2024-07-18 10:07:12,23550.0,100,Sell,224166091
2024-07-18 10:07:12,23550.0,1400,Sell,224166093
2024-07-18 10:07:12,23550.0,2400,Sell,224166089
2024-07-18 10:07:12,23550.0,100,Sell,224166090
2024-07-18 10:07:12,23550.0,800,Sell,224166088
2024-07-18 10:07:34,23550.0,500,Sell,224166614
2024-07-18 10:07:40,23550.0,100,Sell,224166757
2024-07-18 10:07:47,23550.0,1000,Sell,224166901
2024-07-18 10:07:47,23550.0,200,Sell,224166902
2024-07-18 10:07:47,23550.0,200,Sell,224166903
2024-07-18 10:07:47,23550.0,1500,Sell,224166904
2024-07-18 10:07:47,23550.0,1100,Sell,224166905
2024-07-18 10:07:53,23550.0,4300,Sell,224167120
2024-07-18 10:07:53,23550.0,1500,Sell,224167119
2024-07-18 10:07:53,23550.0,100,Sell,224167118
2024-07-18 10:07:53,23550.0,100,Sell,224167115
2024-07-18 10:07:53,23550.0,400,Sell,224167116
2024-07-18 10:07:53,23550.0,900,Sell,224167113
2024-07-18 10:07:53,23550.0,100,Sell,224167117
2024-07-18 10:07:53,23550.0,200,Sell,224167114
2024-07-18 10:08:40,23550.0,100,Sell,224168637
2024-07-18 10:08:40,23550.0,500,Sell,224168638
2024-07-18 10:08:43,23550.0,200,Sell,224168705
2024-07-18 10:08:49,23550.0,1000,Sell,224168852
2024-07-18 10:08:51,23550.0,200,Sell,224168907
2024-07-18 10:08:56,23600.0,4600,Buy,224168995
2024-07-18 10:09:10,23600.0,100,Buy,224169363
2024-07-18 10:09:27,23600.0,100,Buy,224169875
2024-07-18 10:09:46,23550.0,8000,Sell,224170604
2024-07-18 10:09:48,23550.0,100,Sell,224170647
2024-07-18 10:10:03,23550.0,500,Sell,224171214
2024-07-18 10:10:25,23550.0,4000,Sell,224171914
2024-07-18 10:10:28,23550.0,800,Sell,224171990
2024-07-18 10:10:37,23550.0,200,Sell,224172183
2024-07-18 10:10:52,23550.0,10000,Sell,224172535
2024-07-18 10:10:53,23550.0,200,Sell,224172555
2024-07-18 10:10:54,23600.0,200,Buy,224172573
2024-07-18 10:11:38,23600.0,1000,Buy,224173970
2024-07-18 10:11:58,23600.0,500,Buy,224174607
2024-07-18 10:12:10,23550.0,400,Sell,224174891
2024-07-18 10:12:11,23550.0,400,Sell,224174903
2024-07-18 10:12:18,23550.0,3000,Sell,224175096
2024-07-18 10:12:22,23550.0,200,Sell,224175227
2024-07-18 10:12:27,23550.0,6100,Sell,224175351
2024-07-18 10:12:34,23600.0,100,Buy,224175619
2024-07-18 10:12:39,23550.0,300,Sell,224175720
2024-07-18 10:12:50,23550.0,200,Sell,224176077
2024-07-18 10:12:56,23550.0,2000,Sell,224176225
2024-07-18 10:12:57,23550.0,1000,Sell,224176255
2024-07-18 10:13:03,23550.0,200,Sell,224176480
2024-07-18 10:13:24,23550.0,900,Sell,224177062
2024-07-18 10:13:32,23550.0,900,Sell,224177189
2024-07-18 10:13:34,23550.0,100,Sell,224177236
2024-07-18 10:13:39,23550.0,100,Sell,224177352
2024-07-18 10:13:40,23550.0,800,Sell,224177368
2024-07-18 10:13:44,23550.0,1000,Sell,224177464
2024-07-18 10:13:44,23550.0,2300,Sell,224177477
2024-07-18 10:13:44,23550.0,600,Sell,224177478
2024-07-18 10:13:44,23550.0,1100,Sell,224177479
2024-07-18 10:14:08,23550.0,100,Sell,224178050
2024-07-18 10:14:15,23600.0,7600,Buy,224178242
2024-07-18 10:14:22,23600.0,7600,Buy,224178517
2024-07-18 10:14:37,23600.0,10900,Buy,224178847
2024-07-18 10:14:37,23600.0,2000,Buy,224178846
2024-07-18 10:14:37,23600.0,7100,Buy,224178844
2024-07-18 10:14:45,23600.0,200,Buy,224179111
2024-07-18 10:14:45,23600.0,100,Buy,224179110
2024-07-18 10:14:45,23600.0,200,Buy,224179109
2024-07-18 10:14:45,23600.0,1000,Buy,224179108
2024-07-18 10:14:45,23600.0,300,Buy,224179107
2024-07-18 10:14:45,23600.0,5000,Buy,224179106
2024-07-18 10:14:45,23600.0,500,Buy,224179105
2024-07-18 10:14:45,23600.0,1500,Buy,224179104
2024-07-18 10:14:45,23600.0,1000,Buy,224179102
2024-07-18 10:14:45,23600.0,6000,Buy,224179100
2024-07-18 10:14:45,23600.0,100,Buy,224179099
2024-07-18 10:14:45,23600.0,1000,Buy,224179098
2024-07-18 10:14:45,23600.0,1000,Buy,224179097
2024-07-18 10:14:45,23600.0,2000,Buy,224179096
2024-07-18 10:14:45,23600.0,3000,Buy,224179095
2024-07-18 10:14:45,23600.0,100,Buy,224179103
2024-07-18 10:14:45,23600.0,2000,Buy,224179101
2024-07-18 10:15:01,23600.0,300,Buy,224179521
2024-07-18 10:15:01,23600.0,3100,Buy,224179522
2024-07-18 10:15:01,23600.0,400,Buy,224179523
2024-07-18 10:15:01,23600.0,200,Buy,224179524
2024-07-18 10:15:01,23600.0,3600,Buy,224179525
2024-07-18 10:15:04,23600.0,100,Buy,224179695
2024-07-18 10:15:06,23600.0,400,Buy,224179714
2024-07-18 10:15:09,23600.0,100,Buy,224179824
2024-07-18 10:15:13,23550.0,200,Sell,224179955
2024-07-18 10:15:14,23600.0,4000,Buy,224179956
2024-07-18 10:15:32,23600.0,1600,Buy,224180380
2024-07-18 10:15:32,23600.0,400,Buy,224180381
2024-07-18 10:16:06,23600.0,400,Buy,224181247
2024-07-18 10:16:21,23550.0,300,Sell,224181723
2024-07-18 10:16:31,23550.0,200,Sell,224181940
2024-07-18 10:16:47,23550.0,400,Sell,224182338
2024-07-18 10:16:52,23600.0,200,Buy,224182527
2024-07-18 10:16:52,23600.0,800,Buy,224182528
2024-07-18 10:16:55,23550.0,200,Sell,224182598
2024-07-18 10:16:57,23600.0,1000,Buy,224182636
2024-07-18 10:16:57,23600.0,200,Buy,224182635
2024-07-18 10:16:57,23600.0,800,Buy,224182634
2024-07-18 10:16:57,23600.0,1000,Buy,224182633
2024-07-18 10:16:57,23600.0,800,Buy,224182630
2024-07-18 10:16:57,23600.0,500,Buy,224182629
2024-07-18 10:16:57,23600.0,400,Buy,224182632
2024-07-18 10:16:57,23600.0,5800,Buy,224182627
2024-07-18 10:16:57,23600.0,1500,Buy,224182628
2024-07-18 10:16:57,23600.0,1200,Buy,224182621
2024-07-18 10:16:57,23600.0,1000,Buy,224182622
2024-07-18 10:16:57,23600.0,5800,Buy,224182623
2024-07-18 10:16:57,23600.0,2000,Buy,224182631
2024-07-18 10:16:57,23600.0,5000,Buy,224182625
2024-07-18 10:16:57,23600.0,700,Buy,224182624
2024-07-18 10:16:57,23600.0,1000,Buy,224182626
2024-07-18 10:17:05,23600.0,600,Sell,224182837
2024-07-18 10:17:08,23600.0,1000,Sell,224182894
2024-07-18 10:17:23,23600.0,200,Sell,224183216
2024-07-18 10:17:43,23600.0,5000,Sell,224183634
2024-07-18 10:17:47,23600.0,100,Sell,224183724
2024-07-18 10:17:58,23600.0,2000,Sell,224183982
2024-07-18 10:18:00,23600.0,1000,Sell,224184017
2024-07-18 10:18:09,23600.0,200,Sell,224184239
2024-07-18 10:18:15,23600.0,500,Sell,224184315
2024-07-18 10:18:19,23600.0,9000,Sell,224184395
2024-07-18 10:18:20,23650.0,100,Buy,224184424
2024-07-18 10:18:39,23650.0,1000,Buy,224184862
2024-07-18 10:19:10,23650.0,500,Buy,224185571
2024-07-18 10:19:23,23650.0,5700,Buy,224185841
2024-07-18 10:19:29,23650.0,400,Buy,224186051
2024-07-18 10:19:29,23650.0,4100,Buy,224186049
2024-07-18 10:19:29,23650.0,500,Buy,224186050
2024-07-18 10:19:33,23600.0,200,Sell,224186161
2024-07-18 10:19:33,23650.0,500,Buy,224186147
2024-07-18 10:19:43,23650.0,1000,Buy,224186420
2024-07-18 10:19:47,23650.0,900,Buy,224186507
2024-07-18 10:19:47,23650.0,4100,Buy,224186508
2024-07-18 10:20:03,23650.0,1700,Buy,224186772
2024-07-18 10:20:03,23650.0,300,Buy,224186773
2024-07-18 10:20:10,23650.0,100,Buy,224186904
2024-07-18 10:20:14,23650.0,1000,Buy,224187015
2024-07-18 10:20:14,23650.0,200,Buy,224187014
2024-07-18 10:20:14,23650.0,1000,Buy,224187013
2024-07-18 10:20:14,23650.0,100,Buy,224187012
2024-07-18 10:20:14,23650.0,5800,Buy,224187011
2024-07-18 10:20:14,23650.0,300,Buy,224187010
2024-07-18 10:20:14,23650.0,1000,Buy,224187009
2024-07-18 10:20:14,23650.0,300,Buy,224187007
2024-07-18 10:20:14,23650.0,1000,Buy,224187008
2024-07-18 10:20:14,23650.0,100,Buy,224187005
2024-07-18 10:20:14,23650.0,600,Buy,224186997
2024-07-18 10:20:14,23650.0,600,Buy,224187004
2024-07-18 10:20:14,23650.0,100,Buy,224187003
2024-07-18 10:20:14,23650.0,100,Buy,224187002
2024-07-18 10:20:14,23650.0,2000,Buy,224187001
2024-07-18 10:20:14,23650.0,5800,Buy,224187000
2024-07-18 10:20:14,23650.0,500,Buy,224186999
2024-07-18 10:20:14,23650.0,2000,Buy,224186998
2024-07-18 10:20:14,23650.0,100,Buy,224187006
2024-07-18 10:20:17,23650.0,100,Sell,224187055
2024-07-18 10:20:17,23650.0,7400,Sell,224187052
2024-07-18 10:20:17,23650.0,2600,Sell,224187053
2024-07-18 10:20:35,23650.0,1000,Sell,224187488
2024-07-18 10:20:48,23650.0,500,Sell,224187822
2024-07-18 10:20:52,23650.0,1000,Sell,224187877
2024-07-18 10:20:58,23650.0,1000,Sell,224188023
2024-07-18 10:21:04,23650.0,1000,Sell,224188193
2024-07-18 10:21:15,23700.0,100,Buy,224188461
2024-07-18 10:21:15,23700.0,300,Buy,224188460
2024-07-18 10:21:15,23700.0,700,Buy,224188463
2024-07-18 10:21:15,23700.0,2400,Buy,224188458
2024-07-18 10:21:15,23700.0,100,Buy,224188459
2024-07-18 10:21:15,23700.0,10100,Buy,224188456
2024-07-18 10:21:15,23700.0,2000,Buy,224188462
2024-07-18 10:21:15,23700.0,100,Buy,224188457
2024-07-18 10:21:43,23650.0,200,Sell,224189063
2024-07-18 10:21:47,23650.0,13800,Sell,224189161
2024-07-18 10:21:47,23650.0,100,Sell,224189162
2024-07-18 10:21:47,23650.0,500,Sell,224189163
2024-07-18 10:21:47,23650.0,300,Sell,224189164
2024-07-18 10:21:47,23650.0,1800,Sell,224189165
2024-07-18 10:21:47,23650.0,3500,Sell,224189166
2024-07-18 10:21:51,23650.0,5000,Sell,224189232
2024-07-18 10:22:00,23650.0,300,Sell,224189416
2024-07-18 10:22:07,23650.0,400,Sell,224189573
2024-07-18 10:22:19,23700.0,500,Buy,224189800
2024-07-18 10:22:35,23700.0,200,Buy,224190105
2024-07-18 10:22:35,23700.0,800,Buy,224190104
2024-07-18 10:23:00,23700.0,500,Buy,224190622
2024-07-18 10:23:15,23650.0,5000,Sell,224190918
2024-07-18 10:23:15,23650.0,2000,Sell,224190917
2024-07-18 10:23:15,23650.0,1200,Sell,224190916
2024-07-18 10:23:15,23650.0,400,Sell,224190915
2024-07-18 10:23:15,23650.0,1000,Sell,224190914
2024-07-18 10:23:15,23650.0,100,Sell,224190913
2024-07-18 10:23:15,23650.0,400,Sell,224190911
2024-07-18 10:23:15,23650.0,2000,Sell,224190909
2024-07-18 10:23:15,23650.0,4000,Sell,224190910
2024-07-18 10:23:15,23650.0,1000,Sell,224190908
2024-07-18 10:23:15,23650.0,700,Sell,224190907
2024-07-18 10:23:15,23650.0,2000,Sell,224190906
2024-07-18 10:23:15,23650.0,800,Sell,224190905
2024-07-18 10:23:15,23650.0,200,Sell,224190912
2024-07-18 10:23:37,23650.0,1800,Buy,224191292
2024-07-18 10:23:43,23650.0,200,Buy,224191422
2024-07-18 10:23:49,23650.0,500,Buy,224191532
2024-07-18 10:23:53,23600.0,200,Sell,224191596
2024-07-18 10:24:09,23600.0,100,Sell,224191925
2024-07-18 10:24:09,23600.0,600,Sell,224191926
2024-07-18 10:24:09,23600.0,100,Sell,224191930
2024-07-18 10:24:09,23600.0,1300,Sell,224191924
2024-07-18 10:24:18,23600.0,1000,Sell,224192125
2024-07-18 10:25:09,23600.0,5600,Sell,224193187
2024-07-18 10:25:19,23650.0,200,Buy,224193427
2024-07-18 10:25:20,23600.0,700,Sell,224193435
2024-07-18 10:25:35,23600.0,100,Sell,224193645
2024-07-18 10:25:36,23650.0,300,Buy,224193659
2024-07-18 10:25:36,23600.0,4000,Sell,224193661
2024-07-18 10:25:36,23650.0,6500,Buy,224193658
2024-07-18 10:25:36,23650.0,300,Buy,224193660
2024-07-18 10:25:58,23650.0,3000,Buy,224194160
2024-07-18 10:26:00,23650.0,400,Buy,224194201
2024-07-18 10:26:03,23650.0,1000,Buy,224194235
2024-07-18 10:26:03,23600.0,200,Sell,224194241
2024-07-18 10:26:04,23650.0,300,Buy,224194249
2024-07-18 10:26:04,23650.0,200,Buy,224194250
2024-07-18 10:26:26,23650.0,100,Buy,224194592
2024-07-18 10:26:34,23650.0,100,Buy,224194730
2024-07-18 10:26:40,23650.0,300,Buy,224194830
2024-07-18 10:26:41,23650.0,100,Buy,224194831
2024-07-18 10:26:43,23650.0,400,Buy,224194884
2024-07-18 10:26:43,23650.0,3100,Buy,224194885
2024-07-18 10:26:46,23600.0,1300,Sell,224194949
2024-07-18 10:27:11,23650.0,200,Buy,224195368
2024-07-18 10:27:17,23600.0,100,Sell,224195523
2024-07-18 10:27:49,23600.0,200,Sell,224196077
2024-07-18 10:27:53,23650.0,1000,Buy,224196140
2024-07-18 10:27:54,23650.0,100,Buy,224196184
2024-07-18 10:27:54,23650.0,100,Buy,224196166
2024-07-18 10:27:54,23650.0,1000,Buy,224196165
2024-07-18 10:27:54,23650.0,25000,Buy,224196164
2024-07-18 10:27:54,23650.0,100,Buy,224196163
2024-07-18 10:27:54,23650.0,300,Buy,224196162
2024-07-18 10:27:54,23650.0,900,Buy,224196160
2024-07-18 10:27:54,23650.0,1500,Buy,224196157
2024-07-18 10:27:54,23650.0,20000,Buy,224196161
2024-07-18 10:27:54,23650.0,1000,Buy,224196159
2024-07-18 10:27:54,23650.0,100,Buy,224196158
2024-07-18 10:27:59,23650.0,1000,Buy,224196237
2024-07-18 10:28:03,23650.0,2700,Buy,224196325
2024-07-18 10:28:05,23650.0,100,Buy,224196347
2024-07-18 10:28:05,23650.0,400,Buy,224196348
2024-07-18 10:28:11,23650.0,1000,Buy,224196460
2024-07-18 10:28:13,23600.0,200,Sell,224196491
2024-07-18 10:28:13,23650.0,4600,Buy,224196492
2024-07-18 10:28:13,23650.0,500,Buy,224196493
2024-07-18 10:28:13,23650.0,5800,Buy,224196494
2024-07-18 10:28:13,23650.0,10000,Buy,224196495
2024-07-18 10:28:16,23650.0,100,Sell,224196568
2024-07-18 10:28:47,23650.0,200,Sell,224197089
2024-07-18 10:28:55,23700.0,8500,Buy,224197217
2024-07-18 10:28:55,23700.0,300,Buy,224197215
2024-07-18 10:28:55,23700.0,200,Buy,224197216
2024-07-18 10:29:10,23700.0,100,Buy,224197532
2024-07-18 10:29:21,23700.0,300,Buy,224197740
2024-07-18 10:29:29,23700.0,2000,Buy,224197904
2024-07-18 10:29:29,23700.0,5400,Buy,224197916
2024-07-18 10:29:29,23700.0,1300,Buy,224197915
2024-07-18 10:29:29,23700.0,200,Buy,224197914
2024-07-18 10:29:29,23700.0,1500,Buy,224197913
2024-07-18 10:29:29,23700.0,1100,Buy,224197903
2024-07-18 10:29:29,23700.0,500,Buy,224197912
2024-07-18 10:29:29,23700.0,2000,Buy,224197909
2024-07-18 10:29:29,23700.0,300,Buy,224197908
2024-07-18 10:29:29,23700.0,300,Buy,224197907
2024-07-18 10:29:29,23700.0,3000,Buy,224197906
2024-07-18 10:29:29,23700.0,1200,Buy,224197905
2024-07-18 10:29:29,23700.0,1000,Buy,224197910
2024-07-18 10:29:29,23700.0,100,Buy,224197911
2024-07-18 10:29:41,23700.0,4600,Buy,224198153
2024-07-18 10:29:41,23700.0,5400,Buy,224198172
2024-07-18 10:29:52,23650.0,100,Sell,224198401
2024-07-18 10:30:08,23700.0,900,Buy,224198714
2024-07-18 10:30:08,23700.0,100,Buy,224198713
2024-07-18 10:30:08,23700.0,600,Buy,224198712
2024-07-18 10:30:12,23700.0,3000,Buy,224198791
2024-07-18 10:30:16,23700.0,100,Buy,224198827
2024-07-18 10:30:23,23650.0,28700,Sell,224198944
2024-07-18 10:30:23,23650.0,300,Sell,224198945
2024-07-18 10:30:23,23650.0,5000,Sell,224198946
2024-07-18 10:30:23,23650.0,1000,Sell,224198947
2024-07-18 10:30:23,23650.0,500,Sell,224198948
2024-07-18 10:30:23,23650.0,300,Sell,224198949
2024-07-18 10:30:23,23650.0,2000,Sell,224198951
2024-07-18 10:30:23,23650.0,2000,Sell,224198952
2024-07-18 10:30:23,23650.0,100,Sell,224198953
2024-07-18 10:30:23,23650.0,2000,Sell,224198954
2024-07-18 10:30:23,23650.0,100,Sell,224198955
2024-07-18 10:30:23,23650.0,5000,Sell,224198950
2024-07-18 10:30:24,23650.0,400,Buy,224198984
2024-07-18 10:30:32,23650.0,100,Buy,224199178
2024-07-18 10:30:42,23650.0,300,Buy,224199427
2024-07-18 10:30:55,23650.0,1000,Buy,224199773
2024-07-18 10:31:28,23650.0,100,Buy,224200296
2024-07-18 10:31:55,23650.0,1000,Buy,224200806
2024-07-18 10:32:34,23600.0,200,Sell,224201487
2024-07-18 10:32:37,23650.0,100,Buy,224201545
2024-07-18 10:32:37,23650.0,100,Buy,224201546
2024-07-18 10:33:34,23650.0,100,Buy,224202532
2024-07-18 10:33:34,23650.0,2900,Buy,224202533
2024-07-18 10:34:03,23650.0,300,Buy,224203073
2024-07-18 10:34:06,23650.0,5000,Buy,224203194
2024-07-18 10:34:10,23650.0,100,Buy,224203264
2024-07-18 10:34:43,23600.0,200,Sell,224203971
2024-07-18 10:34:56,23600.0,100,Sell,224204271
2024-07-18 10:35:16,23600.0,5000,Sell,224204573
2024-07-18 10:35:29,23600.0,600,Sell,224204848
2024-07-18 10:35:38,23600.0,1000,Sell,224205032
2024-07-18 10:35:49,23600.0,500,Sell,224205161
2024-07-18 10:35:54,23600.0,200,Sell,224205242
2024-07-18 10:36:38,23600.0,4000,Sell,224206038
2024-07-18 10:36:48,23600.0,1000,Sell,224206188
2024-07-18 10:36:53,23600.0,200,Sell,224206292
2024-07-18 10:37:19,23650.0,1000,Buy,224206770
2024-07-18 10:37:25,23600.0,22800,Sell,224206994
2024-07-18 10:37:45,23600.0,100,Sell,224207382
2024-07-18 10:38:09,23600.0,1000,Sell,224207745
2024-07-18 10:38:30,23600.0,400,Sell,224208020
2024-07-18 10:38:30,23600.0,100,Sell,224208019
2024-07-18 10:38:30,23600.0,4400,Sell,224208021
2024-07-18 10:38:48,23600.0,1000,Sell,224208258
2024-07-18 10:38:55,23600.0,2400,Sell,224208365
2024-07-18 10:39:04,23600.0,200,Sell,224208531
2024-07-18 10:39:25,23600.0,1900,Sell,224208984
2024-07-18 10:39:28,23600.0,100,Sell,224209022
2024-07-18 10:39:28,23600.0,100,Sell,224209023
2024-07-18 10:39:36,23600.0,400,Sell,224209196
2024-07-18 10:39:36,23600.0,100,Sell,224209195
2024-07-18 10:39:56,23600.0,1000,Sell,224209483
2024-07-18 10:40:02,23600.0,500,Sell,224209555
2024-07-18 10:40:02,23600.0,100,Sell,224209571
2024-07-18 10:40:02,23600.0,500,Sell,224209572
2024-07-18 10:40:25,23600.0,500,Sell,224209945
2024-07-18 10:40:40,23600.0,2300,Sell,224210200
2024-07-18 10:40:40,23600.0,200,Sell,224210199
2024-07-18 10:40:40,23600.0,1000,Sell,224210198
2024-07-18 10:40:40,23600.0,100,Sell,224210197
2024-07-18 10:40:40,23600.0,400,Sell,224210195
2024-07-18 10:40:40,23600.0,1000,Sell,224210196
2024-07-18 10:40:40,23600.0,100,Sell,224210191
2024-07-18 10:40:43,23600.0,2000,Sell,224210237
2024-07-18 10:41:03,23600.0,200,Sell,224210534
2024-07-18 10:41:14,23600.0,100,Sell,224210687
2024-07-18 10:41:27,23600.0,100,Sell,224210865
2024-07-18 10:41:27,23600.0,100,Sell,224210866
2024-07-18 10:41:27,23600.0,100,Sell,224210867
2024-07-18 10:41:39,23600.0,100,Sell,224210998
2024-07-18 10:41:58,23650.0,600,Buy,224211279
2024-07-18 10:42:30,23600.0,300,Sell,224211701
2024-07-18 10:42:30,23600.0,1500,Sell,224211699
2024-07-18 10:42:30,23600.0,300,Sell,224211700
2024-07-18 10:42:32,23600.0,2000,Sell,224211726
2024-07-18 10:42:49,23600.0,15000,Sell,224211928
2024-07-18 10:43:21,23600.0,200,Sell,224212369
2024-07-18 10:43:24,23600.0,300,Sell,224212412
2024-07-18 10:43:24,23600.0,100,Sell,224212422
2024-07-18 10:43:40,23600.0,200,Sell,224212611
2024-07-18 10:43:55,23600.0,1000,Sell,224212804
2024-07-18 10:43:55,23600.0,200,Sell,224212802
2024-07-18 10:43:55,23600.0,1900,Sell,224212801
2024-07-18 10:43:55,23600.0,1000,Sell,224212803
2024-07-18 10:44:31,23600.0,300,Sell,224213240
2024-07-18 10:45:04,23600.0,1000,Sell,224213672
2024-07-18 10:45:05,23600.0,300,Sell,224213678
2024-07-18 10:45:05,23600.0,11000,Sell,224213679
2024-07-18 10:45:10,23650.0,200,Buy,224213737
2024-07-18 10:45:19,23650.0,500,Buy,224213822
2024-07-18 10:45:34,23650.0,100,Buy,224214010
2024-07-18 10:45:35,23600.0,100,Sell,224214014
2024-07-18 10:45:42,23650.0,7300,Buy,224214098
2024-07-18 10:46:10,23650.0,100,Buy,224214453
2024-07-18 10:46:45,23650.0,1000,Buy,224214872
2024-07-18 10:46:52,23650.0,100,Buy,224214967
2024-07-18 10:47:14,23650.0,700,Buy,224215231
2024-07-18 10:47:44,23600.0,100,Sell,224215684
2024-07-18 10:48:36,23650.0,100,Buy,224216471
2024-07-18 10:48:36,23650.0,2900,Buy,224216472
2024-07-18 10:48:51,23600.0,400,Sell,224216677
2024-07-18 10:49:08,23600.0,500,Sell,224216973
2024-07-18 10:49:13,23600.0,100,Sell,224217051
2024-07-18 10:49:54,23600.0,100,Sell,224217673
2024-07-18 10:50:00,23600.0,2000,Sell,224217773
2024-07-18 10:50:01,23600.0,100,Sell,224217776
2024-07-18 10:50:51,23600.0,200,Sell,224218447
2024-07-18 10:51:52,23600.0,300,Sell,224219317
2024-07-18 10:51:53,23650.0,200,Buy,224219333
2024-07-18 10:51:55,23650.0,100,Buy,224219361
2024-07-18 10:52:04,23600.0,100,Sell,224219540
2024-07-18 10:52:55,23600.0,200,Sell,224220305
2024-07-18 10:53:08,23650.0,900,Buy,224220476
2024-07-18 10:53:17,23650.0,500,Buy,224220615
2024-07-18 10:54:08,23650.0,500,Buy,224221206
2024-07-18 10:54:13,23600.0,400,Sell,224221276
2024-07-18 10:54:15,23600.0,100,Sell,224221290
2024-07-18 10:54:16,23650.0,700,Buy,224221305
2024-07-18 10:54:16,23650.0,300,Buy,224221306
2024-07-18 10:54:39,23650.0,500,Buy,224221540
2024-07-18 10:54:42,23650.0,2000,Buy,224221587
2024-07-18 10:55:06,23650.0,6800,Buy,224221888
2024-07-18 10:55:06,23650.0,100,Buy,224221887
2024-07-18 10:55:06,23650.0,300,Buy,224221886
2024-07-18 10:55:06,23650.0,22800,Buy,224221884
2024-07-18 10:55:06,23650.0,3300,Buy,224221883
2024-07-18 10:55:06,23650.0,100,Buy,224221885
2024-07-18 10:55:12,23650.0,100,Buy,224221934
2024-07-18 10:55:19,23650.0,100,Buy,224222004
2024-07-18 10:55:54,23600.0,800,Sell,224222475
2024-07-18 10:56:02,23650.0,10000,Buy,224222588
2024-07-18 10:56:15,23650.0,100,Buy,224222752
2024-07-18 10:56:24,23600.0,100,Sell,224222879
2024-07-18 10:56:42,23650.0,5000,Buy,224223078
2024-07-18 10:56:45,23650.0,100,Buy,224223123
2024-07-18 10:57:17,23600.0,100,Sell,224223585
2024-07-18 10:57:55,23650.0,300,Buy,224224096
2024-07-18 10:58:19,23600.0,700,Sell,224224465
2024-07-18 10:58:34,23600.0,100,Sell,224224778
2024-07-18 10:58:36,23650.0,400,Buy,224224799
2024-07-18 10:58:42,23650.0,100,Buy,224224876
2024-07-18 10:58:54,23650.0,500,Buy,224225099
2024-07-18 10:58:57,23650.0,100,Buy,224225142
2024-07-18 10:59:00,23650.0,500,Buy,224225187
2024-07-18 10:59:42,23650.0,1100,Buy,224225695
2024-07-18 10:59:42,23650.0,900,Buy,224225694
2024-07-18 10:59:44,23650.0,14200,Buy,224225728
2024-07-18 10:59:44,23650.0,4700,Buy,224225725
2024-07-18 10:59:44,23650.0,100,Buy,224225726
2024-07-18 10:59:44,23650.0,1000,Buy,224225727
2024-07-18 11:00:03,23600.0,300,Sell,224226021
2024-07-18 11:00:03,23600.0,100,Sell,224226022
2024-07-18 11:00:03,23600.0,1500,Sell,224226023
2024-07-18 11:00:03,23600.0,1000,Sell,224226024
2024-07-18 11:00:03,23600.0,5000,Sell,224226025
2024-07-18 11:00:03,23600.0,100,Sell,224226026
2024-07-18 11:00:03,23600.0,800,Sell,224226028
2024-07-18 11:00:03,23600.0,1000,Sell,224226020
2024-07-18 11:00:03,23600.0,200,Sell,224226027
2024-07-18 11:00:08,23650.0,1000,Buy,224226104
2024-07-18 11:00:44,23600.0,100,Sell,224226593
2024-07-18 11:01:05,23650.0,5000,Buy,224227281
2024-07-18 11:01:30,23650.0,200,Buy,224227633
2024-07-18 11:01:30,23650.0,9800,Buy,224227631
2024-07-18 11:01:30,23650.0,10000,Buy,224227632
2024-07-18 11:01:57,23650.0,200,Buy,224228077
2024-07-18 11:01:57,23650.0,9800,Buy,224228075
2024-07-18 11:01:57,23650.0,10000,Buy,224228076
2024-07-18 11:02:02,23600.0,200,Sell,224228183
2024-07-18 11:02:02,23600.0,700,Sell,224228184
2024-07-18 11:02:02,23600.0,1100,Sell,224228182
2024-07-18 11:02:18,23600.0,600,Sell,224228468
2024-07-18 11:02:19,23650.0,500,Buy,224228497
2024-07-18 11:02:19,23650.0,100,Buy,224228496
2024-07-18 11:02:19,23650.0,600,Buy,224228494
2024-07-18 11:02:19,23650.0,100,Buy,224228493
2024-07-18 11:02:19,23650.0,5800,Buy,224228492
2024-07-18 11:02:19,23650.0,1000,Buy,224228491
2024-07-18 11:02:19,23650.0,600,Buy,224228489
2024-07-18 11:02:19,23650.0,3000,Buy,224228487
2024-07-18 11:02:19,23650.0,100,Buy,224228486
2024-07-18 11:02:19,23650.0,500,Buy,224228485
2024-07-18 11:02:19,23650.0,1800,Buy,224228484
2024-07-18 11:02:19,23650.0,100,Buy,224228490
2024-07-18 11:02:19,23650.0,5800,Buy,224228488
2024-07-18 11:02:23,23650.0,1800,Buy,224228592
2024-07-18 11:02:54,23600.0,100,Sell,224229354
2024-07-18 11:03:24,23600.0,1000,Sell,224229905
2024-07-18 11:03:29,23600.0,1000,Sell,224230017
2024-07-18 11:03:39,23600.0,400,Sell,224230195
2024-07-18 11:03:51,23600.0,1000,Sell,224230567
2024-07-18 11:04:01,23600.0,100,Sell,224230765
2024-07-18 11:04:04,23600.0,100,Sell,224230785
2024-07-18 11:04:04,23600.0,2000,Sell,224230786
2024-07-18 11:04:04,23600.0,100,Sell,224230787
2024-07-18 11:04:04,23600.0,100,Sell,224230788
2024-07-18 11:04:04,23600.0,1800,Sell,224230789
2024-07-18 11:04:13,23600.0,1000,Sell,224231026
2024-07-18 11:04:17,23600.0,100,Sell,224231153
2024-07-18 11:04:25,23600.0,5000,Sell,224231326
2024-07-18 11:04:26,23600.0,200,Sell,224231409
2024-07-18 11:04:38,23600.0,900,Sell,224231754
2024-07-18 11:04:38,23600.0,500,Sell,224231756
2024-07-18 11:04:38,23600.0,200,Sell,224231757
2024-07-18 11:04:38,23600.0,100,Sell,224231758
2024-07-18 11:04:38,23600.0,500,Sell,224231759
2024-07-18 11:04:38,23600.0,2000,Sell,224231762
2024-07-18 11:04:38,23600.0,1000,Sell,224231761
2024-07-18 11:04:38,23600.0,100,Sell,224231763
2024-07-18 11:04:38,23600.0,500,Sell,224231769
2024-07-18 11:04:38,23600.0,5000,Sell,224231765
2024-07-18 11:04:38,23600.0,100,Sell,224231766
2024-07-18 11:04:38,23600.0,400,Sell,224231767
2024-07-18 11:04:38,23600.0,100,Sell,224231768
2024-07-18 11:04:38,23600.0,2000,Sell,224231753
2024-07-18 11:04:38,23600.0,2000,Sell,224231770
2024-07-18 11:04:38,23600.0,500,Sell,224231771
2024-07-18 11:04:38,23600.0,8500,Sell,224231772
2024-07-18 11:04:38,23600.0,3100,Sell,224231764
2024-07-18 11:04:38,23600.0,1000,Sell,224231752
2024-07-18 11:04:38,23600.0,200,Sell,224231760
2024-07-18 11:04:38,23600.0,200,Sell,224231750
2024-07-18 11:04:38,23600.0,16900,Sell,224231731
2024-07-18 11:04:38,23600.0,300,Sell,224231732
2024-07-18 11:04:38,23600.0,500,Sell,224231733
2024-07-18 11:04:38,23600.0,100,Sell,224231734
2024-07-18 11:04:38,23600.0,1500,Sell,224231735
2024-07-18 11:04:38,23600.0,20000,Sell,224231736
2024-07-18 11:04:38,23600.0,5000,Sell,224231737
2024-07-18 11:04:38,23600.0,500,Sell,224231739
2024-07-18 11:04:38,23600.0,10000,Sell,224231740
2024-07-18 11:04:38,23600.0,1300,Sell,224231738
2024-07-18 11:04:38,23600.0,300,Sell,224231742
2024-07-18 11:04:38,23600.0,500,Sell,224231743
2024-07-18 11:04:38,23600.0,2000,Sell,224231744
2024-07-18 11:04:38,23600.0,400,Sell,224231745
2024-07-18 11:04:38,23600.0,200,Sell,224231746
2024-07-18 11:04:38,23600.0,500,Sell,224231747
2024-07-18 11:04:38,23600.0,1000,Sell,224231748
2024-07-18 11:04:38,23600.0,100,Sell,224231749
2024-07-18 11:04:38,23600.0,5000,Sell,224231741
2024-07-18 11:04:38,23600.0,5000,Sell,224231751
2024-07-18 11:04:48,23600.0,500,Sell,224232044
2024-07-18 11:05:02,23600.0,400,Sell,224232520
2024-07-18 11:05:02,23600.0,100,Sell,224232523
2024-07-18 11:05:04,23600.0,100,Sell,224232560
2024-07-18 11:05:16,23600.0,5000,Sell,224232829
2024-07-18 11:05:32,23600.0,500,Sell,224233238
2024-07-18 11:05:32,23600.0,1000,Sell,224233225
2024-07-18 11:05:34,23600.0,7000,Sell,224233262
2024-07-18 11:05:40,23600.0,6500,Sell,224233378
2024-07-18 11:05:46,23600.0,5000,Sell,224233500
2024-07-18 11:06:04,23600.0,4700,Sell,224233886
2024-07-18 11:06:04,23600.0,200,Sell,224233885
2024-07-18 11:06:04,23600.0,10000,Sell,224233884
2024-07-18 11:06:04,23600.0,16900,Sell,224233887
2024-07-18 11:06:04,23600.0,500,Sell,224233882
2024-07-18 11:06:04,23600.0,300,Sell,224233881
2024-07-18 11:06:04,23600.0,15400,Sell,224233880
2024-07-18 11:06:04,23600.0,2000,Sell,224233883
2024-07-18 11:06:06,23600.0,1000,Sell,224233916
2024-07-18 11:06:07,23600.0,1000,Sell,224233938
2024-07-18 11:06:07,23600.0,300,Sell,224233942
2024-07-18 11:06:18,23600.0,1000,Sell,224234226
2024-07-18 11:06:20,23600.0,200,Sell,224234251
2024-07-18 11:06:28,23600.0,500,Sell,224234435
2024-07-18 11:06:33,23600.0,1000,Sell,224234526
2024-07-18 11:06:49,23600.0,4000,Sell,224234788
2024-07-18 11:06:59,23600.0,1500,Sell,224234961
2024-07-18 11:07:03,23600.0,5200,Sell,224235071
2024-07-18 11:07:03,23600.0,500,Sell,224235070
2024-07-18 11:07:03,23600.0,500,Sell,224235069
2024-07-18 11:07:03,23600.0,800,Sell,224235068
2024-07-18 11:07:03,23600.0,1000,Sell,224235067
2024-07-18 11:07:03,23600.0,5000,Sell,224235024
2024-07-18 11:07:14,23600.0,100,Sell,224235262
2024-07-18 11:07:17,23600.0,100,Sell,224235299
2024-07-18 11:07:17,23600.0,2700,Sell,224235300
2024-07-18 11:07:17,23600.0,1200,Sell,224235297
2024-07-18 11:07:17,23600.0,1000,Sell,224235298
2024-07-18 11:07:21,23600.0,100,Sell,224235405
2024-07-18 11:07:21,23600.0,2300,Sell,224235404
2024-07-18 11:07:21,23600.0,600,Sell,224235406
2024-07-18 11:07:22,23600.0,500,Sell,224235419
2024-07-18 11:07:24,23600.0,500,Sell,224235441
2024-07-18 11:07:33,23600.0,1000,Sell,224235634
2024-07-18 11:07:48,23600.0,2000,Sell,224235995
2024-07-18 11:08:01,23650.0,15000,Buy,224236218
2024-07-18 11:08:18,23600.0,400,Sell,224236615
2024-07-18 11:08:18,23600.0,4600,Sell,224236616
2024-07-18 11:08:38,23600.0,10000,Sell,224236989
2024-07-18 11:08:38,23600.0,17000,Sell,224236988
2024-07-18 11:08:38,23600.0,100,Sell,224236987
2024-07-18 11:08:38,23600.0,300,Sell,224236986
2024-07-18 11:08:38,23600.0,100,Sell,224236983
2024-07-18 11:08:38,23600.0,2000,Sell,224236982
2024-07-18 11:08:38,23600.0,1000,Sell,224236981
2024-07-18 11:08:38,23600.0,2300,Sell,224236985
