time,price,volume,match_type,id
2024-08-01 09:14:40,23200.0,54700,ATO/ATC,227892858
2024-08-01 09:15:19,23200.0,100,Buy,227893758
2024-08-01 09:15:19,23200.0,200,Buy,227893757
2024-08-01 09:15:19,23200.0,3400,Buy,227893753
2024-08-01 09:15:19,23200.0,200,Buy,227893755
2024-08-01 09:15:19,23200.0,100,Buy,227893756
2024-08-01 09:15:21,23250.0,200,Buy,227893791
2024-08-01 09:15:55,23200.0,2000,Buy,227894471
2024-08-01 09:16:00,23200.0,900,Buy,227894593
2024-08-01 09:16:04,23200.0,500,Buy,227894670
2024-08-01 09:16:11,23200.0,200,Buy,227894809
2024-08-01 09:16:22,23200.0,1000,Buy,227895008
2024-08-01 09:16:23,23200.0,400,Buy,227895054
2024-08-01 09:16:24,23200.0,200,Sell,227895070
2024-08-01 09:16:48,23200.0,100,Buy,227895541
2024-08-01 09:17:01,23200.0,300,Sell,227895819
2024-08-01 09:17:04,23150.0,100,Sell,227895881
2024-08-01 09:17:06,23200.0,500,Buy,227895940
2024-08-01 09:17:07,23200.0,4500,Sell,227895957
2024-08-01 09:17:42,23200.0,2200,Buy,227896717
2024-08-01 09:17:42,23200.0,200,Buy,227896716
2024-08-01 09:17:42,23200.0,1300,Buy,227896715
2024-08-01 09:17:42,23200.0,100,Buy,227896713
2024-08-01 09:17:42,23200.0,1200,Buy,227896714
2024-08-01 09:17:46,23200.0,1800,Buy,227896799
2024-08-01 09:17:46,23200.0,100,Buy,227896800
2024-08-01 09:17:46,23200.0,200,Buy,227896801
2024-08-01 09:17:51,23200.0,2000,Buy,227896922
2024-08-01 09:18:03,23200.0,600,Buy,227897225
2024-08-01 09:18:05,23200.0,200,Buy,227897280
2024-08-01 09:18:05,23150.0,100,Sell,227897276
2024-08-01 09:18:05,23200.0,100,Buy,227897279
2024-08-01 09:18:38,23200.0,600,Buy,227898034
2024-08-01 09:18:38,23200.0,200,Buy,227898035
2024-08-01 09:18:39,23200.0,200,Sell,227898064
2024-08-01 09:19:11,23200.0,300,Buy,227898910
2024-08-01 09:19:12,23200.0,4700,Sell,227898926
2024-08-01 09:19:27,23200.0,100,Buy,227899282
2024-08-01 09:19:32,23200.0,100,Buy,227899401
2024-08-01 09:19:33,23200.0,200,Buy,227899405
2024-08-01 09:19:33,23200.0,200,Buy,227899404
2024-08-01 09:19:35,23200.0,600,Sell,227899482
2024-08-01 09:19:44,23200.0,4400,Buy,227899683
2024-08-01 09:19:44,23250.0,100,Buy,227899684
2024-08-01 09:19:44,23250.0,100,Buy,227899685
2024-08-01 09:19:44,23250.0,100,Buy,227899686
2024-08-01 09:19:44,23250.0,100,Buy,227899687
2024-08-01 09:19:44,23250.0,400,Buy,227899688
2024-08-01 09:19:44,23250.0,100,Buy,227899689
2024-08-01 09:19:44,23250.0,2300,Buy,227899690
2024-08-01 09:19:58,23250.0,100,Buy,227899996
2024-08-01 09:19:58,23250.0,2600,Buy,227899995
2024-08-01 09:19:58,23250.0,800,Buy,227899998
2024-08-01 09:19:58,23250.0,3000,Buy,227899993
2024-08-01 09:19:58,23250.0,200,Buy,227899994
2024-08-01 09:19:58,23250.0,200,Buy,227899991
2024-08-01 09:19:58,23250.0,200,Buy,227899997
2024-08-01 09:19:58,23250.0,500,Buy,227899992
2024-08-01 09:20:03,23200.0,200,Sell,227900155
2024-08-01 09:20:16,23200.0,100,Sell,227900424
2024-08-01 09:20:16,23200.0,100,Sell,227900426
2024-08-01 09:20:16,23200.0,200,Sell,227900427
2024-08-01 09:20:16,23200.0,800,Sell,227900428
2024-08-01 09:20:16,23200.0,900,Sell,227900429
2024-08-01 09:20:33,23250.0,1800,Buy,227900788
2024-08-01 09:20:33,23250.0,4000,Buy,227900787
2024-08-01 09:20:33,23250.0,200,Buy,227900786
2024-08-01 09:20:33,23250.0,200,Buy,227900784
2024-08-01 09:20:33,23250.0,100,Buy,227900783
2024-08-01 09:20:33,23250.0,1100,Buy,227900782
2024-08-01 09:20:33,23250.0,200,Buy,227900785
2024-08-01 09:20:34,23200.0,1100,Sell,227900810
2024-08-01 09:20:34,23200.0,2000,Sell,227900811
2024-08-01 09:20:34,23250.0,2800,Buy,227900809
2024-08-01 09:20:34,23200.0,1000,Sell,227900812
2024-08-01 09:20:34,23250.0,1000,Buy,227900807
2024-08-01 09:20:34,23250.0,100,Buy,227900806
2024-08-01 09:20:34,23250.0,3200,Buy,227900805
2024-08-01 09:20:34,23250.0,500,Buy,227900808
2024-08-01 09:20:35,23250.0,4500,Buy,227900861
2024-08-01 09:20:35,23250.0,2200,Buy,227900860
2024-08-01 09:20:35,23200.0,900,Buy,227900859
2024-08-01 09:20:44,23200.0,200,Sell,227901020
2024-08-01 09:20:44,23200.0,1000,Sell,227901021
2024-08-01 09:20:55,23200.0,800,Buy,227901230
2024-08-01 09:20:55,23200.0,200,Buy,227901231
2024-08-01 09:21:15,23200.0,100,Sell,227901744
2024-08-01 09:21:16,23200.0,1000,Sell,227901770
2024-08-01 09:21:16,23200.0,300,Sell,227901769
2024-08-01 09:21:16,23200.0,1000,Sell,227901768
2024-08-01 09:21:16,23200.0,500,Sell,227901766
2024-08-01 09:21:16,23200.0,200,Sell,227901767
2024-08-01 09:21:22,23200.0,100,Sell,227901859
2024-08-01 09:21:24,23200.0,200,Sell,227901907
2024-08-01 09:21:28,23200.0,700,Sell,227901974
2024-08-01 09:21:28,23200.0,100,Sell,227901975
2024-08-01 09:21:28,23200.0,500,Sell,227901976
2024-08-01 09:21:28,23200.0,200,Sell,227901977
2024-08-01 09:21:43,23200.0,500,Buy,227902337
2024-08-01 09:21:44,23200.0,1000,Buy,227902373
2024-08-01 09:21:44,23200.0,100,Buy,227902384
2024-08-01 09:21:49,23200.0,100,Buy,227902501
2024-08-01 09:22:10,23150.0,700,Sell,227903006
2024-08-01 09:22:40,23150.0,200,Sell,227903812
2024-08-01 09:22:53,23150.0,100,Sell,227904131
2024-08-01 09:22:53,23150.0,100,Sell,227904145
2024-08-01 09:22:53,23150.0,1100,Sell,227904144
2024-08-01 09:22:53,23150.0,300,Sell,227904143
2024-08-01 09:22:53,23150.0,100,Sell,227904142
2024-08-01 09:22:53,23150.0,100,Sell,227904141
2024-08-01 09:22:53,23150.0,200,Sell,227904140
2024-08-01 09:22:53,23150.0,100,Sell,227904130
2024-08-01 09:22:53,23150.0,200,Sell,227904139
2024-08-01 09:22:53,23150.0,300,Sell,227904137
2024-08-01 09:22:53,23150.0,100,Sell,227904136
2024-08-01 09:22:53,23150.0,2000,Sell,227904135
2024-08-01 09:22:53,23150.0,100,Sell,227904134
2024-08-01 09:22:53,23150.0,5000,Sell,227904133
2024-08-01 09:22:53,23150.0,10000,Sell,227904132
2024-08-01 09:22:53,23150.0,200,Sell,227904138
2024-08-01 09:23:06,23150.0,200,Sell,227904495
2024-08-01 09:23:10,23150.0,300,Sell,227904550
2024-08-01 09:23:10,23150.0,700,Sell,227904551
2024-08-01 09:23:10,23150.0,700,Sell,227904548
2024-08-01 09:23:10,23150.0,300,Sell,227904549
2024-08-01 09:23:22,23150.0,10000,Buy,227904785
2024-08-01 09:23:23,23150.0,2000,Buy,227904830
2024-08-01 09:23:30,23150.0,1000,Buy,227905027
2024-08-01 09:23:30,23150.0,1500,Buy,227905028
2024-08-01 09:24:06,23150.0,100,Buy,227906020
2024-08-01 09:24:06,23150.0,200,Buy,227906022
2024-08-01 09:24:26,23150.0,2500,Buy,227906462
2024-08-01 09:24:38,23150.0,5200,Buy,227906744
2024-08-01 09:24:43,23150.0,100,Buy,227906879
2024-08-01 09:24:44,23150.0,100,Buy,227906895
2024-08-01 09:24:51,23150.0,200,Buy,227907091
2024-08-01 09:24:51,23150.0,1900,Buy,227907090
2024-08-01 09:25:01,23150.0,500,Buy,227907297
2024-08-01 09:25:03,23150.0,600,Buy,227907375
2024-08-01 09:25:14,23200.0,5000,Buy,227907704
2024-08-01 09:25:14,23200.0,2000,Buy,227907703
2024-08-01 09:25:14,23200.0,300,Buy,227907706
2024-08-01 09:25:14,23200.0,20000,Buy,227907705
2024-08-01 09:25:14,23200.0,5000,Buy,227907702
2024-08-01 09:25:14,23200.0,200,Buy,227907707
2024-08-01 09:25:14,23200.0,1000,Buy,227907700
2024-08-01 09:25:14,23200.0,300,Buy,227907699
2024-08-01 09:25:14,23200.0,1800,Buy,227907698
2024-08-01 09:25:14,23150.0,10000,Buy,227907697
2024-08-01 09:25:14,23150.0,100,Buy,227907696
2024-08-01 09:25:14,23150.0,3700,Buy,227907695
2024-08-01 09:25:14,23200.0,100,Buy,227907701
2024-08-01 09:25:15,23200.0,500,Sell,227907717
2024-08-01 09:25:45,23200.0,1600,Buy,227908590
2024-08-01 09:25:54,23200.0,100,Buy,227908788
2024-08-01 09:26:04,23200.0,8300,Buy,227909169
2024-08-01 09:26:04,23200.0,100,Buy,227909170
2024-08-01 09:26:12,23200.0,200,Sell,227909381
2024-08-01 09:26:17,23200.0,100,Sell,227909471
2024-08-01 09:26:25,23200.0,1000,Sell,227909713
2024-08-01 09:26:31,23200.0,300,Sell,227909855
2024-08-01 09:26:43,23200.0,2100,Buy,227910109
2024-08-01 09:26:45,23200.0,100,Buy,227910136
2024-08-01 09:26:50,23200.0,2800,Buy,227910239
2024-08-01 09:27:05,23200.0,300,Buy,227910588
2024-08-01 09:27:19,23200.0,200,Buy,227910969
2024-08-01 09:27:58,23150.0,2000,Sell,227912023
2024-08-01 09:27:58,23150.0,5000,Sell,227912022
2024-08-01 09:27:58,23150.0,900,Sell,227912024
2024-08-01 09:27:58,23150.0,2000,Sell,227912020
2024-08-01 09:27:58,23150.0,100,Sell,227912019
2024-08-01 09:27:58,23150.0,10000,Sell,227912021
2024-08-01 09:28:05,23200.0,1200,Buy,227912232
2024-08-01 09:28:15,23200.0,3000,Buy,227912435
2024-08-01 09:28:49,23200.0,100,Buy,227913276
2024-08-01 09:29:06,23150.0,500,Buy,227913760
2024-08-01 09:29:06,23150.0,5000,Sell,227913759
2024-08-01 09:29:06,23150.0,2000,Sell,227913758
2024-08-01 09:29:06,23150.0,1000,Sell,227913756
2024-08-01 09:29:06,23150.0,1900,Sell,227913755
2024-08-01 09:29:06,23150.0,1300,Sell,227913757
2024-08-01 09:29:06,23150.0,100,Sell,227913753
2024-08-01 09:29:06,23150.0,100,Sell,227913752
2024-08-01 09:29:06,23150.0,200,Sell,227913751
2024-08-01 09:29:06,23150.0,1000,Sell,227913750
2024-08-01 09:29:06,23150.0,2100,Sell,227913749
2024-08-01 09:29:06,23150.0,100,Sell,227913754
2024-08-01 09:29:14,23150.0,1000,Buy,227913931
2024-08-01 09:29:29,23150.0,100,Buy,227914319
2024-08-01 09:29:42,23150.0,100,Buy,227914639
2024-08-01 09:29:57,23150.0,500,Buy,227915066
2024-08-01 09:30:00,23150.0,400,Buy,227915174
2024-08-01 09:30:08,23150.0,300,Buy,227915377
2024-08-01 09:30:20,23150.0,5000,Buy,227915712
2024-08-01 09:30:36,23150.0,100,Buy,227916064
2024-08-01 09:30:41,23150.0,100,Buy,227916232
2024-08-01 09:30:49,23100.0,1000,Sell,227916443
2024-08-01 09:30:49,23100.0,1700,Sell,227916445
2024-08-01 09:30:49,23100.0,100,Sell,227916441
2024-08-01 09:30:49,23100.0,300,Sell,227916442
2024-08-01 09:30:49,23100.0,100,Sell,227916444
2024-08-01 09:30:49,23100.0,1800,Sell,227916440
2024-08-01 09:31:03,23100.0,500,Sell,227916799
2024-08-01 09:31:31,23100.0,100,Sell,227917324
2024-08-01 09:31:47,23100.0,100,Sell,227917665
2024-08-01 09:31:54,23100.0,100,Sell,227917898
2024-08-01 09:31:54,23100.0,3100,Sell,227917909
2024-08-01 09:31:54,23100.0,300,Sell,227917908
2024-08-01 09:31:54,23100.0,100,Sell,227917907
2024-08-01 09:31:54,23100.0,2600,Sell,227917897
2024-08-01 09:31:54,23100.0,300,Sell,227917904
2024-08-01 09:31:54,23100.0,200,Sell,227917906
2024-08-01 09:31:54,23100.0,100,Sell,227917902
2024-08-01 09:31:54,23100.0,100,Sell,227917901
2024-08-01 09:31:54,23100.0,200,Sell,227917900
2024-08-01 09:31:54,23100.0,100,Sell,227917899
2024-08-01 09:31:54,23100.0,1800,Sell,227917903
2024-08-01 09:31:54,23100.0,1000,Sell,227917905
2024-08-01 09:31:58,23100.0,100,Sell,227917988
2024-08-01 09:31:58,23100.0,200,Sell,227917989
2024-08-01 09:31:58,23100.0,2200,Sell,227917990
2024-08-01 09:32:04,23100.0,300,Sell,227918157
2024-08-01 09:32:30,23100.0,500,Sell,227918836
2024-08-01 09:32:30,23100.0,500,Sell,227918834
2024-08-01 09:32:30,23100.0,2000,Sell,227918835
2024-08-01 09:32:34,23150.0,300,Buy,227918944
2024-08-01 09:32:53,23100.0,100,Sell,227919561
2024-08-01 09:32:53,23150.0,800,Buy,227919569
2024-08-01 09:32:53,23150.0,200,Buy,227919570
2024-08-01 09:32:59,23150.0,100,Buy,227919812
2024-08-01 09:33:04,23100.0,200,Sell,227919981
2024-08-01 09:33:10,23100.0,700,Sell,227920128
2024-08-01 09:33:10,23100.0,1000,Sell,227920127
2024-08-01 09:33:10,23100.0,400,Sell,227920126
2024-08-01 09:33:10,23100.0,100,Sell,227920125
2024-08-01 09:33:10,23100.0,100,Sell,227920123
2024-08-01 09:33:10,23100.0,400,Sell,227920122
2024-08-01 09:33:10,23100.0,400,Sell,227920121
2024-08-01 09:33:10,23100.0,200,Sell,227920120
2024-08-01 09:33:10,23100.0,200,Sell,227920119
2024-08-01 09:33:10,23100.0,500,Sell,227920124
2024-08-01 09:33:30,23100.0,100,Sell,227920727
2024-08-01 09:34:21,23100.0,100,Sell,227921854
2024-08-01 09:34:25,23100.0,700,Sell,227921953
2024-08-01 09:34:25,23100.0,1000,Sell,227921952
2024-08-01 09:34:25,23100.0,200,Sell,227921951
2024-08-01 09:34:25,23100.0,300,Sell,227921950
2024-08-01 09:34:25,23100.0,1200,Sell,227921949
2024-08-01 09:34:25,23100.0,300,Sell,227921947
2024-08-01 09:34:25,23100.0,300,Sell,227921943
2024-08-01 09:34:25,23100.0,200,Sell,227921944
2024-08-01 09:34:25,23100.0,300,Sell,227921948
2024-08-01 09:34:25,23100.0,1400,Sell,227921946
2024-08-01 09:34:25,23100.0,100,Sell,227921945
2024-08-01 09:34:32,23150.0,900,Buy,227922145
2024-08-01 09:34:32,23150.0,100,Buy,227922146
2024-08-01 09:34:32,23150.0,6600,Buy,227922147
2024-08-01 09:34:32,23100.0,1400,Sell,227922154
2024-08-01 09:34:36,23100.0,200,Sell,227922322
2024-08-01 09:34:41,23100.0,500,Sell,227922452
2024-08-01 09:34:46,23100.0,1500,Sell,227922617
2024-08-01 09:34:48,23150.0,7600,Buy,227922670
2024-08-01 09:34:49,23100.0,500,Sell,227922745
2024-08-01 09:35:06,23150.0,100,Buy,227923071
2024-08-01 09:35:06,23150.0,800,Buy,227923064
2024-08-01 09:35:06,23150.0,400,Buy,227923065
2024-08-01 09:35:06,23150.0,500,Buy,227923066
2024-08-01 09:35:06,23150.0,1000,Buy,227923067
2024-08-01 09:35:06,23150.0,500,Buy,227923068
2024-08-01 09:35:06,23150.0,1800,Buy,227923069
2024-08-01 09:35:06,23150.0,1000,Buy,227923070
2024-08-01 09:35:09,23150.0,6500,Sell,227923144
2024-08-01 09:35:09,23150.0,1500,Sell,227923143
2024-08-01 09:35:17,23150.0,10000,Sell,227923325
2024-08-01 09:35:27,23150.0,3500,Sell,227923587
2024-08-01 09:35:27,23150.0,600,Sell,227923588
2024-08-01 09:35:27,23150.0,1000,Sell,227923589
2024-08-01 09:35:27,23150.0,300,Sell,227923590
2024-08-01 09:35:27,23150.0,1100,Sell,227923591
2024-08-01 09:35:27,23150.0,1800,Sell,227923592
2024-08-01 09:35:29,23150.0,800,Buy,227923643
2024-08-01 09:35:41,23150.0,900,Buy,227923902
2024-08-01 09:35:41,23150.0,500,Buy,227923903
2024-08-01 09:35:41,23150.0,300,Buy,227923904
2024-08-01 09:35:48,23150.0,100,Buy,227924044
2024-08-01 09:36:08,23150.0,100,Buy,227924490
2024-08-01 09:36:15,23150.0,2500,Buy,227924677
2024-08-01 09:36:15,23150.0,7500,Buy,227924678
2024-08-01 09:36:16,23150.0,2000,Buy,227924713
2024-08-01 09:36:19,23150.0,500,Buy,227924764
2024-08-01 09:36:19,23150.0,200,Buy,227924765
2024-08-01 09:36:19,23150.0,500,Buy,227924766
2024-08-01 09:36:20,23150.0,500,Buy,227924801
2024-08-01 09:36:20,23150.0,200,Buy,227924802
2024-08-01 09:37:01,23150.0,500,Sell,227925741
2024-08-01 09:37:06,23150.0,100,Sell,227925838
2024-08-01 09:37:06,23150.0,100,Sell,227925837
2024-08-01 09:37:06,23150.0,8800,Sell,227925836
2024-08-01 09:37:09,23150.0,900,Buy,227925902
2024-08-01 09:37:15,23100.0,200,Sell,227926029
2024-08-01 09:37:17,23100.0,200,Sell,227926058
2024-08-01 09:37:52,23150.0,9900,Buy,227926793
2024-08-01 09:37:52,23150.0,100,Buy,227926792
2024-08-01 09:37:58,23150.0,100,Buy,227926908
2024-08-01 09:37:58,23150.0,100,Buy,227926907
2024-08-01 09:38:48,23200.0,900,Buy,227928235
2024-08-01 09:38:48,23200.0,100,Buy,227928236
2024-08-01 09:38:48,23200.0,100,Buy,227928244
2024-08-01 09:38:49,23150.0,800,Sell,227928271
2024-08-01 09:38:49,23150.0,100,Sell,227928272
2024-08-01 09:38:58,23150.0,100,Sell,227928448
2024-08-01 09:39:06,23150.0,1000,Sell,227928591
2024-08-01 09:39:06,23150.0,100,Sell,227928590
2024-08-01 09:39:06,23150.0,100,Sell,227928588
2024-08-01 09:39:06,23150.0,200,Sell,227928589
2024-08-01 09:39:06,23150.0,800,Sell,227928587
2024-08-01 09:39:40,23200.0,500,Buy,227929307
2024-08-01 09:39:41,23150.0,400,Sell,227929337
2024-08-01 09:39:47,23150.0,300,Sell,227929545
2024-08-01 09:39:47,23150.0,900,Sell,227929548
2024-08-01 09:39:47,23150.0,1300,Sell,227929544
2024-08-01 09:39:47,23150.0,500,Sell,227929543
2024-08-01 09:39:47,23150.0,200,Sell,227929541
2024-08-01 09:39:47,23150.0,100,Sell,227929540
2024-08-01 09:39:47,23150.0,600,Sell,227929539
2024-08-01 09:39:47,23150.0,2000,Sell,227929542
2024-08-01 09:39:48,23150.0,600,Buy,227929560
2024-08-01 09:40:12,23150.0,500,Buy,227930017
2024-08-01 09:40:25,23150.0,8000,Buy,227930266
2024-08-01 09:40:25,23150.0,2000,Buy,227930267
2024-08-01 09:40:28,23150.0,1000,Buy,227930337
2024-08-01 09:40:38,23150.0,100,Buy,227930547
2024-08-01 09:40:43,23150.0,100,Buy,227930625
2024-08-01 09:40:43,23150.0,900,Buy,227930624
2024-08-01 09:40:48,23150.0,100,Buy,227930683
2024-08-01 09:41:04,23150.0,100,Buy,227931015
2024-08-01 09:41:04,23150.0,900,Buy,227931016
2024-08-01 09:41:05,23150.0,200,Buy,227931027
2024-08-01 09:41:09,23150.0,100,Buy,227931102
2024-08-01 09:41:39,23100.0,500,Sell,227931771
2024-08-01 09:41:44,23150.0,1000,Buy,227931841
2024-08-01 09:41:49,23150.0,100,Buy,227931924
2024-08-01 09:42:07,23150.0,100,Buy,227932259
2024-08-01 09:42:28,23150.0,200,Buy,227932713
2024-08-01 09:42:53,23150.0,1000,Buy,227933172
2024-08-01 09:42:53,23150.0,3100,Buy,227933166
2024-08-01 09:42:53,23150.0,900,Buy,227933165
2024-08-01 09:42:54,23150.0,500,Buy,227933197
2024-08-01 09:42:58,23150.0,500,Buy,227933266
2024-08-01 09:43:02,23150.0,500,Buy,227933326
2024-08-01 09:43:03,23150.0,300,Buy,227933335
2024-08-01 09:43:03,23150.0,100,Buy,227933336
2024-08-01 09:43:08,23150.0,100,Buy,227933412
2024-08-01 09:43:25,23150.0,500,Buy,227933723
2024-08-01 09:43:38,23150.0,100,Buy,227934011
2024-08-01 09:44:02,23150.0,100,Buy,227934524
2024-08-01 09:44:19,23150.0,6800,Buy,227935096
2024-08-01 09:44:19,23150.0,3200,Buy,227935095
2024-08-01 09:44:26,23150.0,100,Buy,227935237
2024-08-01 09:44:41,23150.0,500,Buy,227935535
2024-08-01 09:44:50,23150.0,100,Buy,227935711
2024-08-01 09:45:01,23150.0,100,Buy,227935916
2024-08-01 09:45:08,23150.0,2400,Buy,227936057
2024-08-01 09:45:08,23150.0,100,Buy,227936058
2024-08-01 09:45:08,23150.0,1200,Buy,227936059
2024-08-01 09:45:08,23150.0,800,Buy,227936060
2024-08-01 09:45:12,23150.0,900,Buy,227936122
2024-08-01 09:45:12,23150.0,100,Buy,227936123
2024-08-01 09:45:19,23150.0,100,Buy,227936270
2024-08-01 09:45:19,23150.0,500,Buy,227936268
2024-08-01 09:45:19,23150.0,200,Buy,227936269
2024-08-01 09:45:24,23150.0,100,Buy,227936370
2024-08-01 09:45:26,23150.0,100,Buy,227936403
2024-08-01 09:45:29,23150.0,100,Buy,227936441
2024-08-01 09:45:35,23150.0,2000,Buy,227936558
2024-08-01 09:45:37,23150.0,100,Buy,227936602
2024-08-01 09:45:37,23150.0,100,Buy,227936603
2024-08-01 09:45:38,23150.0,200,Buy,227936645
2024-08-01 09:45:38,23150.0,100,Buy,227936646
2024-08-01 09:45:39,23150.0,100,Buy,227936653
2024-08-01 09:45:47,23150.0,500,Buy,227936821
2024-08-01 09:45:47,23150.0,300,Buy,227936819
2024-08-01 09:45:47,23150.0,300,Buy,227936820
2024-08-01 09:46:10,23150.0,1000,Sell,227937342
2024-08-01 09:46:34,23200.0,4000,Buy,227937950
2024-08-01 09:46:34,23200.0,1000,Buy,227937951
2024-08-01 09:46:38,23200.0,700,Buy,227938036
2024-08-01 09:46:39,23200.0,4300,Buy,227938045
2024-08-01 09:46:39,23200.0,700,Buy,227938046
2024-08-01 09:46:48,23200.0,300,Buy,227938237
2024-08-01 09:46:48,23200.0,500,Buy,227938238
2024-08-01 09:46:59,23200.0,100,Buy,227938485
2024-08-01 09:47:10,23200.0,100,Buy,227938720
2024-08-01 09:47:12,23200.0,2000,Buy,227938755
2024-08-01 09:47:13,23200.0,1000,Buy,227938769
2024-08-01 09:47:18,23200.0,100,Buy,227938837
2024-08-01 09:47:18,23200.0,300,Buy,227938836
2024-08-01 09:47:40,23200.0,100,Buy,227939117
2024-08-01 09:47:43,23200.0,1000,Buy,227939165
2024-08-01 09:47:48,23200.0,100,Buy,227939255
2024-08-01 09:47:57,23150.0,400,Sell,227939415
2024-08-01 09:48:03,23200.0,500,Buy,227939531
2024-08-01 09:48:22,23150.0,2000,Sell,227939900
2024-08-01 09:48:34,23200.0,2000,Buy,227940108
2024-08-01 09:48:39,23200.0,300,Buy,227940219
2024-08-01 09:49:00,23200.0,100,Buy,227940722
2024-08-01 09:49:03,23200.0,100,Buy,227940773
2024-08-01 09:49:06,23200.0,100,Buy,227940828
2024-08-01 09:49:09,23200.0,200,Buy,227940925
2024-08-01 09:49:40,23200.0,2000,Buy,227941601
2024-08-01 09:49:41,23200.0,2000,Buy,227941633
2024-08-01 09:49:48,23200.0,600,Buy,227941781
2024-08-01 09:50:00,23200.0,500,Buy,227941988
2024-08-01 09:50:00,23200.0,1200,Buy,227941989
2024-08-01 09:50:00,23200.0,300,Buy,227941990
2024-08-01 09:50:00,23200.0,300,Buy,227941976
2024-08-01 09:50:02,23200.0,300,Buy,227942015
2024-08-01 09:50:02,23200.0,100,Buy,227942016
2024-08-01 09:50:09,23200.0,100,Buy,227942105
2024-08-01 09:50:09,23200.0,300,Buy,227942106
2024-08-01 09:50:14,23200.0,800,Buy,227942186
2024-08-01 09:50:14,23200.0,200,Buy,227942185
2024-08-01 09:50:14,23200.0,500,Buy,227942183
2024-08-01 09:50:14,23200.0,500,Buy,227942182
2024-08-01 09:50:14,23200.0,1000,Buy,227942184
2024-08-01 09:50:18,23200.0,500,Buy,227942269
2024-08-01 09:50:20,23200.0,1000,Buy,227942286
2024-08-01 09:50:23,23200.0,7700,Buy,227942325
2024-08-01 09:50:23,23200.0,2300,Buy,227942326
2024-08-01 09:50:28,23200.0,1700,Buy,227942396
2024-08-01 09:50:38,23200.0,200,Buy,227942567
2024-08-01 09:50:41,23200.0,500,Buy,227942590
2024-08-01 09:50:48,23200.0,100,Buy,227942740
2024-08-01 09:50:53,23200.0,100,Buy,227942834
2024-08-01 09:51:02,23200.0,100,Buy,227942998
2024-08-01 09:51:07,23200.0,400,Buy,227943071
2024-08-01 09:51:21,23150.0,2000,Sell,227943320
2024-08-01 09:51:30,23200.0,300,Buy,227943479
2024-08-01 09:52:53,23200.0,500,Buy,227945201
2024-08-01 09:52:59,23200.0,100,Buy,227945317
2024-08-01 09:53:08,23150.0,5000,Sell,227945511
2024-08-01 09:53:14,23150.0,3000,Sell,227945622
2024-08-01 09:53:22,23150.0,1000,Sell,227945757
2024-08-01 09:53:23,23200.0,100,Buy,227945785
2024-08-01 09:53:23,23200.0,100,Buy,227945786
2024-08-01 09:53:27,23150.0,200,Sell,227945884
2024-08-01 09:53:30,23200.0,2000,Buy,227945961
2024-08-01 09:53:30,23200.0,1000,Buy,227945962
2024-08-01 09:53:30,23200.0,200,Buy,227945964
2024-08-01 09:53:30,23200.0,1800,Buy,227945965
2024-08-01 09:53:30,23200.0,1000,Buy,227945966
2024-08-01 09:53:30,23200.0,1600,Buy,227945960
2024-08-01 09:53:30,23200.0,10000,Buy,227945967
2024-08-01 09:53:30,23200.0,100,Buy,227945969
2024-08-01 09:53:30,23200.0,200000,Buy,227945970
2024-08-01 09:53:30,23200.0,200,Buy,227945971
2024-08-01 09:53:30,23200.0,5000,Buy,227945972
2024-08-01 09:53:30,23200.0,500,Buy,227945973
2024-08-01 09:53:30,23200.0,700,Buy,227945974
2024-08-01 09:53:30,23200.0,10000,Buy,227945968
2024-08-01 09:53:30,23200.0,200,Buy,227945959
2024-08-01 09:53:30,23200.0,300,Buy,227945963
2024-08-01 09:53:30,23200.0,200,Buy,227945957
2024-08-01 09:53:30,23200.0,900,Buy,227945943
2024-08-01 09:53:30,23200.0,100,Buy,227945944
2024-08-01 09:53:30,23200.0,6000,Buy,227945958
2024-08-01 09:53:30,23200.0,300,Buy,227945946
2024-08-01 09:53:30,23200.0,100,Buy,227945947
2024-08-01 09:53:30,23200.0,1000,Buy,227945948
2024-08-01 09:53:30,23200.0,1000,Buy,227945949
2024-08-01 09:53:30,23200.0,1000,Buy,227945945
2024-08-01 09:53:30,23200.0,2000,Buy,227945951
2024-08-01 09:53:30,23200.0,200,Buy,227945952
2024-08-01 09:53:30,23200.0,100,Buy,227945953
2024-08-01 09:53:30,23200.0,2000,Buy,227945954
2024-08-01 09:53:30,23200.0,200,Buy,227945955
2024-08-01 09:53:30,23200.0,100,Buy,227945956
2024-08-01 09:53:30,23200.0,200,Buy,227945950
2024-08-01 09:53:38,23200.0,1900,Buy,227946147
2024-08-01 09:53:38,23200.0,7600,Buy,227946148
2024-08-01 09:53:53,23200.0,1500,Sell,227946536
2024-08-01 09:54:16,23200.0,1000,Sell,227947073
2024-08-01 09:54:31,23200.0,10000,Sell,227947379
2024-08-01 09:54:38,23200.0,100,Sell,227947545
2024-08-01 09:55:04,23200.0,200,Sell,227948226
2024-08-01 09:55:05,23200.0,700,Sell,227948254
2024-08-01 09:55:05,23200.0,300,Sell,227948251
2024-08-01 09:55:05,23200.0,100,Sell,227948250
2024-08-01 09:55:05,23200.0,1500,Sell,227948253
2024-08-01 09:55:05,23200.0,100,Sell,227948248
2024-08-01 09:55:05,23200.0,300,Sell,227948249
2024-08-01 09:55:05,23200.0,15200,Sell,227948245
2024-08-01 09:55:05,23200.0,200,Sell,227948252
2024-08-01 09:55:05,23200.0,200,Sell,227948247
2024-08-01 09:55:05,23200.0,1400,Sell,227948246
2024-08-01 09:55:24,23200.0,1300,Sell,227948686
2024-08-01 09:55:24,23200.0,200,Sell,227948687
2024-08-01 09:55:24,23200.0,500,Sell,227948688
2024-08-01 09:55:25,23200.0,500,Sell,227948722
2024-08-01 09:55:25,23200.0,200,Sell,227948723
2024-08-01 09:55:25,23200.0,3000,Sell,227948724
2024-08-01 09:55:25,23200.0,1000,Sell,227948725
2024-08-01 09:55:27,23200.0,200,Buy,227948787
2024-08-01 09:55:28,23200.0,1000,Buy,227948823
2024-08-01 09:55:34,23200.0,1000,Buy,227948989
2024-08-01 09:55:38,23200.0,300,Buy,227949111
2024-08-01 09:55:42,23200.0,2000,Buy,227949173
2024-08-01 09:55:48,23200.0,300,Buy,227949405
2024-08-01 09:56:00,23200.0,1500,Buy,227949765
2024-08-01 09:56:00,23200.0,500,Buy,227949764
2024-08-01 09:56:08,23200.0,300,Buy,227950068
2024-08-01 09:56:52,23150.0,100,Sell,227951491
2024-08-01 09:57:00,23200.0,100,Buy,227951800
2024-08-01 09:57:14,23200.0,1000,Buy,227952223
2024-08-01 09:57:18,23200.0,100,Buy,227952359
2024-08-01 09:57:26,23200.0,800,Buy,227952676
2024-08-01 09:57:28,23200.0,100,Buy,227952725
2024-08-01 09:57:32,23150.0,300,Sell,227952841
2024-08-01 09:57:42,23200.0,2000,Buy,227953209
2024-08-01 09:57:48,23200.0,300,Buy,227953500
2024-08-01 09:57:50,23150.0,2000,Sell,227953516
2024-08-01 09:58:04,23150.0,2000,Sell,227954010
2024-08-01 09:58:04,23150.0,200,Sell,227954011
2024-08-01 09:58:04,23150.0,2000,Sell,227954012
2024-08-01 09:58:04,23150.0,800,Sell,227954013
2024-08-01 09:58:04,23150.0,200,Sell,227954016
2024-08-01 09:58:04,23150.0,100,Sell,227954017
2024-08-01 09:58:04,23150.0,300,Sell,227954018
2024-08-01 09:58:04,23150.0,300,Sell,227954019
2024-08-01 09:58:04,23150.0,100,Sell,227954009
2024-08-01 09:58:04,23150.0,500,Sell,227954015
2024-08-01 09:58:04,23150.0,300,Sell,227954008
2024-08-01 09:58:04,23150.0,200,Sell,227954014
2024-08-01 09:58:04,23150.0,100,Sell,227954006
2024-08-01 09:58:04,23150.0,30000,Sell,227953996
2024-08-01 09:58:04,23150.0,200,Sell,227953997
2024-08-01 09:58:04,23150.0,2000,Sell,227953998
2024-08-01 09:58:04,23150.0,1100,Sell,227953999
2024-08-01 09:58:04,23150.0,100,Sell,227954000
2024-08-01 09:58:04,23150.0,100,Sell,227954007
2024-08-01 09:58:04,23150.0,100,Sell,227954002
2024-08-01 09:58:04,23150.0,100,Sell,227954003
2024-08-01 09:58:04,23150.0,2000,Sell,227954004
2024-08-01 09:58:04,23150.0,2000,Sell,227954005
2024-08-01 09:58:04,23150.0,200,Sell,227954001
2024-08-01 09:58:06,23200.0,300,Buy,227954052
2024-08-01 09:58:09,23200.0,200,Buy,227954121
2024-08-01 09:58:09,23200.0,300,Buy,227954120
2024-08-01 09:58:09,23200.0,200,Buy,227954106
2024-08-01 09:58:09,23200.0,1000,Buy,227954104
2024-08-01 09:58:09,23200.0,3500,Buy,227954102
2024-08-01 09:58:09,23200.0,1000,Buy,227954105
2024-08-01 09:58:09,23200.0,1000,Buy,227954103
2024-08-01 09:58:13,23200.0,200,Buy,227954191
2024-08-01 09:58:18,23200.0,1100,Buy,227954364
2024-08-01 09:58:20,23150.0,700,Sell,227954437
2024-08-01 09:58:20,23150.0,1000,Sell,227954438
2024-08-01 09:58:20,23150.0,1200,Sell,227954439
2024-08-01 09:58:20,23150.0,100,Sell,227954440
2024-08-01 09:58:37,23150.0,100,Sell,227955126
2024-08-01 09:58:38,23200.0,100,Buy,227955152
2024-08-01 09:58:38,23200.0,1000,Buy,227955148
2024-08-01 09:58:49,23150.0,4800,Sell,227955576
2024-08-01 09:58:49,23150.0,200,Sell,227955577
2024-08-01 09:58:49,23150.0,500,Sell,227955578
2024-08-01 09:58:49,23150.0,200,Sell,227955579
2024-08-01 09:58:49,23150.0,700,Sell,227955580
2024-08-01 09:58:49,23150.0,100,Sell,227955581
2024-08-01 09:58:49,23150.0,100,Sell,227955582
2024-08-01 09:58:49,23150.0,2000,Sell,227955583
2024-08-01 09:58:49,23150.0,300,Sell,227955584
2024-08-01 09:58:49,23150.0,600,Sell,227955585
2024-08-01 09:58:49,23150.0,5500,Sell,227955586
2024-08-01 09:59:07,23150.0,1500,Sell,227956265
2024-08-01 09:59:13,23150.0,200,Sell,227956408
2024-08-01 09:59:13,23150.0,200,Sell,227956407
2024-08-01 09:59:13,23150.0,600,Sell,227956406
2024-08-01 09:59:14,23150.0,200,Sell,227956450
2024-08-01 09:59:14,23150.0,100,Sell,227956451
2024-08-01 09:59:22,23150.0,1700,Sell,227956724
2024-08-01 09:59:22,23150.0,200,Sell,227956725
2024-08-01 09:59:22,23150.0,100,Sell,227956726
2024-08-01 09:59:22,23150.0,2000,Sell,227956727
2024-08-01 09:59:28,23150.0,500,Buy,227957061
2024-08-01 09:59:28,23150.0,600,Buy,227957103
2024-08-01 09:59:48,23150.0,1000,Buy,227957959
2024-08-01 09:59:58,23150.0,100,Buy,227958312
2024-08-01 10:00:23,23150.0,100,Buy,227959081
2024-08-01 10:00:27,23100.0,500,Sell,227959239
2024-08-01 10:00:28,23150.0,1000,Buy,227959282
2024-08-01 10:00:34,23150.0,500,Buy,227959461
2024-08-01 10:00:38,23150.0,200,Buy,227959604
2024-08-01 10:00:44,23150.0,2000,Buy,227959823
2024-08-01 10:00:45,23100.0,500,Sell,227959849
2024-08-01 10:01:14,23200.0,9400,Buy,227960897
2024-08-01 10:01:14,23200.0,500,Buy,227960896
2024-08-01 10:01:14,23200.0,600,Buy,227960895
2024-08-01 10:01:14,23200.0,1500,Buy,227960894
2024-08-01 10:01:14,23200.0,500,Buy,227960893
2024-08-01 10:01:14,23200.0,10000,Buy,227960892
2024-08-01 10:01:14,23200.0,300,Buy,227960891
2024-08-01 10:01:14,23200.0,1000,Buy,227960890
2024-08-01 10:01:14,23200.0,7400,Buy,227960889
2024-08-01 10:01:14,23150.0,100,Buy,227960888
2024-08-01 10:01:14,23150.0,1000,Buy,227960886
2024-08-01 10:01:14,23150.0,3000,Buy,227960884
2024-08-01 10:01:14,23150.0,2000,Buy,227960883
2024-08-01 10:01:14,23150.0,100,Buy,227960882
2024-08-01 10:01:14,23150.0,1000,Buy,227960881
2024-08-01 10:01:14,23150.0,100,Buy,227960880
2024-08-01 10:01:14,23150.0,2000,Buy,227960879
2024-08-01 10:01:14,23150.0,500,Buy,227960878
2024-08-01 10:01:14,23150.0,500,Buy,227960877
2024-08-01 10:01:14,23150.0,5000,Buy,227960876
2024-08-01 10:01:14,23150.0,3000,Buy,227960887
2024-08-01 10:01:14,23150.0,500,Buy,227960885
2024-08-01 10:01:19,23200.0,7500,Buy,227961109
2024-08-01 10:01:28,23150.0,1100,Buy,227961463
2024-08-01 10:01:38,23150.0,100,Buy,227962032
2024-08-01 10:01:42,23150.0,500,Buy,227962130
2024-08-01 10:02:00,23100.0,300,Sell,227962782
2024-08-01 10:02:00,23100.0,1000,Sell,227962783
2024-08-01 10:02:13,23150.0,100,Buy,227963315
2024-08-01 10:02:27,23150.0,1000,Buy,227963943
2024-08-01 10:02:28,23150.0,100,Buy,227963976
2024-08-01 10:03:50,23100.0,3000,Sell,227967626
2024-08-01 10:03:50,23100.0,600,Sell,227967625
2024-08-01 10:03:50,23100.0,100,Sell,227967624
2024-08-01 10:03:50,23100.0,200,Sell,227967627
2024-08-01 10:03:50,23100.0,600,Sell,227967622
2024-08-01 10:03:50,23100.0,200,Sell,227967621
2024-08-01 10:03:50,23100.0,2500,Sell,227967620
2024-08-01 10:03:50,23100.0,100,Sell,227967619
2024-08-01 10:03:50,23100.0,100,Sell,227967615
2024-08-01 10:03:50,23100.0,100,Sell,227967617
2024-08-01 10:03:50,23100.0,100,Sell,227967616
2024-08-01 10:03:50,23100.0,200,Sell,227967614
2024-08-01 10:03:50,23100.0,1000,Sell,227967613
2024-08-01 10:03:50,23100.0,100,Sell,227967612
2024-08-01 10:03:50,23100.0,100,Sell,227967611
2024-08-01 10:03:50,23100.0,100,Sell,227967610
2024-08-01 10:03:50,23100.0,300,Sell,227967609
2024-08-01 10:03:50,23100.0,300,Sell,227967618
2024-08-01 10:03:50,23100.0,100,Sell,227967628
2024-08-01 10:03:50,23100.0,7600,Sell,227967646
2024-08-01 10:03:50,23100.0,300,Sell,227967630
2024-08-01 10:03:50,23100.0,4600,Sell,227967649
2024-08-01 10:03:50,23100.0,200,Sell,227967648
2024-08-01 10:03:50,23100.0,400,Sell,227967647
2024-08-01 10:03:50,23100.0,300,Sell,227967608
2024-08-01 10:03:50,23100.0,2000,Sell,227967645
2024-08-01 10:03:50,23100.0,100,Sell,227967644
2024-08-01 10:03:50,23100.0,100,Sell,227967643
2024-08-01 10:03:50,23100.0,300,Sell,227967642
2024-08-01 10:03:50,23100.0,7600,Sell,227967641
2024-08-01 10:03:50,23100.0,100,Sell,227967640
2024-08-01 10:03:50,23100.0,500,Sell,227967639
2024-08-01 10:03:50,23100.0,400,Sell,227967638
2024-08-01 10:03:50,23100.0,300,Sell,227967637
2024-08-01 10:03:50,23100.0,100,Sell,227967636
2024-08-01 10:03:50,23100.0,300,Sell,227967635
2024-08-01 10:03:50,23100.0,300,Sell,227967634
2024-08-01 10:03:50,23100.0,200,Sell,227967633
2024-08-01 10:03:50,23100.0,7600,Sell,227967632
2024-08-01 10:03:50,23100.0,1000,Sell,227967631
2024-08-01 10:03:50,23100.0,100,Sell,227967629
2024-08-01 10:03:50,23100.0,400,Sell,227967607
2024-08-01 10:03:50,23100.0,300,Sell,227967623
2024-08-01 10:03:50,23100.0,300,Sell,227967605
2024-08-01 10:03:50,23100.0,100,Sell,227967579
2024-08-01 10:03:50,23100.0,200,Sell,227967578
2024-08-01 10:03:50,23100.0,500,Sell,227967577
2024-08-01 10:03:50,23100.0,1000,Sell,227967576
2024-08-01 10:03:50,23100.0,200,Sell,227967575
2024-08-01 10:03:50,23100.0,800,Sell,227967573
2024-08-01 10:03:50,23100.0,300,Sell,227967572
2024-08-01 10:03:50,23100.0,300,Sell,227967571
2024-08-01 10:03:50,23100.0,200,Sell,227967570
2024-08-01 10:03:50,23100.0,500,Sell,227967569
2024-08-01 10:03:50,23100.0,100,Sell,227967568
2024-08-01 10:03:50,23100.0,500,Sell,227967567
2024-08-01 10:03:50,23100.0,200,Sell,227967566
2024-08-01 10:03:50,23100.0,100,Sell,227967565
2024-08-01 10:03:50,23100.0,100,Sell,227967564
2024-08-01 10:03:50,23100.0,100,Sell,227967563
2024-08-01 10:03:50,23100.0,100,Sell,227967562
2024-08-01 10:03:50,23100.0,2000,Sell,227967561
2024-08-01 10:03:50,23100.0,100,Sell,227967606
2024-08-01 10:03:50,23100.0,100,Sell,227967580
2024-08-01 10:03:50,23100.0,100,Sell,227967581
2024-08-01 10:03:50,23100.0,1000,Sell,227967574
2024-08-01 10:03:50,23100.0,200,Sell,227967583
2024-08-01 10:03:50,23100.0,1300,Sell,227967604
2024-08-01 10:03:50,23100.0,1000,Sell,227967603
2024-08-01 10:03:50,23100.0,100,Sell,227967602
2024-08-01 10:03:50,23100.0,20000,Sell,227967582
2024-08-01 10:03:50,23100.0,2000,Sell,227967600
2024-08-01 10:03:50,23100.0,300,Sell,227967599
2024-08-01 10:03:50,23100.0,100,Sell,227967598
2024-08-01 10:03:50,23100.0,1100,Sell,227967597
2024-08-01 10:03:50,23100.0,100,Sell,227967596
2024-08-01 10:03:50,23100.0,400,Sell,227967595
2024-08-01 10:03:50,23100.0,100,Sell,227967601
2024-08-01 10:03:50,23100.0,400,Sell,227967593
2024-08-01 10:03:50,23100.0,200,Sell,227967592
2024-08-01 10:03:50,23100.0,100,Sell,227967591
2024-08-01 10:03:50,23100.0,100,Sell,227967584
2024-08-01 10:03:50,23100.0,200,Sell,227967590
2024-08-01 10:03:50,23100.0,100,Sell,227967589
2024-08-01 10:03:50,23100.0,1000,Sell,227967588
2024-08-01 10:03:50,23100.0,100,Sell,227967587
2024-08-01 10:03:50,23100.0,400,Sell,227967594
2024-08-01 10:04:02,23100.0,500,Sell,227968193
2024-08-01 10:04:07,23100.0,100,Sell,227968429
2024-08-01 10:04:08,23100.0,600,Sell,227968466
2024-08-01 10:04:08,23100.0,2400,Sell,227968465
2024-08-01 10:04:11,23100.0,4000,Sell,227968645
2024-08-01 10:04:14,23100.0,600,Sell,227968806
2024-08-01 10:04:18,23100.0,1000,Sell,227969038
2024-08-01 10:04:21,23150.0,1000,Buy,227969216
2024-08-01 10:04:23,23100.0,200,Sell,227969343
2024-08-01 10:04:28,23100.0,300,Sell,227969522
2024-08-01 10:04:30,23100.0,3600,Sell,227969597
2024-08-01 10:04:42,23100.0,800,Sell,227970109
2024-08-01 10:04:45,23100.0,1000,Sell,227970204
2024-08-01 10:04:45,23100.0,300,Sell,227970203
2024-08-01 10:04:45,23100.0,500,Sell,227970202
2024-08-01 10:04:45,23100.0,1200,Sell,227970199
2024-08-01 10:04:45,23100.0,2000,Sell,227970200
2024-08-01 10:04:45,23100.0,100,Sell,227970201
2024-08-01 10:04:45,23100.0,1300,Sell,227970198
2024-08-01 10:04:48,23100.0,1000,Buy,227970444
2024-08-01 10:04:58,23100.0,100,Buy,227970779
2024-08-01 10:05:07,23050.0,100,Sell,227971167
2024-08-01 10:05:07,23050.0,500,Sell,227971168
2024-08-01 10:05:07,23050.0,5000,Sell,227971169
2024-08-01 10:05:07,23050.0,100,Sell,227971170
2024-08-01 10:05:07,23050.0,800,Sell,227971171
2024-08-01 10:05:11,23100.0,300,Buy,227971385
2024-08-01 10:05:18,23100.0,2200,Buy,227971640
2024-08-01 10:05:18,23100.0,1800,Buy,227971641
2024-08-01 10:05:21,23100.0,100,Buy,227971806
2024-08-01 10:05:26,23100.0,1000,Buy,227972037
2024-08-01 10:05:29,23100.0,100,Buy,227972176
2024-08-01 10:05:29,23100.0,600,Buy,227972177
2024-08-01 10:05:38,23100.0,100,Buy,227972645
2024-08-01 10:05:53,23100.0,200,Buy,227973407
2024-08-01 10:05:56,23050.0,900,Sell,227973603
2024-08-01 10:05:56,23050.0,300,Sell,227973604
2024-08-01 10:05:56,23050.0,7600,Sell,227973605
2024-08-01 10:05:56,23050.0,7600,Sell,227973606
2024-08-01 10:05:56,23050.0,1100,Sell,227973607
2024-08-01 10:05:56,23000.0,500,Sell,227973608
2024-08-01 10:05:56,23000.0,1400,Sell,227973609
2024-08-01 10:05:56,23000.0,100,Sell,227973616
2024-08-01 10:05:56,23000.0,1000,Sell,227973610
2024-08-01 10:05:56,23000.0,2000,Sell,227973611
2024-08-01 10:05:56,23000.0,2000,Sell,227973612
2024-08-01 10:05:56,23000.0,2000,Sell,227973613
2024-08-01 10:05:56,23000.0,1100,Sell,227973614
2024-08-01 10:05:56,23000.0,800,Sell,227973615
2024-08-01 10:05:56,23050.0,300,Sell,227973602
2024-08-01 10:05:56,23000.0,100,Sell,227973617
2024-08-01 10:05:56,23000.0,100,Sell,227973625
2024-08-01 10:05:56,23000.0,200,Sell,227973619
2024-08-01 10:05:56,23000.0,1600,Sell,227973633
2024-08-01 10:05:56,23000.0,5000,Sell,227973632
2024-08-01 10:05:56,23000.0,100,Sell,227973631
2024-08-01 10:05:56,23000.0,100,Sell,227973630
2024-08-01 10:05:56,23000.0,3000,Sell,227973629
2024-08-01 10:05:56,23000.0,1000,Sell,227973628
2024-08-01 10:05:56,23000.0,500,Sell,227973618
2024-08-01 10:05:56,23000.0,200,Sell,227973627
2024-08-01 10:05:56,23000.0,5000,Sell,227973624
2024-08-01 10:05:56,23000.0,500,Sell,227973623
2024-08-01 10:05:56,23000.0,100,Sell,227973622
2024-08-01 10:05:56,23000.0,1500,Sell,227973621
2024-08-01 10:05:56,23000.0,500,Sell,227973620
2024-08-01 10:05:56,23050.0,400,Sell,227973601
2024-08-01 10:05:56,23000.0,100,Sell,227973626
2024-08-01 10:05:56,23050.0,300,Sell,227973600
2024-08-01 10:05:56,23050.0,500,Sell,227973579
2024-08-01 10:05:56,23050.0,100,Sell,227973598
2024-08-01 10:05:56,23050.0,2000,Sell,227973577
2024-08-01 10:05:56,23050.0,100,Sell,227973576
2024-08-01 10:05:56,23050.0,1000,Sell,227973575
2024-08-01 10:05:56,23050.0,300,Sell,227973574
2024-08-01 10:05:56,23050.0,100,Sell,227973573
2024-08-01 10:05:56,23050.0,1200,Sell,227973572
2024-08-01 10:05:56,23050.0,300,Sell,227973580
2024-08-01 10:05:56,23100.0,800,Sell,227973571
2024-08-01 10:05:56,23100.0,2000,Buy,227973556
2024-08-01 10:05:56,23100.0,1000,Buy,227973555
2024-08-01 10:05:56,23100.0,100,Buy,227973554
2024-08-01 10:05:56,23100.0,100,Buy,227973553
2024-08-01 10:05:56,23100.0,700,Buy,227973552
2024-08-01 10:05:56,23050.0,7600,Sell,227973599
2024-08-01 10:05:56,23100.0,300,Buy,227973557
2024-08-01 10:05:56,23050.0,100,Sell,227973581
2024-08-01 10:05:56,23050.0,200,Sell,227973578
2024-08-01 10:05:56,23050.0,100,Sell,227973583
2024-08-01 10:05:56,23050.0,2000,Sell,227973596
2024-08-01 10:05:56,23050.0,100,Sell,227973595
2024-08-01 10:05:56,23050.0,500,Sell,227973594
2024-08-01 10:05:56,23050.0,100,Sell,227973593
2024-08-01 10:05:56,23050.0,200,Sell,227973592
2024-08-01 10:05:56,23050.0,1000,Sell,227973591
2024-08-01 10:05:56,23050.0,1000,Sell,227973590
2024-08-01 10:05:56,23050.0,200,Sell,227973582
2024-08-01 10:05:56,23050.0,100,Sell,227973588
2024-08-01 10:05:56,23050.0,500,Sell,227973587
2024-08-01 10:05:56,23050.0,20000,Sell,227973586
2024-08-01 10:05:56,23050.0,100,Sell,227973585
2024-08-01 10:05:56,23050.0,100,Sell,227973584
2024-08-01 10:05:56,23050.0,500,Sell,227973597
2024-08-01 10:05:56,23050.0,200,Sell,227973589
2024-08-01 10:05:58,23100.0,100,Sell,227973695
2024-08-01 10:06:07,23100.0,1900,Buy,227974099
2024-08-01 10:06:07,23100.0,500,Buy,227974100
2024-08-01 10:06:07,23100.0,200,Buy,227974101
2024-08-01 10:06:07,23100.0,400,Buy,227974102
2024-08-01 10:06:10,23100.0,1000,Sell,227974231
2024-08-01 10:06:13,23100.0,500,Sell,227974299
2024-08-01 10:06:13,23100.0,500,Sell,227974358
2024-08-01 10:06:13,23100.0,400,Sell,227974359
2024-08-01 10:06:14,23100.0,2500,Buy,227974366
2024-08-01 10:06:16,23100.0,1000,Sell,227974438
2024-08-01 10:06:20,23100.0,3000,Sell,227974622
2024-08-01 10:06:21,23100.0,300,Sell,227974694
2024-08-01 10:06:30,23100.0,800,Sell,227975030
2024-08-01 10:06:30,23100.0,800,Sell,227975031
2024-08-01 10:06:30,23100.0,400,Sell,227975032
2024-08-01 10:06:30,23100.0,2000,Sell,227975033
2024-08-01 10:06:31,23100.0,5600,Sell,227975070
2024-08-01 10:06:31,23100.0,5000,Sell,227975071
2024-08-01 10:06:38,23100.0,2100,Buy,227975290
2024-08-01 10:06:53,23100.0,15200,Buy,227975750
2024-08-01 10:06:53,23100.0,300,Buy,227975773
2024-08-01 10:06:58,23100.0,2300,Buy,227976004
2024-08-01 10:07:08,23100.0,1800,Buy,227976400
2024-08-01 10:07:08,23100.0,800,Buy,227976398
2024-08-01 10:07:08,23100.0,1300,Buy,227976399
2024-08-01 10:07:08,23100.0,9200,Buy,227976396
2024-08-01 10:07:08,23100.0,300,Buy,227976395
2024-08-01 10:07:08,23100.0,200,Buy,227976397
2024-08-01 10:07:17,23100.0,2100,Sell,227976629
2024-08-01 10:07:26,23100.0,100,Sell,227977005
2024-08-01 10:07:30,23100.0,500,Sell,227977130
2024-08-01 10:07:42,23100.0,200,Sell,227977511
2024-08-01 10:08:02,23100.0,2000,Sell,227978196
2024-08-01 10:08:03,23100.0,400,Sell,227978239
2024-08-01 10:08:05,23100.0,1500,Sell,227978284
2024-08-01 10:08:29,23100.0,2300,Sell,227979112
2024-08-01 10:08:29,23100.0,2900,Sell,227979113
2024-08-01 10:08:29,23100.0,2300,Sell,227979110
2024-08-01 10:08:29,23100.0,500,Sell,227979111
2024-08-01 10:08:37,23100.0,4700,Sell,227979305
2024-08-01 10:08:37,23100.0,1800,Sell,227979306
2024-08-01 10:08:37,23100.0,100,Sell,227979307
2024-08-01 10:08:37,23100.0,7600,Sell,227979308
2024-08-01 10:08:37,23100.0,7600,Sell,227979309
2024-08-01 10:08:37,23100.0,200,Sell,227979310
2024-08-01 10:08:44,23100.0,300,Sell,227979556
2024-08-01 10:08:57,23100.0,500,Sell,227979961
2024-08-01 10:09:00,23100.0,4500,Sell,227980056
2024-08-01 10:09:00,23100.0,7600,Sell,227980058
2024-08-01 10:09:00,23100.0,22800,Sell,227980057
2024-08-01 10:09:00,23100.0,300,Sell,227980055
2024-08-01 10:09:00,23100.0,600,Sell,227980050
2024-08-01 10:09:00,23100.0,500,Sell,227980053
2024-08-01 10:09:00,23100.0,500,Sell,227980052
2024-08-01 10:09:00,23100.0,7600,Sell,227980051
2024-08-01 10:09:00,23100.0,100,Sell,227980054
2024-08-01 10:09:03,23100.0,100,Buy,227980156
2024-08-01 10:09:08,23100.0,6600,Buy,227980331
2024-08-01 10:09:09,23050.0,1000,Sell,227980351
2024-08-01 10:09:09,23050.0,5000,Sell,227980352
2024-08-01 10:09:09,23050.0,5000,Sell,227980353
2024-08-01 10:09:09,23050.0,4000,Sell,227980354
2024-08-01 10:10:06,23050.0,200,Sell,227981909
2024-08-01 10:10:14,23050.0,800,Sell,227982141
2024-08-01 10:10:14,23050.0,100,Sell,227982142
2024-08-01 10:10:14,23050.0,1000,Sell,227982143
2024-08-01 10:10:14,23050.0,100,Sell,227982144
2024-08-01 10:10:14,23050.0,2000,Sell,227982145
2024-08-01 10:10:15,23050.0,1300,Sell,227982158
2024-08-01 10:10:15,23050.0,500,Sell,227982157
2024-08-01 10:10:15,23050.0,1200,Sell,227982156
2024-08-01 10:10:17,23050.0,8700,Sell,227982200
2024-08-01 10:10:17,23050.0,200,Sell,227982201
2024-08-01 10:10:17,23050.0,1000,Sell,227982202
2024-08-01 10:10:17,23050.0,100,Sell,227982203
2024-08-01 10:10:38,23050.0,200,Sell,227982745
2024-08-01 10:10:38,23050.0,200,Sell,227982746
2024-08-01 10:10:47,23100.0,300,Buy,227983011
2024-08-01 10:10:49,23100.0,100,Buy,227983033
2024-08-01 10:10:51,23100.0,1000,Buy,227983077
2024-08-01 10:10:58,23100.0,100,Buy,227983219
2024-08-01 10:11:17,23100.0,800,Buy,227983649
2024-08-01 10:11:18,23100.0,100,Buy,227983676
2024-08-01 10:11:30,23100.0,100,Buy,227983938
2024-08-01 10:11:35,23100.0,500,Buy,227984049
2024-08-01 10:11:55,23050.0,100,Sell,227984660
2024-08-01 10:11:55,23050.0,400,Sell,227984662
2024-08-01 10:11:55,23050.0,100,Sell,227984659
2024-08-01 10:11:55,23050.0,200,Sell,227984661
2024-08-01 10:11:55,23050.0,100,Sell,227984657
2024-08-01 10:11:55,23050.0,400,Sell,227984655
2024-08-01 10:11:55,23050.0,1000,Sell,227984656
2024-08-01 10:11:55,23050.0,200,Sell,227984658
2024-08-01 10:12:28,23050.0,500,Sell,227985393
2024-08-01 10:12:29,23050.0,1600,Sell,227985419
2024-08-01 10:12:29,23050.0,200,Sell,227985420
2024-08-01 10:12:29,23050.0,100,Sell,227985421
2024-08-01 10:12:29,23050.0,100,Sell,227985422
2024-08-01 10:12:29,23050.0,300,Sell,227985423
2024-08-01 10:12:29,23050.0,100,Sell,227985424
2024-08-01 10:12:29,23050.0,600,Sell,227985425
2024-08-01 10:12:50,23050.0,400,Sell,227985806
2024-08-01 10:12:50,23050.0,100,Sell,227985807
2024-08-01 10:12:55,23100.0,3000,Buy,227985888
2024-08-01 10:12:59,23100.0,500,Buy,227985943
2024-08-01 10:13:39,23100.0,100,Buy,227986619
2024-08-01 10:13:56,23050.0,100,Sell,227986935
2024-08-01 10:14:14,23050.0,500,Sell,227987182
2024-08-01 10:14:17,23050.0,100,Sell,227987244
2024-08-01 10:14:28,23050.0,7100,Sell,227987425
2024-08-01 10:14:38,23050.0,1300,Sell,227987580
2024-08-01 10:14:43,23050.0,2000,Sell,227987659
2024-08-01 10:14:51,23050.0,1000,Sell,227987839
2024-08-01 10:14:59,23050.0,1200,Sell,227987995
2024-08-01 10:15:14,23050.0,100,Sell,227988254
2024-08-01 10:15:15,23100.0,10000,Buy,227988275
2024-08-01 10:15:22,23050.0,1200,Sell,227988393
2024-08-01 10:15:24,23100.0,1500,Buy,227988444
2024-08-01 10:15:28,23100.0,400,Buy,227988520
2024-08-01 10:15:41,23050.0,100,Sell,227988776
2024-08-01 10:15:44,23050.0,1200,Sell,227988821
2024-08-01 10:16:05,23050.0,1200,Sell,227989149
2024-08-01 10:16:17,23050.0,300,Sell,227989314
2024-08-01 10:16:25,23050.0,2000,Sell,227989467
2024-08-01 10:16:27,23050.0,1200,Sell,227989494
2024-08-01 10:16:45,23100.0,1000,Buy,227989896
2024-08-01 10:16:48,23050.0,1200,Sell,227989943
2024-08-01 10:16:48,23100.0,100,Buy,227989947
2024-08-01 10:16:59,23100.0,100,Buy,227990093
2024-08-01 10:17:05,23100.0,1000,Buy,227990197
2024-08-01 10:17:08,23100.0,100,Buy,227990253
2024-08-01 10:17:10,23050.0,1200,Sell,227990281
2024-08-01 10:17:33,23050.0,1200,Sell,227990869
2024-08-01 10:17:54,23050.0,1200,Sell,227991289
2024-08-01 10:18:16,23050.0,1200,Sell,227991790
2024-08-01 10:18:18,23100.0,500,Buy,227991828
2024-08-01 10:18:18,23100.0,200,Buy,227991848
2024-08-01 10:18:28,23100.0,1000,Buy,227992065
2024-08-01 10:18:38,23050.0,1200,Sell,227992179
2024-08-01 10:18:38,23100.0,100,Buy,227992183
2024-08-01 10:18:48,23100.0,100,Buy,227992356
2024-08-01 10:19:00,23050.0,1200,Sell,227992622
2024-08-01 10:19:22,23050.0,1200,Sell,227993020
2024-08-01 10:19:44,23050.0,1200,Sell,227993420
2024-08-01 10:19:59,23050.0,100,Sell,227993805
2024-08-01 10:19:59,23050.0,200,Sell,227993802
2024-08-01 10:19:59,23050.0,100,Sell,227993803
2024-08-01 10:19:59,23050.0,100,Sell,227993804
2024-08-01 10:19:59,23050.0,200,Sell,227993806
2024-08-01 10:19:59,23050.0,200,Sell,227993801
2024-08-01 10:19:59,23050.0,200,Sell,227993808
2024-08-01 10:19:59,23050.0,100,Sell,227993809
2024-08-01 10:19:59,23050.0,1000,Sell,227993814
2024-08-01 10:19:59,23050.0,6900,Sell,227993815
2024-08-01 10:19:59,23050.0,800,Sell,227993807
2024-08-01 10:19:59,23050.0,300,Sell,227993800
2024-08-01 10:19:59,23050.0,1400,Sell,227993794
2024-08-01 10:19:59,23050.0,1000,Sell,227993798
2024-08-01 10:19:59,23050.0,300,Sell,227993787
2024-08-01 10:19:59,23050.0,600,Sell,227993788
2024-08-01 10:19:59,23050.0,500,Sell,227993789
2024-08-01 10:19:59,23050.0,500,Sell,227993790
2024-08-01 10:19:59,23050.0,1000,Sell,227993791
2024-08-01 10:19:59,23050.0,100,Sell,227993799
2024-08-01 10:19:59,23050.0,100,Sell,227993793
2024-08-01 10:19:59,23050.0,7900,Sell,227993786
2024-08-01 10:19:59,23050.0,500,Sell,227993795
2024-08-01 10:19:59,23050.0,500,Sell,227993796
2024-08-01 10:19:59,23050.0,1000,Sell,227993797
2024-08-01 10:19:59,23050.0,500,Sell,227993792
2024-08-01 10:20:05,23050.0,1200,Sell,227993925
2024-08-01 10:20:27,23050.0,1200,Sell,227994356
2024-08-01 10:20:49,23050.0,1200,Sell,227994877
2024-08-01 10:21:09,23050.0,600,Sell,227995325
2024-08-01 10:21:11,23050.0,1200,Sell,227995369
2024-08-01 10:21:26,23050.0,200,Sell,227995610
2024-08-01 10:21:33,23050.0,1200,Sell,227995805
2024-08-01 10:21:55,23050.0,1200,Sell,227996343
2024-08-01 10:22:04,23050.0,1000,Sell,227996503
2024-08-01 10:22:15,23050.0,100,Sell,227996794
2024-08-01 10:22:15,23050.0,1500,Sell,227996793
2024-08-01 10:22:15,23050.0,400,Sell,227996799
2024-08-01 10:22:15,23050.0,400,Sell,227996798
2024-08-01 10:22:15,23050.0,3400,Sell,227996796
2024-08-01 10:22:15,23050.0,100,Sell,227996795
2024-08-01 10:22:15,23050.0,100,Sell,227996797
2024-08-01 10:22:17,23050.0,100,Sell,227996825
2024-08-01 10:22:17,23050.0,1000,Sell,227996826
2024-08-01 10:22:17,23050.0,100,Sell,227996827
2024-08-01 10:22:39,23050.0,700,Sell,227997278
2024-08-01 10:22:39,23050.0,500,Sell,227997277
2024-08-01 10:22:49,23100.0,100,Buy,227997507
2024-08-01 10:22:49,23100.0,900,Buy,227997508
2024-08-01 10:22:50,23100.0,500,Buy,227997523
2024-08-01 10:22:58,23100.0,200,Buy,227997668
2024-08-01 10:23:01,23050.0,700,Sell,227997722
2024-08-01 10:23:01,23050.0,300,Sell,227997719
2024-08-01 10:23:01,23050.0,100,Sell,227997720
2024-08-01 10:23:01,23050.0,100,Sell,227997721
2024-08-01 10:23:16,23050.0,100,Sell,227998140
2024-08-01 10:23:22,23050.0,100,Sell,227998263
2024-08-01 10:23:22,23050.0,1200,Sell,227998254
2024-08-01 10:23:31,23050.0,100,Sell,227998455
2024-08-01 10:23:44,23050.0,1200,Sell,227998664
2024-08-01 10:23:51,23100.0,400,Buy,227998787
2024-08-01 10:23:51,23100.0,900,Buy,227998788
2024-08-01 10:23:58,23100.0,100,Buy,227998944
2024-08-01 10:24:06,23050.0,1200,Sell,227999066
2024-08-01 10:24:20,23050.0,500,Sell,227999324
2024-08-01 10:24:28,23050.0,1200,Sell,227999467
2024-08-01 10:24:33,23050.0,100,Sell,227999547
2024-08-01 10:24:51,23100.0,100,Buy,227999892
2024-08-01 10:24:51,23100.0,100,Buy,227999893
2024-08-01 10:24:51,23100.0,100,Buy,227999894
2024-08-01 10:24:51,23050.0,1200,Sell,227999888
2024-08-01 10:24:58,23100.0,200,Buy,228000015
2024-08-01 10:25:12,23050.0,1200,Sell,228000335
2024-08-01 10:25:13,23100.0,700,Buy,228000358
2024-08-01 10:25:13,23100.0,400,Buy,228000359
2024-08-01 10:25:18,23100.0,300,Buy,228000507
2024-08-01 10:25:34,23050.0,1000,Sell,228000868
2024-08-01 10:25:34,23050.0,200,Sell,228000867
2024-08-01 10:25:41,23100.0,100,Buy,228000973
2024-08-01 10:25:42,23050.0,100,Sell,228001011
2024-08-01 10:25:42,23050.0,300,Sell,228001024
2024-08-01 10:25:42,23050.0,100,Sell,228001025
2024-08-01 10:25:42,23050.0,100,Sell,228001026
2024-08-01 10:25:42,23050.0,100,Sell,228001027
2024-08-01 10:25:42,23050.0,100,Sell,228001028
2024-08-01 10:25:42,23050.0,200,Sell,228001029
2024-08-01 10:25:42,23050.0,100,Sell,228001030
2024-08-01 10:25:57,23050.0,100,Sell,228001379
2024-08-01 10:25:57,23050.0,1100,Sell,228001380
2024-08-01 10:26:09,23100.0,200,Buy,228001696
2024-08-01 10:26:18,23050.0,1200,Sell,228001969
2024-08-01 10:26:40,23050.0,1200,Sell,228002503
2024-08-01 10:26:57,23050.0,400,Sell,228002810
2024-08-01 10:27:00,23050.0,100,Sell,228002922
2024-08-01 10:27:00,23050.0,100,Sell,228002923
2024-08-01 10:27:02,23050.0,100,Sell,228002969
2024-08-01 10:27:02,23050.0,700,Sell,228002968
2024-08-01 10:27:02,23050.0,100,Sell,228002965
2024-08-01 10:27:02,23050.0,200,Sell,228002966
2024-08-01 10:27:02,23050.0,100,Sell,228002967
2024-08-01 10:27:25,23050.0,100,Sell,228003397
2024-08-01 10:27:25,23050.0,200,Sell,228003396
2024-08-01 10:27:25,23050.0,900,Sell,228003398
2024-08-01 10:27:51,23050.0,1200,Sell,228003897
2024-08-01 10:28:10,23050.0,100,Sell,228004436
2024-08-01 10:28:13,23050.0,1200,Sell,228004521
2024-08-01 10:28:14,23050.0,500,Sell,228004532
2024-08-01 10:28:18,23050.0,3000,Sell,228004613
2024-08-01 10:28:20,23050.0,5000,Sell,228004637
2024-08-01 10:28:36,23050.0,1200,Sell,228005038
2024-08-01 10:28:39,23100.0,1000,Buy,228005096
2024-08-01 10:28:48,23100.0,100,Buy,228005338
2024-08-01 10:28:58,23050.0,1200,Sell,228005481
2024-08-01 10:29:02,23100.0,1000,Buy,228005572
2024-08-01 10:29:08,23100.0,300,Buy,228005761
2024-08-01 10:29:09,23100.0,1000,Buy,228005775
2024-08-01 10:29:14,23050.0,500,Sell,228005864
2024-08-01 10:29:21,23050.0,1200,Sell,228005953
2024-08-01 10:29:24,23050.0,600,Sell,228006094
2024-08-01 10:29:43,23050.0,1200,Sell,228006478
2024-08-01 10:30:04,23050.0,1200,Sell,228006974
2024-08-01 10:30:20,23100.0,1000,Buy,228007330
2024-08-01 10:30:26,23050.0,1200,Sell,228007550
2024-08-01 10:30:31,23100.0,300,Buy,228007673
2024-08-01 10:30:48,23050.0,1200,Sell,228008396
2024-08-01 10:31:11,23050.0,1200,Sell,228008834
2024-08-01 10:31:23,23100.0,200,Buy,228009180
2024-08-01 10:31:25,23050.0,1400,Sell,228009231
2024-08-01 10:31:25,23050.0,400,Sell,228009228
2024-08-01 10:31:25,23050.0,100,Sell,228009229
2024-08-01 10:31:25,23050.0,100,Sell,228009230
2024-08-01 10:31:32,23050.0,600,Sell,228009387
2024-08-01 10:31:32,23050.0,600,Sell,228009388
2024-08-01 10:31:36,23050.0,400,Sell,228009551
2024-08-01 10:31:36,23050.0,1600,Sell,228009552
2024-08-01 10:31:38,23050.0,700,Sell,228009591
2024-08-01 10:31:44,23050.0,500,Sell,228009837
2024-08-01 10:31:52,23050.0,3700,Sell,228010160
2024-08-01 10:31:52,23050.0,2000,Sell,228010158
2024-08-01 10:31:52,23050.0,2200,Sell,228010157
2024-08-01 10:31:52,23050.0,100,Sell,228010159
2024-08-01 10:31:54,23050.0,1200,Sell,228010250
2024-08-01 10:32:05,23050.0,100,Sell,228010652
2024-08-01 10:32:16,23050.0,1000,Sell,228010924
2024-08-01 10:32:16,23050.0,1200,Sell,228010932
2024-08-01 10:32:17,23050.0,300,Sell,228010961
2024-08-01 10:32:17,23050.0,100,Sell,228010960
2024-08-01 10:32:17,23050.0,500,Sell,228010959
2024-08-01 10:32:17,23050.0,1000,Sell,228010957
2024-08-01 10:32:17,23050.0,100,Sell,228010958
2024-08-01 10:32:17,23050.0,100,Sell,228010955
2024-08-01 10:32:17,23050.0,100,Sell,228010954
2024-08-01 10:32:17,23050.0,200,Sell,228010953
2024-08-01 10:32:17,23050.0,1000,Sell,228010952
2024-08-01 10:32:17,23050.0,400,Sell,228010951
2024-08-01 10:32:17,23050.0,700,Sell,228010956
2024-08-01 10:32:23,23050.0,300,Sell,228011150
2024-08-01 10:32:23,23050.0,200,Sell,228011143
2024-08-01 10:32:23,23050.0,200,Sell,228011144
2024-08-01 10:32:23,23050.0,100,Sell,228011145
2024-08-01 10:32:23,23050.0,200,Sell,228011146
2024-08-01 10:32:23,23050.0,600,Sell,228011147
2024-08-01 10:32:23,23050.0,200,Sell,228011148
2024-08-01 10:32:23,23050.0,100,Sell,228011149
2024-08-01 10:32:23,23050.0,300,Sell,228011163
2024-08-01 10:32:23,23050.0,1000,Sell,228011141
2024-08-01 10:32:23,23050.0,500,Sell,228011153
2024-08-01 10:32:23,23050.0,100,Sell,228011154
2024-08-01 10:32:23,23050.0,400,Sell,228011155
2024-08-01 10:32:23,23050.0,100,Sell,228011156
2024-08-01 10:32:23,23050.0,300,Sell,228011157
2024-08-01 10:32:23,23050.0,1000,Sell,228011158
2024-08-01 10:32:23,23050.0,2000,Sell,228011159
2024-08-01 10:32:23,23050.0,1300,Sell,228011161
2024-08-01 10:32:23,23050.0,7600,Sell,228011162
2024-08-01 10:32:23,23050.0,300,Sell,228011152
2024-08-01 10:32:23,23050.0,500,Sell,228011140
2024-08-01 10:32:23,23050.0,500,Sell,228011160
2024-08-01 10:32:23,23050.0,100,Sell,228011138
2024-08-01 10:32:23,23050.0,100,Sell,228011139
2024-08-01 10:32:23,23050.0,700,Sell,228011118
2024-08-01 10:32:23,23050.0,300,Sell,228011119
2024-08-01 10:32:23,23050.0,300,Sell,228011120
2024-08-01 10:32:23,23050.0,7600,Sell,228011121
2024-08-01 10:32:23,23050.0,300,Sell,228011122
2024-08-01 10:32:23,23050.0,100,Sell,228011123
2024-08-01 10:32:23,23050.0,100,Sell,228011124
2024-08-01 10:32:23,23050.0,100,Sell,228011125
2024-08-01 10:32:23,23050.0,100,Sell,228011126
2024-08-01 10:32:23,23050.0,200,Sell,228011151
2024-08-01 10:32:23,23050.0,200,Sell,228011128
2024-08-01 10:32:23,23050.0,100,Sell,228011127
2024-08-01 10:32:23,23050.0,1200,Sell,228011136
2024-08-01 10:32:23,23050.0,200,Sell,228011135
2024-08-01 10:32:23,23050.0,100,Sell,228011134
2024-08-01 10:32:23,23050.0,2000,Sell,228011137
2024-08-01 10:32:23,23050.0,200,Sell,228011132
2024-08-01 10:32:23,23050.0,200,Sell,228011129
2024-08-01 10:32:23,23050.0,22800,Sell,228011133
2024-08-01 10:32:23,23050.0,100,Sell,228011131
2024-08-01 10:32:23,23050.0,100,Sell,228011130
2024-08-01 10:32:27,23050.0,300,Buy,228011229
2024-08-01 10:32:27,23050.0,700,Sell,228011222
2024-08-01 10:32:32,23050.0,7700,Sell,228011422
2024-08-01 10:32:32,23050.0,2300,Sell,228011423
2024-08-01 10:32:38,23050.0,1200,Sell,228011579
2024-08-01 10:32:39,23050.0,300,Sell,228011596
2024-08-01 10:32:45,23050.0,4600,Sell,228011844
2024-08-01 10:32:45,23050.0,1500,Sell,228011846
2024-08-01 10:32:45,23050.0,200,Sell,228011845
2024-08-01 10:32:48,23050.0,3700,Buy,228011989
2024-08-01 10:32:50,23050.0,300,Sell,228012020
2024-08-01 10:32:59,23050.0,1000,Sell,228012202
2024-08-01 10:33:00,23050.0,1100,Sell,228012212
2024-08-01 10:33:00,23050.0,100,Sell,228012213
2024-08-01 10:33:05,23050.0,200,Sell,228012309
2024-08-01 10:33:17,23050.0,200,Sell,228012629
2024-08-01 10:33:17,23050.0,300,Sell,228012628
2024-08-01 10:33:22,23050.0,800,Sell,228012717
2024-08-01 10:33:22,23050.0,100,Sell,228012715
2024-08-01 10:33:22,23050.0,300,Sell,228012716
2024-08-01 10:33:33,23050.0,200,Sell,228013090
2024-08-01 10:33:33,23050.0,2800,Sell,228013091
2024-08-01 10:33:44,23050.0,1200,Sell,228013406
2024-08-01 10:33:52,23100.0,100,Buy,228013743
2024-08-01 10:34:05,23100.0,13400,Buy,228014171
2024-08-01 10:34:05,23100.0,9400,Buy,228014172
2024-08-01 10:34:06,23050.0,1200,Sell,228014228
2024-08-01 10:34:22,23050.0,100,Sell,228014763
2024-08-01 10:34:28,23050.0,1200,Sell,228015007
2024-08-01 10:34:30,23050.0,1100,Sell,228015073
2024-08-01 10:34:30,23050.0,100,Sell,228015074
2024-08-01 10:34:30,23050.0,300,Sell,228015075
2024-08-01 10:34:50,23050.0,1200,Sell,228015698
2024-08-01 10:35:07,23050.0,2000,Sell,228016532
2024-08-01 10:35:11,23050.0,1200,Sell,228016705
2024-08-01 10:35:16,23050.0,400,Sell,228016866
2024-08-01 10:35:16,23050.0,2900,Sell,228016865
2024-08-01 10:35:16,23050.0,6700,Sell,228016871
2024-08-01 10:35:16,23050.0,100,Sell,228016870
2024-08-01 10:35:16,23050.0,100,Sell,228016867
2024-08-01 10:35:16,23050.0,200,Sell,228016868
2024-08-01 10:35:16,23050.0,3600,Sell,228016869
2024-08-01 10:35:18,23100.0,2600,Buy,228016981
2024-08-01 10:35:20,23050.0,900,Sell,228017023
2024-08-01 10:35:20,23050.0,200,Sell,228017024
2024-08-01 10:35:20,23050.0,100,Sell,228017025
2024-08-01 10:35:20,23050.0,300,Sell,228017026
2024-08-01 10:35:24,23050.0,600,Sell,228017168
2024-08-01 10:35:35,23100.0,1000,Buy,228017508
2024-08-01 10:35:35,23050.0,100,Sell,228017505
2024-08-01 10:35:35,23050.0,500,Sell,228017504
2024-08-01 10:35:35,23050.0,300,Sell,228017503
2024-08-01 10:35:35,23050.0,100,Sell,228017502
2024-08-01 10:35:35,23050.0,100,Sell,228017501
2024-08-01 10:35:35,23050.0,100,Sell,228017500
2024-08-01 10:35:38,23100.0,300,Buy,228017595
2024-08-01 10:35:42,23050.0,2000,Sell,228017656
2024-08-01 10:35:45,23100.0,4200,Buy,228017787
2024-08-01 10:35:45,23100.0,400,Buy,228017786
2024-08-01 10:35:45,23100.0,1000,Buy,228017785
2024-08-01 10:35:45,23100.0,200,Buy,228017784
2024-08-01 10:35:45,23100.0,1000,Buy,228017780
2024-08-01 10:35:45,23100.0,100,Buy,228017782
2024-08-01 10:35:45,23100.0,100,Buy,228017781
2024-08-01 10:35:45,23100.0,100,Buy,228017779
2024-08-01 10:35:45,23100.0,1000,Buy,228017783
2024-08-01 10:35:45,23100.0,800,Buy,228017778
2024-08-01 10:35:48,23100.0,1600,Buy,228017927
2024-08-01 10:35:55,23050.0,200,Sell,228018082
2024-08-01 10:35:55,23050.0,1000,Sell,228018083
2024-08-01 10:36:06,23100.0,5400,Buy,228018492
2024-08-01 10:36:06,23100.0,1200,Buy,228018485
2024-08-01 10:36:06,23100.0,500,Buy,228018486
2024-08-01 10:36:06,23100.0,200,Buy,228018487
2024-08-01 10:36:06,23100.0,1000,Buy,228018488
2024-08-01 10:36:06,23100.0,3000,Buy,228018489
2024-08-01 10:36:06,23100.0,300,Buy,228018490
2024-08-01 10:36:06,23100.0,500,Buy,228018491
2024-08-01 10:36:07,23100.0,15500,Buy,228018523
2024-08-01 10:36:08,23100.0,4100,Buy,228018617
2024-08-01 10:36:11,23100.0,4500,Buy,228018734
2024-08-01 10:36:12,23050.0,1200,Sell,228018756
2024-08-01 10:36:17,23050.0,1200,Sell,228018878
2024-08-01 10:36:21,23050.0,200,Sell,228018991
2024-08-01 10:36:33,23100.0,2200,Buy,228019369
2024-08-01 10:36:37,23100.0,10800,Buy,228019535
2024-08-01 10:36:38,23100.0,1900,Buy,228019581
2024-08-01 10:36:39,23050.0,1200,Sell,228019627
2024-08-01 10:36:45,23100.0,1000,Buy,228019764
2024-08-01 10:36:48,23100.0,600,Buy,228019915
2024-08-01 10:37:01,23050.0,1200,Sell,228020166
2024-08-01 10:37:08,23050.0,100,Sell,228020344
2024-08-01 10:37:24,23050.0,1200,Sell,228020806
2024-08-01 10:37:46,23050.0,300,Sell,228021379
2024-08-01 10:37:46,23050.0,700,Sell,228021380
2024-08-01 10:37:46,23050.0,200,Sell,228021381
2024-08-01 10:37:49,23100.0,1000,Buy,228021556
2024-08-01 10:37:58,23100.0,100,Buy,228021852
2024-08-01 10:38:08,23050.0,400,Sell,228022086
2024-08-01 10:38:08,23050.0,300,Sell,228022087
2024-08-01 10:38:08,23050.0,400,Sell,228022084
2024-08-01 10:38:08,23050.0,100,Sell,228022085
2024-08-01 10:38:09,23050.0,500,Sell,228022108
2024-08-01 10:38:12,23050.0,200,Sell,228022153
2024-08-01 10:38:22,23050.0,400,Sell,228022348
2024-08-01 10:38:29,23050.0,100,Sell,228022480
2024-08-01 10:38:29,23050.0,200,Sell,228022481
2024-08-01 10:38:29,23050.0,900,Sell,228022482
2024-08-01 10:38:34,23050.0,100,Sell,228022569
2024-08-01 10:38:34,23050.0,500,Sell,228022580
2024-08-01 10:38:51,23050.0,100,Sell,228022964
2024-08-01 10:38:51,23050.0,1100,Sell,228022965
2024-08-01 10:38:55,23050.0,100,Sell,228023042
2024-08-01 10:39:04,23050.0,100,Sell,228023243
2024-08-01 10:39:07,23050.0,1000,Sell,228023308
2024-08-01 10:39:14,23050.0,1200,Sell,228023457
2024-08-01 10:39:36,23050.0,1200,Sell,228023928
2024-08-01 10:39:38,23050.0,200,Sell,228023999
2024-08-01 10:39:51,23050.0,1000,Sell,228024258
2024-08-01 10:39:58,23050.0,1200,Sell,228024431
2024-08-01 10:40:11,23050.0,500,Sell,228024719
2024-08-01 10:40:11,23050.0,100,Sell,228024720
2024-08-01 10:40:11,23050.0,1400,Sell,228024721
2024-08-01 10:40:20,23050.0,1200,Sell,228024888
2024-08-01 10:40:34,23050.0,300,Sell,228025167
2024-08-01 10:40:42,23050.0,1200,Sell,228025328
2024-08-01 10:40:44,23050.0,500,Sell,228025347
2024-08-01 10:41:03,23050.0,200,Sell,228025735
2024-08-01 10:41:04,23050.0,1200,Sell,228025812
2024-08-01 10:41:26,23050.0,1200,Sell,228026305
2024-08-01 10:41:32,23050.0,500,Sell,228026431
2024-08-01 10:41:46,23050.0,2000,Sell,228026812
2024-08-01 10:41:48,23050.0,1200,Sell,228026843
2024-08-01 10:41:57,23050.0,1500,Sell,228026981
2024-08-01 10:42:01,23050.0,500,Sell,228027062
2024-08-01 10:42:10,23050.0,1200,Sell,228027284
2024-08-01 10:42:19,23100.0,1000,Buy,228027450
2024-08-01 10:42:26,23050.0,300,Sell,228027586
2024-08-01 10:42:27,23100.0,1900,Buy,228027597
2024-08-01 10:42:27,23100.0,1000,Buy,228027598
2024-08-01 10:42:27,23100.0,2200,Buy,228027599
2024-08-01 10:42:27,23100.0,800,Buy,228027600
2024-08-01 10:42:27,23100.0,100,Buy,228027601
2024-08-01 10:42:27,23100.0,2000,Buy,228027602
2024-08-01 10:42:27,23100.0,3200,Buy,228027603
2024-08-01 10:42:29,23100.0,1000,Buy,228027663
2024-08-01 10:42:29,23100.0,300,Buy,228027661
2024-08-01 10:42:29,23100.0,500,Buy,228027662
2024-08-01 10:42:32,23050.0,1200,Sell,228027767
2024-08-01 10:42:33,23050.0,1000,Sell,228027781
2024-08-01 10:42:52,23100.0,1000,Buy,228028185
2024-08-01 10:42:54,23050.0,1200,Sell,228028206
2024-08-01 10:43:16,23050.0,1200,Sell,228028654
2024-08-01 10:43:21,23100.0,100,Buy,228028730
2024-08-01 10:43:38,23050.0,1000,Sell,228029170
2024-08-01 10:43:38,23050.0,100,Sell,228029171
2024-08-01 10:43:38,23050.0,100,Sell,228029172
2024-08-01 10:43:56,23050.0,4400,Sell,228029451
2024-08-01 10:43:56,23050.0,100,Sell,228029450
2024-08-01 10:43:56,23050.0,400,Sell,228029447
2024-08-01 10:43:56,23050.0,2000,Sell,228029448
2024-08-01 10:43:56,23050.0,100,Sell,228029449
2024-08-01 10:44:01,23050.0,1300,Sell,228029527
2024-08-01 10:44:04,23100.0,400,Buy,228029572
2024-08-01 10:44:08,23100.0,200,Buy,228029651
2024-08-01 10:44:12,23100.0,12500,Buy,228029718
2024-08-01 10:44:12,23100.0,7300,Buy,228029715
2024-08-01 10:44:12,23100.0,2500,Buy,228029716
2024-08-01 10:44:12,23100.0,500,Buy,228029717
2024-08-01 10:44:18,23100.0,3400,Buy,228029819
2024-08-01 10:44:22,23050.0,1300,Sell,228029876
2024-08-01 10:44:29,23050.0,300,Sell,228030066
2024-08-01 10:44:29,23050.0,600,Sell,228030063
2024-08-01 10:44:29,23050.0,1000,Sell,228030064
2024-08-01 10:44:29,23050.0,100,Sell,228030065
2024-08-01 10:44:44,23050.0,1300,Sell,228030311
2024-08-01 10:45:05,23050.0,1300,Sell,228030695
2024-08-01 10:45:15,23050.0,200,Sell,228030858
2024-08-01 10:45:15,23050.0,100,Sell,228030859
2024-08-01 10:45:15,23050.0,100,Sell,228030860
2024-08-01 10:45:15,23050.0,100,Sell,228030861
2024-08-01 10:45:15,23050.0,1400,Sell,228030862
2024-08-01 10:45:15,23050.0,1100,Sell,228030857
2024-08-01 10:45:21,23050.0,200,Sell,228030936
2024-08-01 10:45:27,23050.0,1300,Sell,228031021
2024-08-01 10:45:43,23050.0,500,Sell,228031233
2024-08-01 10:45:50,23050.0,1300,Sell,228031373
2024-08-01 10:45:52,23100.0,4100,Buy,228031398
2024-08-01 10:45:52,23100.0,100,Buy,228031399
2024-08-01 10:45:58,23100.0,600,Buy,228031563
2024-08-01 10:45:58,23100.0,200,Buy,228031564
2024-08-01 10:46:08,23100.0,100,Buy,228031706
2024-08-01 10:46:12,23050.0,300,Sell,228031753
2024-08-01 10:46:12,23050.0,1000,Sell,228031754
2024-08-01 10:46:16,23050.0,1200,Sell,228031816
2024-08-01 10:46:33,23050.0,1300,Sell,228032189
2024-08-01 10:46:54,23050.0,300,Sell,228032665
2024-08-01 10:46:55,23050.0,1300,Sell,228032669
2024-08-01 10:47:10,23100.0,1000,Buy,228032875
2024-08-01 10:47:10,23050.0,1000,Sell,228032877
2024-08-01 10:47:17,23050.0,1300,Sell,228032973
2024-08-01 10:47:19,23050.0,200,Sell,228033031
2024-08-01 10:47:19,23050.0,500,Sell,228033032
2024-08-01 10:47:19,23050.0,200,Sell,228033033
2024-08-01 10:47:19,23050.0,600,Sell,228033034
2024-08-01 10:47:35,23100.0,100,Buy,228033408
2024-08-01 10:47:38,23050.0,1300,Sell,228033503
2024-08-01 10:47:49,23100.0,1000,Buy,228033686
2024-08-01 10:47:49,23050.0,6700,Sell,228033680
2024-08-01 10:47:49,23050.0,100,Sell,228033679
2024-08-01 10:47:49,23050.0,200,Sell,228033678
2024-08-01 10:47:49,23050.0,300,Sell,228033677
2024-08-01 10:47:49,23050.0,100,Sell,228033676
2024-08-01 10:47:49,23050.0,400,Sell,228033673
2024-08-01 10:47:49,23050.0,1000,Sell,228033675
2024-08-01 10:47:49,23050.0,100,Sell,228033671
2024-08-01 10:47:49,23050.0,200,Sell,228033672
2024-08-01 10:47:49,23050.0,100,Sell,228033663
2024-08-01 10:47:49,23050.0,100,Sell,228033665
2024-08-01 10:47:49,23050.0,100,Sell,228033666
2024-08-01 10:47:49,23050.0,200,Sell,228033674
2024-08-01 10:47:49,23050.0,1000,Sell,228033668
2024-08-01 10:47:49,23050.0,100,Sell,228033669
2024-08-01 10:47:49,23050.0,200,Sell,228033670
2024-08-01 10:47:49,23050.0,100,Sell,228033667
2024-08-01 10:47:50,23050.0,1100,Sell,228033694
2024-08-01 10:48:01,23050.0,1300,Sell,228033846
2024-08-01 10:48:07,23050.0,100,Sell,228033915
2024-08-01 10:48:23,23050.0,1300,Sell,228034169
2024-08-01 10:48:42,23100.0,1000,Buy,228034429
2024-08-01 10:48:44,23050.0,100,Sell,228034458
2024-08-01 10:48:44,23050.0,600,Sell,228034462
2024-08-01 10:48:44,23050.0,200,Sell,228034463
2024-08-01 10:48:44,23050.0,500,Sell,228034464
2024-08-01 10:49:04,23050.0,1500,Sell,228034823
2024-08-01 10:49:06,23050.0,1300,Sell,228034855
2024-08-01 10:49:15,23100.0,7100,Buy,228035032
2024-08-01 10:49:15,23100.0,200,Buy,228035031
2024-08-01 10:49:15,23100.0,100,Buy,228035030
2024-08-01 10:49:15,23100.0,1600,Buy,228035029
2024-08-01 10:49:18,23100.0,1300,Buy,228035075
2024-08-01 10:49:23,23050.0,3000,Sell,228035204
2024-08-01 10:49:28,23050.0,1300,Sell,228035317
2024-08-01 10:49:40,23050.0,200,Sell,228035542
2024-08-01 10:49:40,23050.0,500,Sell,228035543
2024-08-01 10:49:40,23050.0,200,Sell,228035544
2024-08-01 10:49:40,23050.0,3100,Sell,228035545
2024-08-01 10:49:45,23100.0,4000,Buy,228035679
2024-08-01 10:49:48,23100.0,1200,Buy,228035745
2024-08-01 10:49:50,23050.0,1300,Sell,228035769
2024-08-01 10:50:12,23050.0,1300,Sell,228036253
2024-08-01 10:50:16,23050.0,900,Sell,228036318
2024-08-01 10:50:28,23050.0,300,Sell,228036534
2024-08-01 10:50:28,23050.0,100,Sell,228036528
2024-08-01 10:50:34,23050.0,1300,Sell,228036656
2024-08-01 10:50:41,23050.0,10000,Sell,228036832
2024-08-01 10:50:55,23050.0,1300,Sell,228037108
2024-08-01 10:51:17,23050.0,1300,Sell,228037500
2024-08-01 10:51:29,23050.0,1900,Sell,228037772
2024-08-01 10:51:29,23050.0,100,Sell,228037773
2024-08-01 10:51:39,23050.0,400,Sell,228038005
2024-08-01 10:51:39,23050.0,400,Sell,228038004
2024-08-01 10:51:39,23050.0,100,Sell,228038002
2024-08-01 10:51:39,23050.0,300,Sell,228038003
2024-08-01 10:51:39,23050.0,100,Sell,228038001
2024-08-01 10:51:41,23050.0,500,Sell,228038028
2024-08-01 10:51:43,23050.0,100,Sell,228038052
2024-08-01 10:51:43,23050.0,100,Sell,228038053
2024-08-01 10:51:43,23050.0,300,Sell,228038054
2024-08-01 10:51:52,23050.0,200,Sell,228038246
2024-08-01 10:51:52,23050.0,300,Sell,228038247
2024-08-01 10:51:59,23100.0,1000,Buy,228038364
2024-08-01 10:52:01,23050.0,400,Sell,228038418
2024-08-01 10:52:01,23050.0,7600,Sell,228038417
2024-08-01 10:52:01,23050.0,1000,Sell,228038416
2024-08-01 10:52:01,23050.0,300,Sell,228038415
2024-08-01 10:52:01,23050.0,100,Sell,228038412
2024-08-01 10:52:01,23050.0,100,Sell,228038413
2024-08-01 10:52:01,23050.0,100,Sell,228038411
2024-08-01 10:52:01,23050.0,300,Sell,228038410
2024-08-01 10:52:01,23050.0,300,Sell,228038409
2024-08-01 10:52:01,23050.0,100,Sell,228038414
2024-08-01 10:52:23,23050.0,100,Sell,228039070
2024-08-01 10:52:23,23050.0,200,Sell,228039071
2024-08-01 10:52:23,23050.0,100,Sell,228039069
2024-08-01 10:52:23,23050.0,300,Sell,228039065
2024-08-01 10:52:23,23050.0,100,Sell,228039067
2024-08-01 10:52:23,23050.0,100,Sell,228039066
2024-08-01 10:52:23,23050.0,300,Sell,228039064
2024-08-01 10:52:23,23050.0,100,Sell,228039068
2024-08-01 10:52:26,23050.0,200,Sell,228039177
2024-08-01 10:52:26,23050.0,500,Sell,228039178
2024-08-01 10:52:26,23050.0,100,Sell,228039179
2024-08-01 10:52:36,23050.0,300,Sell,228039380
2024-08-01 10:52:37,23050.0,200,Sell,228039393
2024-08-01 10:52:38,23050.0,500,Sell,228039420
2024-08-01 10:52:38,23050.0,100,Sell,228039424
2024-08-01 10:52:38,23050.0,100,Sell,228039423
2024-08-01 10:52:38,23050.0,1000,Sell,228039422
2024-08-01 10:52:38,23050.0,200,Sell,228039421
2024-08-01 10:52:38,23050.0,400,Sell,228039419
2024-08-01 10:52:38,23050.0,600,Sell,228039425
2024-08-01 10:52:38,23050.0,100,Sell,228039417
2024-08-01 10:52:38,23050.0,400,Sell,228039416
2024-08-01 10:52:38,23050.0,500,Sell,228039415
2024-08-01 10:52:38,23050.0,300,Sell,228039414
2024-08-01 10:52:38,23050.0,100,Sell,228039413
2024-08-01 10:52:38,23050.0,200,Sell,228039418
2024-08-01 10:52:38,23050.0,500,Sell,228039412
2024-08-01 10:52:44,23050.0,1300,Sell,228039600
2024-08-01 10:52:48,23050.0,2000,Sell,228039736
2024-08-01 10:52:49,23050.0,200,Sell,228039751
2024-08-01 10:52:49,23050.0,1400,Sell,228039788
2024-08-01 10:52:49,23050.0,1000,Sell,228039787
2024-08-01 10:52:49,23050.0,300,Sell,228039786
2024-08-01 10:52:49,23050.0,300,Sell,228039785
2024-08-01 10:52:49,23050.0,100,Sell,228039784
2024-08-01 10:52:49,23050.0,100,Sell,228039783
2024-08-01 10:52:49,23050.0,100,Sell,228039782
2024-08-01 10:52:49,23050.0,1500,Sell,228039781
2024-08-01 10:52:49,23050.0,200,Sell,228039780
2024-08-01 10:52:49,23050.0,100,Sell,228039778
2024-08-01 10:52:49,23050.0,100,Sell,228039777
2024-08-01 10:52:49,23050.0,1600,Sell,228039776
2024-08-01 10:52:49,23050.0,100,Sell,228039774
2024-08-01 10:52:49,23050.0,500,Sell,228039779
2024-08-01 10:52:49,23050.0,100,Sell,228039772
2024-08-01 10:52:49,23050.0,100,Sell,228039759
2024-08-01 10:52:49,23050.0,1000,Sell,228039773
2024-08-01 10:52:49,23050.0,300,Sell,228039761
2024-08-01 10:52:49,23050.0,100,Sell,228039762
2024-08-01 10:52:49,23050.0,400,Sell,228039763
2024-08-01 10:52:49,23050.0,200,Sell,228039764
2024-08-01 10:52:49,23050.0,600,Sell,228039765
2024-08-01 10:52:49,23050.0,1000,Sell,228039760
2024-08-01 10:52:49,23050.0,7600,Sell,228039767
2024-08-01 10:52:49,23050.0,100,Sell,228039766
2024-08-01 10:52:49,23050.0,300,Sell,228039771
2024-08-01 10:52:49,23050.0,300,Sell,228039775
2024-08-01 10:52:49,23050.0,100,Sell,228039769
2024-08-01 10:52:49,23050.0,100,Sell,228039768
2024-08-01 10:52:49,23050.0,100,Sell,228039770
2024-08-01 10:52:56,23050.0,200,Sell,228040008
2024-08-01 10:52:56,23050.0,300,Sell,228040009
2024-08-01 10:52:56,23050.0,500,Sell,228040010
2024-08-01 10:53:07,23050.0,300,Sell,228040330
2024-08-01 10:53:07,23050.0,300,Sell,228040331
2024-08-01 10:53:07,23050.0,100,Sell,228040332
2024-08-01 10:53:07,23050.0,600,Sell,228040333
2024-08-01 10:53:09,23050.0,2800,Sell,228040418
2024-08-01 10:53:09,23050.0,200,Sell,228040419
2024-08-01 10:53:09,23050.0,100,Sell,228040420
2024-08-01 10:53:18,23050.0,400,Buy,228040648
2024-08-01 10:53:22,23050.0,200,Buy,228040737
2024-08-01 10:53:28,23000.0,1300,Sell,228040878
2024-08-01 10:53:43,23000.0,2000,Sell,228041341
2024-08-01 10:53:51,23000.0,100,Sell,228041753
2024-08-01 10:53:51,23000.0,100,Sell,228041755
2024-08-01 10:53:51,23000.0,100,Sell,228041752
2024-08-01 10:53:51,23000.0,1000,Sell,228041754
2024-08-01 10:54:03,23000.0,400,Sell,228042291
2024-08-01 10:54:03,23000.0,100,Sell,228042290
2024-08-01 10:54:03,23000.0,200,Sell,228042289
2024-08-01 10:54:03,23000.0,2000,Sell,228042288
2024-08-01 10:54:03,23000.0,200,Sell,228042287
2024-08-01 10:54:03,23000.0,100,Sell,228042283
2024-08-01 10:54:03,23000.0,1000,Sell,228042282
2024-08-01 10:54:03,23000.0,200,Sell,228042274
2024-08-01 10:54:03,23000.0,2000,Sell,228042280
2024-08-01 10:54:03,23000.0,300,Sell,228042275
2024-08-01 10:54:03,23000.0,100,Sell,228042276
2024-08-01 10:54:03,23000.0,100,Sell,228042281
2024-08-01 10:54:03,23000.0,500,Sell,228042278
2024-08-01 10:54:03,23000.0,100,Sell,228042279
2024-08-01 10:54:03,23000.0,200,Sell,228042277
2024-08-01 10:54:05,23000.0,800,Sell,228042340
2024-08-01 10:54:05,23000.0,100,Sell,228042341
2024-08-01 10:54:05,23000.0,100,Sell,228042342
2024-08-01 10:54:05,23000.0,100,Sell,228042343
2024-08-01 10:54:05,23000.0,300,Sell,228042344
2024-08-01 10:54:05,23000.0,100,Sell,228042345
2024-08-01 10:54:13,23000.0,100,Sell,228042875
2024-08-01 10:54:13,23000.0,500,Sell,228042876
2024-08-01 10:54:13,23000.0,700,Sell,228042877
2024-08-01 10:54:24,23000.0,200,Sell,228043450
2024-08-01 10:54:35,23000.0,1300,Sell,228043977
2024-08-01 10:54:42,23000.0,200,Sell,228044240
2024-08-01 10:54:56,23000.0,100,Sell,228044975
2024-08-01 10:54:56,23000.0,200,Sell,228044976
2024-08-01 10:54:56,23000.0,100,Sell,228044977
2024-08-01 10:54:56,23000.0,600,Sell,228044973
2024-08-01 10:54:56,23000.0,300,Sell,228044974
2024-08-01 10:54:57,23000.0,15000,Sell,228044986
2024-08-01 10:55:11,23000.0,400,Sell,228045848
2024-08-01 10:55:14,23000.0,2000,Sell,228046043
2024-08-01 10:55:18,23000.0,1300,Sell,228046187
2024-08-01 10:55:18,23000.0,600,Sell,228046200
2024-08-01 10:55:24,23000.0,1300,Sell,228046713
2024-08-01 10:55:29,23000.0,500,Sell,228046957
2024-08-01 10:55:35,23000.0,5000,Sell,228047369
2024-08-01 10:55:39,23000.0,1500,Sell,228047723
2024-08-01 10:55:40,23000.0,1300,Sell,228047924
2024-08-01 10:55:57,23000.0,5000,Sell,228048888
2024-08-01 10:56:02,23000.0,1300,Sell,228049200
2024-08-01 10:56:21,23000.0,1000,Sell,228050827
2024-08-01 10:56:21,23000.0,14800,Sell,228050826
2024-08-01 10:56:21,23000.0,100,Sell,228050854
2024-08-01 10:56:21,23000.0,1000,Sell,228050838
2024-08-01 10:56:21,23000.0,1000,Sell,228050837
2024-08-01 10:56:21,23000.0,100,Sell,228050836
2024-08-01 10:56:21,23000.0,2000,Sell,228050835
2024-08-01 10:56:21,23000.0,100,Sell,228050831
2024-08-01 10:56:21,23000.0,3700,Sell,228050833
2024-08-01 10:56:21,23000.0,1000,Sell,228050832
2024-08-01 10:56:21,23000.0,400,Sell,228050834
2024-08-01 10:56:21,23000.0,300,Sell,228050829
2024-08-01 10:56:21,23000.0,100,Sell,228050828
2024-08-01 10:56:22,23000.0,400,Sell,228050874
2024-08-01 10:56:22,23000.0,200,Sell,228050873
2024-08-01 10:56:22,23000.0,1500,Sell,228050872
2024-08-01 10:56:22,23000.0,300,Sell,228050871
2024-08-01 10:56:22,23000.0,3000,Sell,228050875
2024-08-01 10:56:22,23000.0,1100,Sell,228050869
2024-08-01 10:56:22,23000.0,300,Sell,228050868
2024-08-01 10:56:22,23000.0,1000,Sell,228050867
2024-08-01 10:56:22,23000.0,100,Sell,228050866
2024-08-01 10:56:22,23000.0,500,Sell,228050870
2024-08-01 10:56:24,23000.0,1300,Sell,228051017
2024-08-01 10:56:29,23000.0,2000,Sell,228051212
2024-08-01 10:56:46,23000.0,1300,Sell,228052139
2024-08-01 10:56:48,23000.0,1500,Sell,228052241
2024-08-01 10:57:04,23000.0,100,Sell,228053102
2024-08-01 10:57:06,23000.0,800,Sell,228053208
2024-08-01 10:57:06,23000.0,500,Sell,228053209
2024-08-01 10:57:06,23000.0,200,Sell,228053210
2024-08-01 10:57:06,23000.0,4400,Sell,228053212
2024-08-01 10:57:06,23000.0,14100,Sell,228053211
2024-08-01 10:57:09,23000.0,300,Sell,228053374
2024-08-01 10:57:09,23000.0,1100,Sell,228053365
2024-08-01 10:57:09,23000.0,100,Sell,228053366
2024-08-01 10:57:09,23000.0,1000,Sell,228053367
2024-08-01 10:57:09,23000.0,2000,Sell,228053368
2024-08-01 10:57:09,23000.0,2000,Sell,228053369
2024-08-01 10:57:09,23000.0,3000,Sell,228053370
2024-08-01 10:57:09,23000.0,200,Sell,228053371
2024-08-01 10:57:09,23000.0,4000,Sell,228053372
2024-08-01 10:57:09,23000.0,300,Sell,228053373
2024-08-01 10:57:15,23000.0,200,Sell,228053675
2024-08-01 10:57:16,23000.0,200,Sell,228053786
2024-08-01 10:57:22,23000.0,50000,Sell,228054046
2024-08-01 10:57:31,23000.0,1000,Sell,228054530
2024-08-01 10:57:45,23000.0,1500,Sell,228055358
2024-08-01 10:57:52,23000.0,200,Sell,228055642
2024-08-01 10:58:07,23000.0,5000,Sell,228056426
2024-08-01 10:58:08,23000.0,900,Sell,228056472
2024-08-01 10:58:08,23000.0,100,Sell,228056471
2024-08-01 10:58:08,23000.0,300,Sell,228056470
2024-08-01 10:58:08,23000.0,100,Sell,228056469
2024-08-01 10:58:08,23000.0,100,Sell,228056468
2024-08-01 10:58:08,23000.0,1000,Sell,228056467
2024-08-01 10:58:08,23000.0,100,Sell,228056466
2024-08-01 10:58:08,23000.0,1000,Sell,228056465
2024-08-01 10:58:08,23000.0,300,Sell,228056463
2024-08-01 10:58:08,23000.0,1700,Sell,228056447
2024-08-01 10:58:08,23000.0,500,Sell,228056446
2024-08-01 10:58:08,23000.0,300,Sell,228056445
2024-08-01 10:58:08,23000.0,500,Sell,228056444
2024-08-01 10:58:08,23000.0,300,Sell,228056443
2024-08-01 10:58:08,23000.0,100,Sell,228056442
2024-08-01 10:58:08,23000.0,1600,Sell,228056441
2024-08-01 10:58:08,23000.0,1100,Sell,228056464
2024-08-01 10:58:10,23000.0,200,Sell,228056515
2024-08-01 10:58:10,23000.0,300,Sell,228056520
2024-08-01 10:58:10,23000.0,100,Sell,228056519
2024-08-01 10:58:10,23000.0,100,Sell,228056518
2024-08-01 10:58:10,23000.0,200,Sell,228056517
2024-08-01 10:58:10,23000.0,100,Sell,228056516
2024-08-01 10:58:10,23000.0,100,Sell,228056514
2024-08-01 10:58:10,23000.0,1100,Sell,228056506
2024-08-01 10:58:10,23000.0,100,Sell,228056512
2024-08-01 10:58:10,23000.0,100,Sell,228056511
2024-08-01 10:58:10,23000.0,200,Sell,228056510
2024-08-01 10:58:10,23000.0,200,Sell,228056509
2024-08-01 10:58:10,23000.0,600,Sell,228056508
2024-08-01 10:58:10,23000.0,500,Sell,228056507
2024-08-01 10:58:10,23000.0,100,Sell,228056513
2024-08-01 10:58:11,23000.0,200,Sell,228056599
2024-08-01 10:58:11,23000.0,800,Sell,228056600
2024-08-01 10:58:26,23000.0,500,Sell,228057449
2024-08-01 10:58:33,23000.0,300,Sell,228057714
2024-08-01 10:58:38,23000.0,700,Sell,228057951
2024-08-01 10:58:38,23000.0,1000,Sell,228057950
2024-08-01 10:58:38,23000.0,200,Sell,228057949
2024-08-01 10:58:38,23000.0,100,Sell,228057948
2024-08-01 10:58:38,23000.0,1000,Sell,228057944
2024-08-01 10:58:38,23000.0,2000,Sell,228057946
2024-08-01 10:58:38,23000.0,200,Sell,228057945
2024-08-01 10:58:38,23000.0,300,Sell,228057943
2024-08-01 10:58:38,23000.0,100,Sell,228057938
2024-08-01 10:58:38,23000.0,500,Sell,228057947
2024-08-01 10:58:40,23000.0,300,Sell,228058034
2024-08-01 10:58:40,23000.0,100,Sell,228058035
2024-08-01 10:58:40,23000.0,100,Sell,228058036
2024-08-01 10:58:46,23000.0,400,Sell,228058301
2024-08-01 10:58:46,23000.0,200,Sell,228058302
2024-08-01 10:58:46,23000.0,100,Sell,228058303
2024-08-01 10:58:46,23000.0,100,Sell,228058304
2024-08-01 10:58:56,23000.0,1300,Sell,228058711
2024-08-01 10:58:56,23000.0,4700,Sell,228058712
2024-08-01 10:58:57,23000.0,200,Sell,228058761
2024-08-01 10:58:57,23000.0,100,Sell,228058760
2024-08-01 10:58:57,23000.0,400,Sell,228058762
2024-08-01 10:58:57,23000.0,500,Sell,228058758
2024-08-01 10:58:57,23000.0,400,Sell,228058757
2024-08-01 10:58:57,23000.0,300,Sell,228058756
2024-08-01 10:58:57,23000.0,100,Sell,228058759
2024-08-01 10:59:07,23000.0,1000,Sell,228059220
2024-08-01 10:59:13,23000.0,200,Sell,228059457
2024-08-01 10:59:13,23000.0,2500,Sell,228059458
2024-08-01 10:59:13,23000.0,3000,Sell,228059459
2024-08-01 10:59:13,23000.0,100,Sell,228059460
2024-08-01 10:59:13,23000.0,1100,Sell,228059461
2024-08-01 10:59:13,23000.0,100,Sell,228059462
2024-08-01 10:59:13,23000.0,100,Sell,228059463
2024-08-01 10:59:24,23000.0,300,Sell,228059977
2024-08-01 10:59:24,23000.0,22800,Sell,228059978
2024-08-01 10:59:25,23000.0,10800,Sell,228059993
2024-08-01 10:59:25,23000.0,100,Sell,228060001
2024-08-01 10:59:25,23000.0,800,Sell,228059999
2024-08-01 10:59:25,23000.0,200,Sell,228059998
2024-08-01 10:59:25,23000.0,200,Sell,228059997
2024-08-01 10:59:25,23000.0,500,Sell,228059996
2024-08-01 10:59:25,23000.0,200,Sell,228059995
2024-08-01 10:59:25,23000.0,500,Sell,228059994
2024-08-01 10:59:25,23000.0,200,Sell,228059992
2024-08-01 10:59:25,23000.0,49100,Sell,228060002
2024-08-01 10:59:25,23000.0,1000,Sell,228059990
2024-08-01 10:59:25,23000.0,200,Sell,228059991
2024-08-01 10:59:25,23000.0,100,Sell,228059982
2024-08-01 10:59:25,23000.0,1300,Sell,228059983
2024-08-01 10:59:25,23000.0,100,Sell,228059984
2024-08-01 10:59:25,23000.0,400,Sell,228060000
2024-08-01 10:59:25,23000.0,7600,Sell,228059986
2024-08-01 10:59:25,23000.0,2400,Sell,228059989
2024-08-01 10:59:25,23000.0,900,Sell,228059988
2024-08-01 10:59:25,23000.0,100,Sell,228059985
2024-08-01 10:59:25,23000.0,200,Sell,228059987
2024-08-01 10:59:28,23000.0,5900,Sell,228060150
2024-08-01 10:59:28,23000.0,200,Sell,228060149
2024-08-01 10:59:28,23000.0,5200,Sell,228060148
2024-08-01 10:59:28,23000.0,100,Sell,228060147
2024-08-01 10:59:28,23000.0,100,Sell,228060135
2024-08-01 10:59:28,23000.0,100,Sell,228060145
2024-08-01 10:59:28,23000.0,700,Sell,228060144
2024-08-01 10:59:28,23000.0,800,Sell,228060143
2024-08-01 10:59:28,23000.0,2000,Sell,228060146
2024-08-01 10:59:29,23000.0,500,Sell,228060184
2024-08-01 10:59:41,23000.0,600,Sell,228060633
2024-08-01 10:59:41,23000.0,7600,Sell,228060634
2024-08-01 10:59:41,23000.0,3000,Sell,228060635
2024-08-01 10:59:41,23000.0,300,Sell,228060636
2024-08-01 10:59:41,23000.0,400,Sell,228060637
2024-08-01 10:59:41,23000.0,3000,Sell,228060638
2024-08-01 10:59:41,23000.0,15100,Sell,228060639
2024-08-01 10:59:44,23000.0,100,Sell,228060756
2024-08-01 10:59:50,23000.0,200,Sell,228060912
2024-08-01 10:59:50,23000.0,100,Sell,228060913
2024-08-01 10:59:56,23000.0,100,Sell,228061120
2024-08-01 10:59:56,23000.0,2900,Sell,228061121
2024-08-01 10:59:56,23000.0,7600,Sell,228061118
2024-08-01 10:59:56,23000.0,7300,Sell,228061117
2024-08-01 10:59:56,23000.0,2100,Sell,228061119
2024-08-01 11:00:13,23000.0,1000,Sell,228061777
2024-08-01 11:00:16,23050.0,1000,Buy,228061851
2024-08-01 11:00:18,23000.0,1800,Sell,228061947
2024-08-01 11:00:18,23050.0,300,Buy,228061951
2024-08-01 11:00:18,23050.0,200,Buy,228061952
2024-08-01 11:00:21,23050.0,300,Buy,228062058
2024-08-01 11:00:28,23050.0,300,Buy,228062437
2024-08-01 11:00:34,23000.0,3000,Sell,228062620
2024-08-01 11:00:34,23050.0,5600,Buy,228062606
2024-08-01 11:00:34,23050.0,2000,Buy,228062603
2024-08-01 11:00:34,23050.0,500,Buy,228062604
2024-08-01 11:00:34,23050.0,14200,Buy,228062602
2024-08-01 11:00:34,23050.0,500,Buy,228062605
2024-08-01 11:00:37,23000.0,4600,Sell,228062733
2024-08-01 11:00:42,23000.0,600,Sell,228062903
2024-08-01 11:00:43,23000.0,1000,Sell,228062946
2024-08-01 11:00:48,23000.0,3500,Sell,228063120
2024-08-01 11:00:48,23000.0,200,Sell,228063119
2024-08-01 11:00:48,23000.0,100,Sell,228063118
2024-08-01 11:00:48,23000.0,7500,Sell,228063116
2024-08-01 11:00:48,23000.0,7900,Sell,228063115
2024-08-01 11:00:48,23000.0,10800,Sell,228063117
2024-08-01 11:00:52,23000.0,500,Sell,228063225
2024-08-01 11:00:57,23000.0,500,Sell,228063370
2024-08-01 11:01:17,23000.0,1000,Sell,228063971
2024-08-01 11:01:18,23000.0,2100,Sell,228063994
2024-08-01 11:01:18,23000.0,400,Sell,228063995
2024-08-01 11:01:22,23000.0,1100,Sell,228064146
2024-08-01 11:01:22,23000.0,1600,Sell,228064147
2024-08-01 11:01:23,23050.0,100,Buy,228064232
2024-08-01 11:01:28,23050.0,200,Buy,228064425
2024-08-01 11:01:28,23050.0,200,Buy,228064424
2024-08-01 11:01:29,23000.0,400,Sell,228064429
2024-08-01 11:01:29,23000.0,200,Sell,228064430
2024-08-01 11:01:31,23000.0,3200,Sell,228064511
2024-08-01 11:01:31,23000.0,100,Sell,228064510
2024-08-01 11:01:31,23000.0,100,Sell,228064508
2024-08-01 11:01:31,23000.0,300,Sell,228064507
2024-08-01 11:01:31,23000.0,1200,Sell,228064509
2024-08-01 11:01:31,23000.0,100,Sell,228064505
2024-08-01 11:01:31,23000.0,20000,Sell,228064504
2024-08-01 11:01:31,23000.0,22800,Sell,228064503
2024-08-01 11:01:31,23000.0,1300,Sell,228064502
2024-08-01 11:01:31,23000.0,900,Sell,228064506
2024-08-01 11:01:33,23000.0,4400,Sell,228064612
2024-08-01 11:01:33,23000.0,6600,Sell,228064613
2024-08-01 11:01:36,23050.0,2300,Buy,228064693
2024-08-01 11:01:36,23050.0,5300,Buy,228064694
2024-08-01 11:01:39,23050.0,3900,Buy,228064808
2024-08-01 11:01:39,23050.0,500,Buy,228064807
2024-08-01 11:01:39,23050.0,300,Buy,228064805
2024-08-01 11:01:39,23050.0,4700,Buy,228064804
2024-08-01 11:01:39,23050.0,1000,Buy,228064806
2024-08-01 11:01:48,23050.0,1500,Buy,228065125
2024-08-01 11:01:50,23050.0,100,Buy,228065162
2024-08-01 11:01:58,23050.0,1000,Buy,228065433
2024-08-01 11:01:58,23050.0,300,Buy,228065443
2024-08-01 11:02:07,23050.0,200,Buy,228065733
2024-08-01 11:02:08,23050.0,7600,Buy,228065762
2024-08-01 11:02:08,23050.0,1000,Buy,228065765
2024-08-01 11:02:16,23050.0,10800,Buy,228065992
2024-08-01 11:02:18,23050.0,2900,Buy,228066115
2024-08-01 11:02:20,23050.0,1900,Buy,228066170
2024-08-01 11:02:20,23050.0,400,Buy,228066169
2024-08-01 11:02:20,23050.0,400,Buy,228066167
2024-08-01 11:02:20,23050.0,100,Buy,228066168
2024-08-01 11:02:20,23050.0,700,Buy,228066166
2024-08-01 11:02:23,23050.0,500,Buy,228066284
2024-08-01 11:02:28,23050.0,1000,Buy,228066419
2024-08-01 11:02:33,23050.0,7600,Buy,228066598
2024-08-01 11:02:35,23050.0,4000,Buy,228066676
2024-08-01 11:02:35,23050.0,200,Buy,228066686
2024-08-01 11:02:35,23050.0,500,Buy,228066684
2024-08-01 11:02:35,23050.0,100,Buy,228066683
2024-08-01 11:02:35,23050.0,200,Buy,228066682
2024-08-01 11:02:35,23050.0,500,Buy,228066685
2024-08-01 11:02:35,23050.0,100,Buy,228066680
2024-08-01 11:02:35,23050.0,300,Buy,228066679
2024-08-01 11:02:35,23050.0,3000,Buy,228066678
2024-08-01 11:02:35,23050.0,400,Buy,228066677
2024-08-01 11:02:35,23050.0,1000,Buy,228066681
2024-08-01 11:02:52,23100.0,4800,Buy,228067235
2024-08-01 11:02:52,23100.0,2800,Buy,228067236
2024-08-01 11:02:58,23100.0,1100,Buy,228067423
2024-08-01 11:03:01,23050.0,900,Sell,228067488
2024-08-01 11:03:01,23050.0,2800,Sell,228067489
2024-08-01 11:03:01,23050.0,1300,Sell,228067490
2024-08-01 11:03:13,23100.0,100,Buy,228068053
2024-08-01 11:03:13,23100.0,2900,Buy,228068054
2024-08-01 11:03:13,23100.0,1100,Buy,228068051
2024-08-01 11:03:13,23100.0,3500,Buy,228068052
2024-08-01 11:03:18,23100.0,100,Buy,228068196
2024-08-01 11:03:18,23100.0,100,Buy,228068197
2024-08-01 11:03:18,23100.0,900,Buy,228068198
2024-08-01 11:03:20,23050.0,700,Sell,228068276
2024-08-01 11:03:20,23050.0,500,Sell,228068277
2024-08-01 11:03:20,23050.0,200,Sell,228068278
2024-08-01 11:03:20,23050.0,8600,Sell,228068279
2024-08-01 11:03:28,23050.0,1400,Sell,228068528
2024-08-01 11:03:28,23050.0,900,Sell,228068534
2024-08-01 11:03:29,23050.0,1600,Buy,228068536
2024-08-01 11:03:38,23050.0,500,Buy,228068808
2024-08-01 11:03:44,23050.0,7600,Buy,228069089
2024-08-01 11:03:48,23000.0,300,Sell,228069225
2024-08-01 11:03:49,23050.0,1200,Buy,228069249
2024-08-01 11:03:58,23050.0,200,Buy,228069480
2024-08-01 11:04:02,23050.0,6600,Buy,228069583
2024-08-01 11:04:02,23100.0,100,Buy,228069584
2024-08-01 11:04:02,23100.0,100,Buy,228069585
2024-08-01 11:04:02,23100.0,200,Buy,228069586
2024-08-01 11:04:02,23100.0,600,Buy,228069587
2024-08-01 11:04:08,23050.0,1100,Buy,228069707
2024-08-01 11:04:19,23050.0,100,Buy,228070018
2024-08-01 11:04:23,23050.0,7600,Buy,228070125
2024-08-01 11:04:28,23050.0,1100,Buy,228070245
2024-08-01 11:04:38,23050.0,100,Buy,228070509
2024-08-01 11:04:44,23050.0,500,Buy,228070628
2024-08-01 11:04:45,23050.0,7600,Buy,228070659
2024-08-01 11:04:48,23050.0,1200,Buy,228070764
2024-08-01 11:04:49,23000.0,1000,Sell,228070773
2024-08-01 11:04:49,23000.0,2500,Sell,228070774
2024-08-01 11:05:07,23050.0,7600,Buy,228071172
2024-08-01 11:05:08,23050.0,1100,Buy,228071227
2024-08-01 11:05:11,23050.0,100,Buy,228071274
2024-08-01 11:05:12,23000.0,100,Sell,228071282
2024-08-01 11:05:21,23000.0,1000,Sell,228071473
2024-08-01 11:05:26,23000.0,100,Sell,228071561
2024-08-01 11:05:28,23050.0,100,Buy,228071590
2024-08-01 11:05:28,23050.0,100,Buy,228071594
2024-08-01 11:05:36,23050.0,2000,Buy,228071762
2024-08-01 11:05:39,23050.0,300,Buy,228071845
2024-08-01 11:05:41,23050.0,100,Buy,228071900
2024-08-01 11:05:42,23050.0,7600,Buy,228072049
2024-08-01 11:05:48,23050.0,1200,Buy,228072223
2024-08-01 11:05:56,23050.0,500,Buy,228072455
2024-08-01 11:05:59,23050.0,200,Buy,228072499
2024-08-01 11:06:00,23050.0,300,Buy,228072513
2024-08-01 11:06:02,23050.0,1000,Buy,228072550
2024-08-01 11:06:08,23050.0,200,Buy,228072658
2024-08-01 11:06:27,23050.0,300,Buy,228073045
2024-08-01 11:06:30,23000.0,100,Sell,228073099
2024-08-01 11:06:39,23050.0,7600,Buy,228073291
2024-08-01 11:06:48,23050.0,1100,Buy,228073485
2024-08-01 11:06:59,23050.0,100,Buy,228073659
2024-08-01 11:07:05,23050.0,7600,Buy,228073832
2024-08-01 11:07:08,23050.0,1100,Buy,228073900
2024-08-01 11:07:18,23050.0,100,Buy,228074132
2024-08-01 11:07:19,23050.0,500,Buy,228074140
2024-08-01 11:07:23,23050.0,6000,Buy,228074194
2024-08-01 11:07:28,23050.0,900,Buy,228074277
2024-08-01 11:07:33,23050.0,500,Buy,228074390
2024-08-01 11:07:39,23050.0,200,Buy,228074497
2024-08-01 11:08:02,23050.0,500,Buy,228074975
2024-08-01 11:08:16,23050.0,1000,Buy,228075194
2024-08-01 11:08:18,23050.0,100,Buy,228075220
2024-08-01 11:08:30,23000.0,4000,Sell,228075482
2024-08-01 11:08:34,23050.0,100,Buy,228075563
2024-08-01 11:08:38,23050.0,600,Buy,228075608
2024-08-01 11:08:43,23000.0,300,Sell,228075681
2024-08-01 11:09:39,23000.0,300,Sell,228076724
2024-08-01 11:10:00,23000.0,5600,Sell,228077068
2024-08-01 11:10:39,23050.0,100,Buy,228077702
2024-08-01 11:10:41,23000.0,100,Sell,228077729
2024-08-01 11:10:41,23050.0,200,Buy,228077768
2024-08-01 11:10:43,23050.0,200,Buy,228077814
2024-08-01 11:11:08,23050.0,300,Buy,228078354
2024-08-01 11:11:08,23050.0,2200,Buy,228078343
2024-08-01 11:11:38,23050.0,100,Buy,228079011
2024-08-01 11:11:50,23000.0,300,Sell,228079275
2024-08-01 11:12:01,23050.0,7600,Buy,228079571
2024-08-01 11:12:08,23050.0,1100,Buy,228079759
2024-08-01 11:12:18,23050.0,100,Buy,228080019
2024-08-01 11:12:19,23050.0,2100,Buy,228080044
2024-08-01 11:12:19,23050.0,1200,Buy,228080045
2024-08-01 11:12:19,23050.0,1400,Buy,228080046
2024-08-01 11:12:19,23050.0,2900,Buy,228080047
2024-08-01 11:12:25,23050.0,100,Buy,228080182
2024-08-01 11:12:28,23050.0,1100,Buy,228080256
2024-08-01 11:12:32,23050.0,300,Buy,228080312
2024-08-01 11:12:35,23050.0,1800,Buy,228080343
2024-08-01 11:12:35,23050.0,100,Buy,228080342
2024-08-01 11:12:35,23050.0,200,Buy,228080340
2024-08-01 11:12:35,23050.0,400,Buy,228080341
2024-08-01 11:12:35,23050.0,600,Buy,228080339
2024-08-01 11:12:38,23050.0,200,Buy,228080432
2024-08-01 11:12:38,23050.0,600,Buy,228080433
2024-08-01 11:12:48,23050.0,100,Buy,228080592
2024-08-01 11:12:53,23050.0,500,Buy,228080744
2024-08-01 11:13:00,23050.0,7600,Buy,228080855
2024-08-01 11:13:08,23050.0,1100,Buy,228081010
2024-08-01 11:13:18,23050.0,100,Buy,228081180
2024-08-01 11:13:33,23050.0,100,Buy,228081438
2024-08-01 11:13:35,23050.0,100,Buy,228081482
2024-08-01 11:13:42,23050.0,300,Buy,228081610
2024-08-01 11:13:53,23050.0,500,Buy,228081810
2024-08-01 11:13:53,23050.0,1500,Buy,228081811
2024-08-01 11:13:58,23050.0,100,Buy,228081949
2024-08-01 11:13:58,23050.0,200,Buy,228081950
2024-08-01 11:14:07,23050.0,500,Buy,228082093
2024-08-01 11:14:07,23050.0,6200,Buy,228082095
2024-08-01 11:14:07,23050.0,300,Buy,228082091
2024-08-01 11:14:07,23050.0,500,Buy,228082092
2024-08-01 11:14:07,23050.0,100,Buy,228082094
2024-08-01 11:14:08,23050.0,1100,Buy,228082148
2024-08-01 11:14:18,23050.0,1000,Buy,228082395
2024-08-01 11:14:18,23000.0,500,Sell,228082404
2024-08-01 11:14:18,23000.0,100,Sell,228082405
2024-08-01 11:14:18,23000.0,400,Sell,228082406
2024-08-01 11:14:18,23050.0,300,Buy,228082410
2024-08-01 11:14:28,23050.0,100,Buy,228082581
2024-08-01 11:14:44,23050.0,6100,Buy,228082918
2024-08-01 11:14:44,23050.0,200,Buy,228082917
2024-08-01 11:14:44,23050.0,1300,Buy,228082916
2024-08-01 11:14:48,23050.0,1100,Buy,228082997
2024-08-01 11:14:53,23000.0,100,Sell,228083062
2024-08-01 11:15:08,23000.0,500,Sell,228083314
2024-08-01 11:15:08,23000.0,2500,Sell,228083315
2024-08-01 11:15:12,23000.0,500,Sell,228083384
2024-08-01 11:15:52,23050.0,1000,Buy,228084290
2024-08-01 11:15:55,23050.0,200,Buy,228084333
2024-08-01 11:15:58,23050.0,100,Buy,228084400
2024-08-01 11:16:35,23050.0,3000,Buy,228085098
2024-08-01 11:16:38,23050.0,400,Buy,228085160
2024-08-01 11:17:00,23050.0,2000,Buy,228085684
2024-08-01 11:17:02,23000.0,10000,Sell,228085719
2024-08-01 11:17:18,23000.0,100,Sell,228086060
2024-08-01 11:17:19,23000.0,800,Sell,228086091
2024-08-01 11:18:42,23000.0,1100,Sell,228087687
2024-08-01 11:18:42,23000.0,2300,Sell,228087688
2024-08-01 11:18:42,23000.0,600,Sell,228087689
2024-08-01 11:18:45,23050.0,2000,Buy,228087765
2024-08-01 11:18:48,23050.0,900,Buy,228087834
2024-08-01 11:18:58,23050.0,100,Buy,228088081
2024-08-01 11:19:06,23000.0,100,Sell,228088294
2024-08-01 11:19:16,23000.0,3000,Sell,228088449
2024-08-01 11:19:19,23000.0,100,Sell,228088526
2024-08-01 11:19:31,23000.0,500,Sell,228088750
2024-08-01 11:19:41,23050.0,2000,Buy,228089039
2024-08-01 11:19:48,23050.0,300,Buy,228089223
2024-08-01 11:20:38,23050.0,10000,Buy,228090262
2024-08-01 11:20:38,23050.0,1800,Buy,228090261
2024-08-01 11:20:38,23050.0,1500,Buy,228090258
2024-08-01 11:20:38,23050.0,2000,Buy,228090260
2024-08-01 11:20:38,23050.0,200,Buy,228090256
2024-08-01 11:20:38,23050.0,1000,Buy,228090255
2024-08-01 11:20:38,23050.0,800,Buy,228090254
2024-08-01 11:20:38,23050.0,3000,Buy,228090257
2024-08-01 11:20:38,23050.0,2500,Buy,228090259
2024-08-01 11:20:48,23050.0,3400,Buy,228090556
2024-08-01 11:20:58,23050.0,500,Buy,228090758
2024-08-01 11:21:03,23050.0,2000,Buy,228090829
2024-08-01 11:21:08,23050.0,300,Buy,228090947
2024-08-01 11:22:05,23050.0,100,Buy,228092219
2024-08-01 11:22:30,23050.0,4900,Buy,228092960
2024-08-01 11:22:30,23050.0,500,Buy,228092959
2024-08-01 11:22:30,23050.0,200,Buy,228092958
2024-08-01 11:22:30,23050.0,500,Buy,228092956
2024-08-01 11:22:30,23050.0,13700,Buy,228092955
2024-08-01 11:22:30,23050.0,3000,Buy,228092957
2024-08-01 11:22:37,23050.0,200,Buy,228093144
2024-08-01 11:22:38,23050.0,3400,Buy,228093155
2024-08-01 11:22:40,23000.0,200,Sell,228093206
2024-08-01 11:22:40,23000.0,2600,Sell,228093207
2024-08-01 11:22:43,23050.0,300,Buy,228093260
2024-08-01 11:22:48,23050.0,900,Buy,228093383
2024-08-01 11:22:57,23050.0,200,Buy,228093573
2024-08-01 11:22:57,23050.0,400,Buy,228093574
2024-08-01 11:22:57,23050.0,1000,Buy,228093571
2024-08-01 11:22:57,23050.0,14300,Buy,228093570
2024-08-01 11:22:57,23050.0,100,Buy,228093572
2024-08-01 11:22:58,23050.0,2500,Buy,228093680
2024-08-01 11:23:02,23050.0,12100,Buy,228093828
2024-08-01 11:23:06,23050.0,12100,Buy,228093996
2024-08-01 11:23:08,23050.0,4000,Buy,228094094
2024-08-01 11:23:18,23050.0,600,Buy,228094333
2024-08-01 11:23:20,23100.0,500,Buy,228094416
2024-08-01 11:23:20,23100.0,900,Buy,228094422
2024-08-01 11:23:20,23100.0,300,Buy,228094421
2024-08-01 11:23:20,23100.0,1000,Buy,228094420
2024-08-01 11:23:20,23100.0,100,Buy,228094419
2024-08-01 11:23:20,23100.0,200,Buy,228094418
2024-08-01 11:23:20,23100.0,200,Buy,228094417
2024-08-01 11:23:20,23100.0,1000,Buy,228094415
2024-08-01 11:23:20,23050.0,500,Buy,228094408
2024-08-01 11:23:20,23100.0,600,Buy,228094413
2024-08-01 11:23:20,23100.0,2000,Buy,228094412
2024-08-01 11:23:20,23100.0,100,Buy,228094411
2024-08-01 11:23:20,23100.0,200,Buy,228094410
2024-08-01 11:23:20,23100.0,4400,Buy,228094409
2024-08-01 11:23:20,23050.0,100,Buy,228094407
2024-08-01 11:23:20,23050.0,4600,Buy,228094406
2024-08-01 11:23:20,23100.0,600,Buy,228094414
2024-08-01 11:23:28,23100.0,100,Buy,228094650
2024-08-01 11:23:28,23100.0,100,Buy,228094651
2024-08-01 11:23:28,23100.0,2400,Buy,228094652
2024-08-01 11:23:36,23100.0,2500,Buy,228094909
2024-08-01 11:23:36,23100.0,1000,Buy,228094910
2024-08-01 11:23:36,23100.0,5000,Buy,228094908
2024-08-01 11:23:36,23100.0,400,Buy,228094911
2024-08-01 11:23:36,23100.0,100,Buy,228094906
2024-08-01 11:23:36,23050.0,300,Buy,228094904
2024-08-01 11:23:36,23100.0,200,Buy,228094907
2024-08-01 11:23:36,23100.0,2600,Buy,228094905
2024-08-01 11:23:38,23100.0,1400,Buy,228095003
2024-08-01 11:23:38,23100.0,800,Buy,228095004
2024-08-01 11:23:40,23100.0,700,Buy,228095067
2024-08-01 11:23:40,23100.0,2000,Buy,228095068
2024-08-01 11:23:40,23100.0,300,Buy,228095069
2024-08-01 11:23:40,23100.0,400,Buy,228095070
2024-08-01 11:23:40,23100.0,3000,Buy,228095071
2024-08-01 11:23:40,23100.0,400,Buy,228095072
2024-08-01 11:23:40,23100.0,1000,Buy,228095073
2024-08-01 11:23:41,23100.0,2600,Sell,228095096
2024-08-01 11:23:41,23100.0,1000,Sell,228095085
2024-08-01 11:23:46,23100.0,700,Sell,228095285
2024-08-01 11:23:48,23100.0,2100,Buy,228095370
2024-08-01 11:23:58,23100.0,300,Buy,228095624
2024-08-01 11:23:59,23050.0,4000,Sell,228095628
2024-08-01 11:24:13,23050.0,1000,Sell,228096004
2024-08-01 11:24:20,23050.0,2600,Sell,228096116
2024-08-01 11:24:20,23050.0,7600,Sell,228096117
2024-08-01 11:24:20,23050.0,7600,Sell,228096118
2024-08-01 11:24:20,23050.0,7600,Sell,228096119
2024-08-01 11:24:20,23050.0,7600,Sell,228096120
2024-08-01 11:24:27,23100.0,6000,Buy,228096286
2024-08-01 11:24:28,23100.0,4900,Buy,228096312
2024-08-01 11:24:28,23100.0,900,Buy,228096311
2024-08-01 11:24:38,23100.0,800,Buy,228096523
2024-08-01 11:24:40,23100.0,100,Buy,228096571
2024-08-01 11:24:49,23100.0,100,Buy,228096763
2024-08-01 11:25:06,23050.0,2000,Sell,228097182
2024-08-01 11:25:42,23050.0,100,Sell,228097875
2024-08-01 11:25:44,23100.0,3000,Buy,228097898
2024-08-01 11:25:44,23050.0,5500,Sell,228097899
2024-08-01 11:25:44,23050.0,1500,Sell,228097900
2024-08-01 11:25:50,23050.0,1500,Sell,228098031
2024-08-01 11:25:50,23050.0,7600,Sell,228098030
2024-08-01 11:25:50,23050.0,7600,Sell,228098029
2024-08-01 11:25:50,23050.0,100,Sell,228098026
2024-08-01 11:25:50,23050.0,800,Sell,228098027
2024-08-01 11:25:50,23050.0,600,Sell,228098025
2024-08-01 11:25:50,23050.0,500,Sell,228098024
2024-08-01 11:25:50,23050.0,300,Sell,228098028
2024-08-01 11:25:54,23050.0,500,Buy,228098085
2024-08-01 11:25:58,23050.0,2900,Buy,228098249
2024-08-01 11:26:03,23050.0,7600,Buy,228098387
2024-08-01 11:26:03,23050.0,300,Buy,228098398
2024-08-01 11:26:03,23050.0,1000,Buy,228098399
2024-08-01 11:26:12,23050.0,700,Sell,228098602
2024-08-01 11:26:26,23050.0,100,Sell,228098920
2024-08-01 11:26:27,23050.0,10000,Sell,228098925
2024-08-01 11:26:39,23050.0,500,Sell,228099133
2024-08-01 11:26:39,23050.0,1500,Sell,228099132
2024-08-01 11:26:39,23050.0,2200,Sell,228099129
2024-08-01 11:26:39,23050.0,1700,Sell,228099130
2024-08-01 11:26:39,23050.0,100,Sell,228099131
2024-08-01 11:26:43,23050.0,100,Buy,228099200
2024-08-01 11:26:44,23050.0,200,Buy,228099221
2024-08-01 11:26:48,23050.0,900,Buy,228099314
2024-08-01 11:26:58,23050.0,2000,Buy,228099558
2024-08-01 11:26:58,23050.0,400,Buy,228099576
2024-08-01 11:27:14,23050.0,300,Buy,228099975
2024-08-01 11:27:23,23050.0,100,Buy,228100171
2024-08-01 11:27:23,23050.0,900,Buy,228100172
2024-08-01 11:27:25,23000.0,1000,Sell,228100192
2024-08-01 11:27:30,23050.0,2000,Buy,228100308
2024-08-01 11:27:32,23050.0,200,Buy,228100348
2024-08-01 11:27:38,23050.0,300,Buy,228100417
2024-08-01 11:27:57,23050.0,200,Buy,228100822
2024-08-01 11:27:57,23050.0,200,Buy,228100823
2024-08-01 11:27:57,23050.0,1600,Buy,228100821
2024-08-01 11:27:58,23050.0,300,Buy,228100847
2024-08-01 11:28:10,23050.0,500,Buy,228101075
2024-08-01 11:28:10,23050.0,5000,Buy,228101076
2024-08-01 11:28:10,23050.0,1000,Buy,228101077
2024-08-01 11:28:10,23050.0,1500,Buy,228101078
2024-08-01 11:28:11,23050.0,800,Buy,228101108
2024-08-01 11:28:22,23050.0,4200,Sell,228101387
2024-08-01 11:28:22,23050.0,1300,Sell,228101388
2024-08-01 11:28:28,23050.0,800,Buy,228101513
2024-08-01 11:28:29,23050.0,100,Buy,228101537
2024-08-01 11:28:35,23000.0,300,Sell,228101653
2024-08-01 11:28:36,23000.0,900,Sell,228101661
2024-08-01 11:28:53,23050.0,2000,Buy,228101985
2024-08-01 11:28:58,23050.0,300,Buy,228102269
2024-08-01 11:29:12,23050.0,100,Buy,228102574
2024-08-01 12:59:39,23000.0,100,Sell,228103514
2024-08-01 12:59:40,23000.0,1000,Sell,228104132
2024-08-01 12:59:40,23050.0,100,Buy,228104154
2024-08-01 12:59:40,23050.0,200,Buy,228104155
2024-08-01 12:59:40,23000.0,12100,Sell,228104156
2024-08-01 12:59:42,23000.0,500,Sell,228104977
