time,price,volume,match_type,id
2024-07-29 09:14:40,22850.0,56400,ATO/ATC,226839565
2024-07-29 09:15:16,22900.0,100,Buy,226840696
2024-07-29 09:15:16,22900.0,100,Buy,226840685
2024-07-29 09:15:16,22900.0,100,Buy,226840689
2024-07-29 09:15:28,22900.0,1000,Buy,226841026
2024-07-29 09:15:33,22900.0,100,Buy,226841199
2024-07-29 09:15:33,22900.0,500,Buy,226841198
2024-07-29 09:15:41,22900.0,100,Buy,226841427
2024-07-29 09:15:41,22900.0,200,Buy,226841454
2024-07-29 09:15:46,22900.0,500,Buy,226841599
2024-07-29 09:15:48,22900.0,2000,Buy,226841675
2024-07-29 09:15:55,22900.0,100,Buy,226841893
2024-07-29 09:15:55,22900.0,600,Buy,226841899
2024-07-29 09:15:56,22900.0,200,Buy,226841925
2024-07-29 09:16:02,22900.0,100,Buy,226842074
2024-07-29 09:16:08,22900.0,200,Buy,226842246
2024-07-29 09:16:16,22900.0,100,Buy,226842489
2024-07-29 09:16:20,22850.0,3500,Sell,226842587
2024-07-29 09:16:20,22850.0,100,Sell,226842585
2024-07-29 09:16:20,22850.0,300,Sell,226842584
2024-07-29 09:16:20,22850.0,100,Sell,226842586
2024-07-29 09:16:21,22900.0,5000,Buy,226842646
2024-07-29 09:16:30,22900.0,1300,Buy,226842997
2024-07-29 09:16:36,22900.0,100,Buy,226843201
2024-07-29 09:16:38,22850.0,200,Sell,226843246
2024-07-29 09:16:38,22850.0,2000,Sell,226843251
2024-07-29 09:16:38,22850.0,200,Sell,226843250
2024-07-29 09:16:38,22850.0,300,Sell,226843249
2024-07-29 09:16:38,22850.0,20000,Sell,226843248
2024-07-29 09:16:38,22850.0,1000,Sell,226843247
2024-07-29 09:16:38,22850.0,300,Sell,226843244
2024-07-29 09:16:38,22850.0,300,Sell,226843245
2024-07-29 09:16:38,22850.0,1000,Sell,226843242
2024-07-29 09:16:38,22850.0,100,Sell,226843241
2024-07-29 09:16:38,22850.0,100,Sell,226843240
2024-07-29 09:16:38,22850.0,400,Sell,226843239
2024-07-29 09:16:38,22850.0,4000,Sell,226843238
2024-07-29 09:16:38,22850.0,400,Sell,226843237
2024-07-29 09:16:38,22850.0,1500,Sell,226843236
2024-07-29 09:16:38,22850.0,200,Sell,226843243
2024-07-29 09:16:43,22850.0,800,Buy,226843411
2024-07-29 09:16:48,22850.0,300,Buy,226843528
2024-07-29 09:16:49,22850.0,1900,Buy,226843561
2024-07-29 09:16:50,22850.0,700,Sell,226843596
2024-07-29 09:16:57,22850.0,300,Buy,226843818
2024-07-29 09:16:57,22850.0,200,Sell,226843819
2024-07-29 09:16:58,22850.0,100,Buy,226843833
2024-07-29 09:17:01,22850.0,6300,Buy,226843941
2024-07-29 09:17:01,22850.0,200,Buy,226843937
2024-07-29 09:17:10,22850.0,400,Buy,226844190
2024-07-29 09:17:19,22850.0,100,Buy,226844512
2024-07-29 09:17:21,22850.0,300,Buy,226844564
2024-07-29 09:17:28,22800.0,100,Sell,226844817
2024-07-29 09:17:28,22800.0,200,Sell,226844816
2024-07-29 09:17:28,22800.0,200,Sell,226844818
2024-07-29 09:17:28,22800.0,1000,Sell,226844815
2024-07-29 09:17:28,22800.0,3600,Sell,226844821
2024-07-29 09:17:28,22800.0,13600,Sell,226844822
2024-07-29 09:17:28,22800.0,100,Sell,226844819
2024-07-29 09:17:28,22800.0,1000,Sell,226844814
2024-07-29 09:17:28,22800.0,600,Sell,226844820
2024-07-29 09:17:28,22800.0,1000,Sell,226844812
2024-07-29 09:17:28,22800.0,200,Sell,226844806
2024-07-29 09:17:28,22800.0,200,Sell,226844807
2024-07-29 09:17:28,22800.0,100,Sell,226844805
2024-07-29 09:17:28,22800.0,200,Sell,226844813
2024-07-29 09:17:28,22800.0,100,Sell,226844809
2024-07-29 09:17:28,22800.0,100,Sell,226844810
2024-07-29 09:17:28,22800.0,100,Sell,226844811
2024-07-29 09:17:28,22800.0,400,Sell,226844808
2024-07-29 09:17:40,22850.0,100,Buy,226845302
2024-07-29 09:17:50,22850.0,100,Buy,226845686
2024-07-29 09:17:56,22850.0,100,Buy,226845889
2024-07-29 09:18:01,22850.0,100,Buy,226846048
2024-07-29 09:18:01,22850.0,1800,Buy,226846052
2024-07-29 09:18:14,22850.0,7000,Buy,226846533
2024-07-29 09:18:15,22800.0,900,Sell,226846596
2024-07-29 09:18:18,22850.0,2000,Buy,226846698
2024-07-29 09:18:22,22850.0,100,Buy,226846903
2024-07-29 09:18:31,22850.0,3900,Buy,226847161
2024-07-29 09:18:31,22850.0,1100,Buy,226847160
2024-07-29 09:18:42,22850.0,1400,Buy,226847476
2024-07-29 09:18:43,22800.0,400,Sell,226847500
2024-07-29 09:18:43,22850.0,100,Buy,226847506
2024-07-29 09:18:50,22850.0,100,Buy,226847705
2024-07-29 09:18:53,22850.0,1000,Buy,226847797
2024-07-29 09:18:55,22800.0,500,Sell,226847862
2024-07-29 09:19:04,22850.0,100,Buy,226848215
2024-07-29 09:19:05,22800.0,200,Sell,226848292
2024-07-29 09:19:05,22800.0,200,Sell,226848298
2024-07-29 09:19:05,22800.0,5000,Sell,226848297
2024-07-29 09:19:05,22800.0,1000,Sell,226848296
2024-07-29 09:19:05,22800.0,5000,Sell,226848295
2024-07-29 09:19:05,22800.0,100,Sell,226848294
2024-07-29 09:19:05,22800.0,100,Sell,226848293
2024-07-29 09:19:05,22800.0,1100,Sell,226848291
2024-07-29 09:19:05,22800.0,1200,Sell,226848289
2024-07-29 09:19:05,22800.0,100,Sell,226848288
2024-07-29 09:19:05,22800.0,300,Sell,226848287
2024-07-29 09:19:05,22800.0,2000,Sell,226848286
2024-07-29 09:19:05,22800.0,800,Sell,226848285
2024-07-29 09:19:05,22800.0,4600,Sell,226848284
2024-07-29 09:19:05,22800.0,1100,Sell,226848290
2024-07-29 09:19:25,22850.0,100,Buy,226848941
2024-07-29 09:19:27,22800.0,100,Sell,226849024
2024-07-29 09:19:27,22800.0,3000,Sell,226849025
2024-07-29 09:19:27,22800.0,1900,Sell,226849026
2024-07-29 09:19:32,22800.0,2000,Sell,226849161
2024-07-29 09:19:46,22850.0,100,Buy,226849554
2024-07-29 09:19:58,22800.0,200,Sell,226849988
2024-07-29 09:19:58,22800.0,200,Sell,226849989
2024-07-29 09:19:58,22850.0,100,Buy,226849978
2024-07-29 09:19:58,22800.0,100,Sell,226849987
2024-07-29 09:20:07,22850.0,100,Buy,226850199
2024-07-29 09:20:11,22850.0,100,Buy,226850346
2024-07-29 09:20:28,22850.0,100,Buy,226850869
2024-07-29 09:20:28,22850.0,1200,Buy,226850874
2024-07-29 09:20:31,22850.0,100,Buy,226850967
2024-07-29 09:20:32,22850.0,500,Buy,226850988
2024-07-29 09:20:47,22800.0,2000,Sell,226851403
2024-07-29 09:20:47,22800.0,1000,Sell,226851404
2024-07-29 09:20:47,22800.0,2000,Sell,226851405
2024-07-29 09:20:47,22800.0,200,Sell,226851402
2024-07-29 09:20:47,22800.0,1000,Sell,226851407
2024-07-29 09:20:47,22800.0,6000,Sell,226851408
2024-07-29 09:20:47,22800.0,900,Sell,226851409
2024-07-29 09:20:47,22800.0,500,Sell,226851406
2024-07-29 09:20:47,22800.0,3000,Sell,226851401
2024-07-29 09:20:47,22800.0,200,Sell,226851392
2024-07-29 09:20:47,22800.0,500,Sell,226851399
2024-07-29 09:20:47,22800.0,100,Sell,226851391
2024-07-29 09:20:47,22800.0,100,Sell,226851393
2024-07-29 09:20:47,22800.0,100,Sell,226851394
2024-07-29 09:20:47,22800.0,200,Sell,226851400
2024-07-29 09:20:47,22800.0,1000,Sell,226851396
2024-07-29 09:20:47,22800.0,2000,Sell,226851398
2024-07-29 09:20:47,22800.0,1000,Sell,226851395
2024-07-29 09:20:47,22800.0,1000,Sell,226851397
2024-07-29 09:20:48,22850.0,100,Buy,226851492
2024-07-29 09:20:51,22850.0,1000,Buy,226851574
2024-07-29 09:20:51,22800.0,100,Sell,226851582
2024-07-29 09:20:51,22800.0,100,Sell,226851583
2024-07-29 09:21:04,22800.0,1000,Sell,226851955
2024-07-29 09:21:04,22800.0,100,Sell,226851956
2024-07-29 09:21:04,22800.0,2000,Sell,226851957
2024-07-29 09:21:04,22800.0,1000,Sell,226851958
2024-07-29 09:21:09,22850.0,100,Buy,226852106
2024-07-29 09:21:13,22800.0,200,Sell,226852243
2024-07-29 09:21:13,22800.0,100,Sell,226852244
2024-07-29 09:21:13,22800.0,100,Sell,226852245
2024-07-29 09:21:13,22800.0,100,Sell,226852246
2024-07-29 09:21:13,22800.0,7000,Sell,226852241
2024-07-29 09:21:13,22800.0,100,Sell,226852242
2024-07-29 09:21:15,22800.0,100,Sell,226852314
2024-07-29 09:21:15,22800.0,1500,Sell,226852318
2024-07-29 09:21:15,22800.0,100,Sell,226852317
2024-07-29 09:21:15,22800.0,1900,Sell,226852316
2024-07-29 09:21:15,22800.0,100,Sell,226852315
2024-07-29 09:21:15,22800.0,100,Sell,226852313
2024-07-29 09:21:15,22800.0,100,Sell,226852311
2024-07-29 09:21:15,22800.0,700,Sell,226852310
2024-07-29 09:21:15,22800.0,2000,Sell,226852309
2024-07-29 09:21:15,22800.0,900,Sell,226852308
2024-07-29 09:21:15,22800.0,100,Sell,226852312
2024-07-29 09:21:20,22800.0,1000,Sell,226852528
2024-07-29 09:21:20,22800.0,500,Sell,226852529
2024-07-29 09:21:20,22800.0,300,Sell,226852530
2024-07-29 09:21:20,22800.0,100,Sell,226852531
2024-07-29 09:21:20,22800.0,100,Sell,226852532
2024-07-29 09:21:20,22800.0,3000,Sell,226852533
2024-07-29 09:21:30,22850.0,100,Buy,226852894
2024-07-29 09:21:33,22800.0,1000,Sell,226852991
2024-07-29 09:21:33,22800.0,100,Sell,226852992
2024-07-29 09:21:42,22800.0,1900,Sell,226853277
2024-07-29 09:21:42,22800.0,500,Sell,226853278
2024-07-29 09:21:42,22800.0,2200,Sell,226853279
2024-07-29 09:21:42,22800.0,900,Sell,226853280
2024-07-29 09:21:42,22800.0,100,Sell,226853281
2024-07-29 09:21:42,22800.0,100,Sell,226853282
2024-07-29 09:21:42,22800.0,9300,Sell,226853283
2024-07-29 09:21:52,22850.0,100,Buy,226853662
2024-07-29 09:21:55,22800.0,5000,Sell,226853761
2024-07-29 09:22:00,22850.0,100,Buy,226853906
2024-07-29 09:22:05,22800.0,1000,Sell,226854014
2024-07-29 09:22:12,22850.0,100,Buy,226854215
2024-07-29 09:22:24,22800.0,100,Sell,226854563
2024-07-29 09:22:27,22800.0,400,Sell,226854616
2024-07-29 09:22:27,22800.0,1000,Sell,226854617
2024-07-29 09:22:27,22800.0,300,Sell,226854618
2024-07-29 09:22:27,22800.0,100,Sell,226854619
2024-07-29 09:22:27,22800.0,200,Sell,226854620
2024-07-29 09:22:33,22850.0,100,Buy,226854784
2024-07-29 09:22:33,22800.0,800,Sell,226854819
2024-07-29 09:22:33,22800.0,200,Sell,226854820
2024-07-29 09:22:35,22800.0,900,Sell,226854864
2024-07-29 09:22:49,22850.0,1000,Buy,226855266
2024-07-29 09:22:55,22850.0,100,Buy,226855421
2024-07-29 09:22:56,22800.0,400,Sell,226855461
2024-07-29 09:22:56,22800.0,2600,Sell,226855462
2024-07-29 09:22:56,22800.0,300,Sell,226855463
2024-07-29 09:22:56,22800.0,1000,Sell,226855464
2024-07-29 09:22:56,22800.0,5000,Sell,226855465
2024-07-29 09:22:56,22800.0,700,Sell,226855460
2024-07-29 09:23:00,22850.0,300,Buy,226855578
2024-07-29 09:23:05,22800.0,1000,Sell,226855699
2024-07-29 09:23:15,22850.0,100,Buy,226855959
2024-07-29 09:23:25,22850.0,300,Buy,226856196
2024-07-29 09:23:26,22850.0,100,Buy,226856229
2024-07-29 09:23:36,22850.0,100,Buy,226856466
2024-07-29 09:23:36,22850.0,100,Buy,226856461
2024-07-29 09:23:42,22850.0,500,Buy,226856615
2024-07-29 09:23:56,22850.0,100,Buy,226856955
2024-07-29 09:23:57,22800.0,200,Sell,226857037
2024-07-29 09:23:57,22800.0,22800,Sell,226857038
2024-07-29 09:24:09,22850.0,100,Buy,226857565
2024-07-29 09:24:13,22800.0,4000,Sell,226857678
2024-07-29 09:24:16,22850.0,1000,Buy,226857780
2024-07-29 09:24:18,22850.0,100,Buy,226857814
2024-07-29 09:24:21,22800.0,1000,Sell,226857908
2024-07-29 09:24:38,22850.0,100,Buy,226858380
2024-07-29 09:24:58,22850.0,100,Buy,226858884
2024-07-29 09:25:15,22800.0,800,Sell,226859270
2024-07-29 09:25:20,22850.0,100,Buy,226859428
2024-07-29 09:25:26,22800.0,3000,Sell,226859554
2024-07-29 09:25:41,22850.0,100,Buy,226859966
2024-07-29 09:26:00,22800.0,2000,Sell,226860379
2024-07-29 09:26:01,22850.0,100,Buy,226860407
2024-07-29 09:26:21,22850.0,100,Buy,226860945
2024-07-29 09:26:33,22850.0,2000,Buy,226861164
2024-07-29 09:26:33,22800.0,2000,Sell,226861165
2024-07-29 09:26:35,22850.0,200,Buy,226861207
2024-07-29 09:26:37,22800.0,100,Sell,226861231
2024-07-29 09:26:41,22850.0,300,Buy,226861351
2024-07-29 09:26:42,22800.0,2800,Sell,226861358
2024-07-29 09:26:42,22800.0,100,Sell,226861357
2024-07-29 09:26:42,22800.0,7000,Sell,226861355
2024-07-29 09:26:42,22850.0,100,Buy,226861354
2024-07-29 09:26:42,22800.0,100,Sell,226861356
2024-07-29 09:27:03,22850.0,100,Buy,226861835
2024-07-29 09:27:18,22850.0,100,Buy,226862108
2024-07-29 09:27:21,22850.0,100,Buy,226862151
2024-07-29 09:27:25,22850.0,100,Buy,226862247
2024-07-29 09:27:45,22850.0,100,Buy,226862698
2024-07-29 09:27:45,22850.0,100,Buy,226862696
2024-07-29 09:27:49,22850.0,300,Buy,226862805
2024-07-29 09:28:07,22850.0,100,Buy,226863159
2024-07-29 09:28:16,22800.0,1600,Sell,226863403
2024-07-29 09:28:16,22800.0,2000,Sell,226863402
2024-07-29 09:28:16,22800.0,100,Sell,226863401
2024-07-29 09:28:16,22800.0,100,Sell,226863400
2024-07-29 09:28:16,22800.0,100,Sell,226863399
2024-07-29 09:28:16,22800.0,200,Sell,226863398
2024-07-29 09:28:16,22800.0,500,Sell,226863395
2024-07-29 09:28:16,22800.0,100,Sell,226863394
2024-07-29 09:28:16,22800.0,500,Sell,226863393
2024-07-29 09:28:16,22800.0,200,Sell,226863392
2024-07-29 09:28:16,22800.0,200,Sell,226863391
2024-07-29 09:28:16,22800.0,2200,Sell,226863390
2024-07-29 09:28:16,22800.0,10000,Sell,226863396
2024-07-29 09:28:16,22800.0,5000,Sell,226863397
2024-07-29 09:28:20,22800.0,8400,Sell,226863544
2024-07-29 09:28:20,22800.0,200,Sell,226863545
2024-07-29 09:28:20,22800.0,7400,Sell,226863546
2024-07-29 09:28:27,22850.0,100,Buy,226863721
2024-07-29 09:28:34,22850.0,100,Buy,226863849
2024-07-29 09:28:39,22850.0,1000,Buy,226863945
2024-07-29 09:28:47,22850.0,100,Buy,226864146
2024-07-29 09:28:52,22850.0,100,Buy,226864264
2024-07-29 09:29:08,22850.0,100,Buy,226864556
2024-07-29 09:29:13,22800.0,100,Sell,226864637
2024-07-29 09:29:29,22850.0,100,Buy,226865073
2024-07-29 09:29:50,22850.0,100,Buy,226865533
2024-07-29 09:30:02,22850.0,3000,Buy,226865892
2024-07-29 09:30:11,22850.0,100,Buy,226866127
2024-07-29 09:30:22,22850.0,200,Buy,226866372
2024-07-29 09:30:31,22850.0,100,Buy,226866640
2024-07-29 09:30:35,22850.0,300,Buy,226866753
2024-07-29 09:30:44,22850.0,200,Buy,226866949
2024-07-29 09:30:52,22850.0,100,Buy,226867108
2024-07-29 09:31:08,22850.0,100,Buy,226867526
2024-07-29 09:31:14,22850.0,100,Buy,226867614
2024-07-29 09:31:35,22850.0,100,Buy,226868038
2024-07-29 09:31:46,22850.0,200,Buy,226868288
2024-07-29 09:31:46,22850.0,1800,Buy,226868289
2024-07-29 09:31:55,22850.0,1000,Buy,226868465
2024-07-29 09:31:56,22800.0,1700,Sell,226868492
2024-07-29 09:31:57,22850.0,100,Buy,226868501
2024-07-29 09:32:06,22850.0,100,Buy,226868739
2024-07-29 09:32:06,22850.0,200,Buy,226868746
2024-07-29 09:32:15,22850.0,1700,Buy,226868934
2024-07-29 09:32:17,22850.0,100,Buy,226868981
2024-07-29 09:32:18,22850.0,300,Buy,226868993
2024-07-29 09:32:23,22850.0,300,Buy,226869084
2024-07-29 09:32:29,22850.0,100,Buy,226869246
2024-07-29 09:32:37,22850.0,100,Buy,226869432
2024-07-29 09:32:48,22850.0,5200,Buy,226869652
2024-07-29 09:32:58,22850.0,100,Buy,226869891
2024-07-29 09:33:06,22850.0,2000,Buy,226870095
2024-07-29 09:33:17,22850.0,1000,Buy,226870402
2024-07-29 09:33:19,22850.0,100,Buy,226870455
2024-07-29 09:33:22,22850.0,1500,Buy,226870508
2024-07-29 09:33:36,22850.0,200,Buy,226870837
2024-07-29 09:33:37,22850.0,5000,Buy,226870872
2024-07-29 09:33:41,22850.0,100,Buy,226871004
2024-07-29 09:33:41,22850.0,100,Buy,226871005
2024-07-29 09:33:42,22800.0,200,Sell,226871020
2024-07-29 09:33:42,22800.0,1000,Sell,226871021
2024-07-29 09:33:42,22800.0,300,Sell,226871018
2024-07-29 09:33:42,22800.0,1000,Sell,226871019
2024-07-29 09:33:48,22850.0,800,Buy,226871161
2024-07-29 09:34:02,22850.0,100,Buy,226871502
2024-07-29 09:34:02,22850.0,100,Buy,226871518
2024-07-29 09:34:23,22850.0,100,Buy,226871978
2024-07-29 09:34:31,22800.0,500,Sell,226872133
2024-07-29 09:34:36,22850.0,100,Buy,226872230
2024-07-29 09:34:44,22850.0,100,Buy,226872460
2024-07-29 09:34:48,22800.0,3000,Sell,226872535
2024-07-29 09:35:04,22850.0,100,Buy,226873021
2024-07-29 09:35:12,22800.0,200,Sell,226873182
2024-07-29 09:35:14,22850.0,300,Buy,226873235
2024-07-29 09:35:20,22850.0,1000,Buy,226873381
2024-07-29 09:35:26,22850.0,100,Buy,226873535
2024-07-29 09:35:27,22800.0,1000,Sell,226873600
2024-07-29 09:35:27,22800.0,700,Sell,226873607
2024-07-29 09:35:27,22800.0,100,Sell,226873606
2024-07-29 09:35:27,22800.0,1000,Sell,226873605
2024-07-29 09:35:27,22800.0,1800,Sell,226873599
2024-07-29 09:35:27,22800.0,1200,Sell,226873603
2024-07-29 09:35:27,22800.0,1000,Sell,226873602
2024-07-29 09:35:27,22800.0,400,Sell,226873601
2024-07-29 09:35:27,22800.0,200,Sell,226873604
2024-07-29 09:35:32,22850.0,500,Buy,226873732
2024-07-29 09:35:46,22850.0,600,Buy,226874045
2024-07-29 09:35:46,22850.0,1000,Buy,226874046
2024-07-29 09:35:46,22850.0,3400,Buy,226874047
2024-07-29 09:35:47,22850.0,100,Buy,226874069
2024-07-29 09:35:50,22850.0,1000,Buy,226874181
2024-07-29 09:35:50,22850.0,100,Buy,226874167
2024-07-29 09:36:09,22850.0,100,Buy,226874651
2024-07-29 09:36:31,22850.0,100,Buy,226875218
2024-07-29 09:36:51,22850.0,100,Buy,226875814
2024-07-29 09:36:57,22850.0,100,Buy,226876006
2024-07-29 09:36:57,22850.0,10000,Buy,226876007
2024-07-29 09:36:57,22850.0,20000,Buy,226876008
2024-07-29 09:36:57,22850.0,7900,Buy,226876009
2024-07-29 09:37:11,22850.0,100,Buy,226876320
2024-07-29 09:37:30,22850.0,100,Buy,226876811
2024-07-29 09:37:30,22850.0,2000,Buy,226876807
2024-07-29 09:37:33,22850.0,100,Buy,226876905
2024-07-29 09:37:33,22850.0,100,Buy,226876901
2024-07-29 09:37:55,22850.0,100,Buy,226877464
2024-07-29 09:38:05,22850.0,4300,Buy,226877783
2024-07-29 09:38:10,22850.0,500,Buy,226877889
2024-07-29 09:38:12,22850.0,1000,Buy,226877953
2024-07-29 09:38:15,22850.0,3100,Buy,226878012
2024-07-29 09:38:15,22850.0,100,Buy,226878018
2024-07-29 09:38:22,22850.0,1000,Buy,226878177
2024-07-29 09:38:32,22850.0,1000,Buy,226878404
2024-07-29 09:38:32,22850.0,100,Buy,226878411
2024-07-29 09:38:34,22850.0,100,Buy,226878439
2024-07-29 09:38:36,22850.0,100,Buy,226878527
2024-07-29 09:38:40,22850.0,6800,Buy,226878631
2024-07-29 09:38:40,22850.0,1000,Buy,226878630
2024-07-29 09:38:40,22850.0,7600,Buy,226878629
2024-07-29 09:38:40,22850.0,20000,Buy,226878628
2024-07-29 09:38:40,22850.0,7600,Buy,226878627
2024-07-29 09:38:40,22850.0,7600,Buy,226878626
2024-07-29 09:38:40,22850.0,20000,Buy,226878625
2024-07-29 09:38:40,22850.0,100,Buy,226878624
2024-07-29 09:38:40,22850.0,13300,Buy,226878623
2024-07-29 09:38:42,22850.0,1400,Buy,226878651
2024-07-29 09:38:43,22850.0,5000,Buy,226878677
2024-07-29 09:38:44,22850.0,1800,Buy,226878684
2024-07-29 09:38:44,22850.0,100,Buy,226878685
2024-07-29 09:38:44,22850.0,3100,Buy,226878686
2024-07-29 09:38:45,22850.0,3500,Buy,226878715
2024-07-29 09:38:45,22850.0,300,Buy,226878714
2024-07-29 09:38:45,22850.0,11000,Buy,226878713
2024-07-29 09:38:45,22850.0,100,Buy,226878712
2024-07-29 09:38:45,22850.0,100,Buy,226878711
2024-07-29 09:38:45,22850.0,2000,Buy,226878710
2024-07-29 09:38:45,22850.0,500,Buy,226878707
2024-07-29 09:38:45,22850.0,7600,Buy,226878708
2024-07-29 09:38:45,22850.0,15900,Buy,226878703
2024-07-29 09:38:45,22850.0,100,Buy,226878706
2024-07-29 09:38:45,22850.0,7600,Buy,226878705
2024-07-29 09:38:45,22850.0,300,Buy,226878704
2024-07-29 09:38:45,22850.0,1000,Buy,226878709
2024-07-29 09:38:51,22850.0,200,Buy,226878847
2024-07-29 09:38:57,22850.0,100,Buy,226879002
2024-07-29 09:38:57,22850.0,2000,Buy,226879005
2024-07-29 09:38:58,22850.0,200,Buy,226879022
2024-07-29 09:38:58,22850.0,300,Buy,226879023
2024-07-29 09:38:58,22850.0,400,Buy,226879024
2024-07-29 09:38:58,22850.0,1100,Buy,226879025
2024-07-29 09:39:06,22800.0,400,Sell,226879215
2024-07-29 09:39:14,22800.0,1000,Sell,226879359
2024-07-29 09:39:19,22850.0,100,Buy,226879454
2024-07-29 09:39:19,22850.0,1800,Buy,226879463
2024-07-29 09:39:19,22850.0,500,Buy,226879464
2024-07-29 09:39:27,22800.0,1000,Sell,226879692
2024-07-29 09:39:40,22850.0,100,Buy,226880030
2024-07-29 09:39:44,22850.0,900,Buy,226880090
2024-07-29 09:39:48,22850.0,100,Buy,226880168
2024-07-29 09:39:49,22800.0,300,Sell,226880213
2024-07-29 09:40:01,22850.0,100,Buy,226880515
2024-07-29 09:40:06,22850.0,1900,Buy,226880675
2024-07-29 09:40:06,22850.0,100,Buy,226880674
2024-07-29 09:40:06,22850.0,5900,Buy,226880671
2024-07-29 09:40:06,22850.0,500,Buy,226880672
2024-07-29 09:40:06,22850.0,500,Buy,226880673
2024-07-29 09:40:10,22850.0,700,Buy,226880732
2024-07-29 09:40:12,22850.0,100,Buy,226880825
2024-07-29 09:40:12,22850.0,1900,Buy,226880826
2024-07-29 09:40:17,22850.0,100,Buy,226880947
2024-07-29 09:40:18,22850.0,100,Buy,226880983
2024-07-29 09:40:22,22850.0,100,Buy,226881050
2024-07-29 09:40:25,22850.0,100,Buy,226881155
2024-07-29 09:40:29,22850.0,100,Buy,226881252
2024-07-29 09:40:29,22850.0,700,Buy,226881259
2024-07-29 09:40:34,22850.0,900,Buy,226881352
2024-07-29 09:40:35,22850.0,900,Buy,226881386
2024-07-29 09:40:35,22850.0,600,Buy,226881387
2024-07-29 09:40:44,22850.0,100,Buy,226881555
2024-07-29 09:41:04,22850.0,1600,Buy,226882064
2024-07-29 09:41:04,22850.0,100,Buy,226882063
2024-07-29 09:41:06,22850.0,3000,Buy,226882121
2024-07-29 09:41:17,22850.0,100,Buy,226882456
2024-07-29 09:41:25,22850.0,100,Buy,226882699
2024-07-29 09:41:35,22850.0,700,Buy,226882861
2024-07-29 09:41:37,22850.0,1000,Buy,226882891
2024-07-29 09:41:43,22850.0,2700,Buy,226883019
2024-07-29 09:41:43,22850.0,4300,Buy,226883023
2024-07-29 09:41:44,22850.0,100,Buy,226883038
2024-07-29 09:41:47,22850.0,100,Buy,226883102
2024-07-29 09:41:55,22850.0,400,Buy,226883274
2024-07-29 09:42:00,22850.0,200,Buy,226883363
2024-07-29 09:42:08,22850.0,100,Buy,226883521
2024-07-29 09:42:09,22850.0,100,Buy,226883531
2024-07-29 09:42:11,22850.0,500,Buy,226883580
2024-07-29 09:42:30,22850.0,100,Buy,226884035
2024-07-29 09:42:39,22850.0,800,Buy,226884240
2024-07-29 09:42:50,22850.0,100,Buy,226884488
2024-07-29 09:42:50,22850.0,500,Buy,226884499
2024-07-29 09:42:53,22850.0,100,Buy,226884546
2024-07-29 09:42:53,22850.0,200,Buy,226884551
2024-07-29 09:42:53,22850.0,300,Buy,226884552
2024-07-29 09:43:11,22850.0,100,Buy,226884918
2024-07-29 09:43:33,22850.0,100,Buy,226885350
2024-07-29 09:43:34,22850.0,200,Buy,226885368
2024-07-29 09:43:53,22850.0,100,Buy,226885755
2024-07-29 09:43:58,22850.0,100,Buy,226885864
2024-07-29 09:43:59,22850.0,100,Buy,226885882
2024-07-29 09:43:59,22850.0,100,Buy,226885883
2024-07-29 09:44:15,22850.0,100,Buy,226886318
2024-07-29 09:44:21,22850.0,500,Buy,226886406
2024-07-29 09:44:22,22850.0,300,Buy,226886415
2024-07-29 09:44:29,22850.0,5000,Buy,226886596
2024-07-29 09:44:36,22850.0,100,Buy,226886740
2024-07-29 09:44:43,22850.0,1000,Buy,226886853
2024-07-29 09:44:57,22850.0,100,Buy,226887111
2024-07-29 09:45:18,22850.0,100,Buy,226887518
2024-07-29 09:45:29,22850.0,100,Buy,226887800
2024-07-29 09:45:40,22850.0,100,Buy,226888034
2024-07-29 09:45:53,22850.0,10000,Buy,226888301
2024-07-29 09:45:54,22850.0,1400,Buy,226888325
2024-07-29 09:46:01,22850.0,100,Buy,226888480
2024-07-29 09:46:01,22850.0,100,Buy,226888484
2024-07-29 09:46:06,22850.0,300,Buy,226888576
2024-07-29 09:46:12,22850.0,300,Buy,226888727
2024-07-29 09:46:22,22850.0,100,Buy,226888910
2024-07-29 09:46:24,22850.0,800,Buy,226888973
2024-07-29 09:46:24,22850.0,200,Buy,226888972
2024-07-29 09:46:32,22850.0,700,Buy,226889135
2024-07-29 09:46:32,22850.0,7600,Buy,226889136
2024-07-29 09:46:32,22850.0,100,Buy,226889137
2024-07-29 09:46:32,22850.0,500,Buy,226889138
2024-07-29 09:46:32,22850.0,1100,Buy,226889139
2024-07-29 09:46:33,22850.0,100,Buy,226889145
2024-07-29 09:46:38,22850.0,6000,Buy,226889256
2024-07-29 09:46:38,22850.0,10600,Buy,226889257
2024-07-29 09:46:38,22850.0,7600,Buy,226889254
2024-07-29 09:46:38,22850.0,8800,Buy,226889253
2024-07-29 09:46:38,22850.0,10000,Buy,226889255
2024-07-29 09:46:40,22850.0,100,Buy,226889276
2024-07-29 09:46:43,22850.0,100,Buy,226889374
2024-07-29 09:46:46,22800.0,500,Sell,226889414
2024-07-29 09:46:48,22850.0,700,Buy,226889445
2024-07-29 09:46:50,22850.0,1000,Buy,226889517
2024-07-29 09:46:57,22850.0,2500,Buy,226889682
2024-07-29 09:46:59,22850.0,500,Buy,226889733
2024-07-29 09:47:00,22850.0,1000,Buy,226889756
2024-07-29 09:47:02,22850.0,400,Buy,226889784
2024-07-29 09:47:04,22850.0,100,Buy,226889838
2024-07-29 09:47:09,22850.0,100,Buy,226889964
2024-07-29 09:47:16,22800.0,300,Sell,226890122
2024-07-29 09:47:16,22800.0,100,Sell,226890121
2024-07-29 09:47:16,22800.0,100,Sell,226890120
2024-07-29 09:47:17,22850.0,200,Buy,226890158
2024-07-29 09:47:23,22850.0,2000,Buy,226890263
2024-07-29 09:47:26,22850.0,5000,Buy,226890318
2024-07-29 09:47:26,22850.0,100,Buy,226890319
2024-07-29 09:47:29,22850.0,600,Buy,226890350
2024-07-29 09:47:30,22850.0,2000,Buy,226890358
2024-07-29 09:47:30,22850.0,1000,Buy,226890359
2024-07-29 09:47:30,22850.0,100,Buy,226890360
2024-07-29 09:47:30,22850.0,100,Buy,226890361
2024-07-29 09:47:30,22850.0,200,Buy,226890362
2024-07-29 09:47:30,22850.0,1600,Buy,226890363
2024-07-29 09:47:31,22850.0,1000,Buy,226890404
2024-07-29 09:47:34,22850.0,300,Buy,226890437
2024-07-29 09:47:36,22850.0,1500,Buy,226890537
2024-07-29 09:47:46,22850.0,600,Buy,226890744
2024-07-29 09:47:46,22850.0,500,Buy,226890745
2024-07-29 09:47:46,22850.0,500,Buy,226890746
2024-07-29 09:47:46,22850.0,3400,Buy,226890747
2024-07-29 09:47:48,22850.0,100,Buy,226890773
2024-07-29 09:47:54,22850.0,500,Buy,226890908
2024-07-29 09:48:05,22850.0,500,Buy,226891124
2024-07-29 09:48:08,22850.0,100,Buy,226891180
2024-07-29 09:48:14,22850.0,400,Buy,226891306
2024-07-29 09:48:14,22850.0,600,Buy,226891307
2024-07-29 09:48:17,22850.0,100,Buy,226891364
2024-07-29 09:48:17,22850.0,2000,Buy,226891362
2024-07-29 09:48:17,22850.0,100,Buy,226891361
2024-07-29 09:48:17,22850.0,100,Buy,226891363
2024-07-29 09:48:23,22850.0,100,Buy,226891471
2024-07-29 09:48:28,22850.0,100,Buy,226891545
2024-07-29 09:48:43,22850.0,700,Buy,226891886
2024-07-29 09:48:43,22850.0,1000,Buy,226891887
2024-07-29 09:48:43,22850.0,300,Buy,226891888
2024-07-29 09:48:46,22850.0,100,Buy,226891942
2024-07-29 09:48:48,22850.0,100,Buy,226892006
2024-07-29 09:49:09,22850.0,100,Buy,226892577
2024-07-29 09:49:10,22850.0,500,Buy,226892617
2024-07-29 09:49:19,22850.0,1000,Buy,226892900
2024-07-29 09:49:21,22850.0,700,Buy,226892942
2024-07-29 09:49:28,22850.0,300,Buy,226893070
2024-07-29 09:49:30,22850.0,100,Buy,226893204
2024-07-29 09:49:32,22850.0,100,Buy,226893260
2024-07-29 09:49:34,22850.0,1000,Buy,226893307
2024-07-29 09:49:38,22850.0,100,Buy,226893399
2024-07-29 09:49:40,22850.0,3200,Buy,226893514
2024-07-29 09:49:40,22850.0,9100,Buy,226893515
2024-07-29 09:49:40,22850.0,7600,Buy,226893516
2024-07-29 09:49:40,22850.0,100,Buy,226893517
2024-07-29 09:49:42,22850.0,1000,Buy,226893702
2024-07-29 09:49:51,22850.0,100,Buy,226893892
2024-07-29 09:49:57,22850.0,500,Buy,226894067
2024-07-29 09:50:02,22850.0,1500,Buy,226894200
2024-07-29 09:50:12,22850.0,3500,Buy,226894494
2024-07-29 09:50:13,22850.0,100,Buy,226894501
2024-07-29 09:50:28,22850.0,200,Buy,226894827
2024-07-29 09:50:28,22850.0,800,Buy,226894826
2024-07-29 09:50:31,22850.0,200,Buy,226895000
2024-07-29 09:50:31,22850.0,7600,Buy,226895001
2024-07-29 09:50:31,22850.0,2000,Buy,226895002
2024-07-29 09:50:34,22900.0,100,Buy,226895072
2024-07-29 09:50:34,22800.0,7000,Sell,226895071
2024-07-29 09:50:34,22800.0,500,Sell,226895070
2024-07-29 09:50:34,22800.0,100,Sell,226895069
2024-07-29 09:50:34,22800.0,500,Sell,226895068
2024-07-29 09:50:34,22800.0,100,Sell,226895066
2024-07-29 09:50:34,22800.0,1500,Sell,226895067
2024-07-29 09:50:34,22800.0,300,Sell,226895064
2024-07-29 09:50:34,22800.0,200,Sell,226895063
2024-07-29 09:50:34,22800.0,1000,Sell,226895062
2024-07-29 09:50:34,22800.0,1000,Sell,226895061
2024-07-29 09:50:34,22800.0,200,Sell,226895060
2024-07-29 09:50:34,22850.0,10200,Sell,226895059
2024-07-29 09:50:34,22800.0,200,Sell,226895065
2024-07-29 09:50:56,22900.0,100,Buy,226895749
2024-07-29 09:51:17,22900.0,100,Buy,226896263
2024-07-29 09:51:21,22900.0,5000,Buy,226896350
2024-07-29 09:51:29,22900.0,100,Buy,226896571
2024-07-29 09:51:34,22900.0,100,Buy,226896654
2024-07-29 09:51:37,22900.0,100,Buy,226896719
2024-07-29 09:51:40,22900.0,100,Buy,226896776
2024-07-29 09:51:46,22900.0,200,Buy,226896929
2024-07-29 09:51:48,22900.0,1000,Buy,226896981
2024-07-29 09:51:58,22900.0,100,Buy,226897201
2024-07-29 09:52:00,22900.0,200,Buy,226897240
2024-07-29 09:52:00,22900.0,800,Buy,226897239
2024-07-29 09:52:14,22900.0,100,Buy,226897599
2024-07-29 09:52:20,22900.0,100,Buy,226897785
2024-07-29 09:52:39,22850.0,4000,Sell,226898337
2024-07-29 09:52:39,22850.0,2000,Sell,226898336
2024-07-29 09:52:40,22900.0,100,Buy,226898365
2024-07-29 09:53:02,22900.0,100,Buy,226898958
2024-07-29 09:53:23,22900.0,100,Buy,226899630
2024-07-29 09:53:43,22900.0,100,Buy,226900147
2024-07-29 09:53:50,22900.0,200,Buy,226900344
2024-07-29 09:53:58,22900.0,1000,Buy,226900513
2024-07-29 09:53:58,22900.0,400,Buy,226900514
2024-07-29 09:54:05,22900.0,100,Buy,226900690
2024-07-29 09:54:17,22900.0,100,Buy,226900989
2024-07-29 09:54:17,22900.0,10000,Buy,226900972
2024-07-29 09:54:25,22900.0,100,Buy,226901198
2024-07-29 09:54:45,22900.0,100,Buy,226901778
2024-07-29 09:54:51,22900.0,100,Buy,226901887
2024-07-29 09:54:53,22900.0,5000,Buy,226901942
2024-07-29 09:54:58,22900.0,1000,Buy,226902050
2024-07-29 09:54:59,22900.0,300,Buy,226902074
2024-07-29 09:55:00,22900.0,1100,Buy,226902125
2024-07-29 09:55:00,22900.0,900,Buy,226902145
2024-07-29 09:55:06,22900.0,100,Buy,226902273
2024-07-29 09:55:09,22900.0,500,Buy,226902393
2024-07-29 09:55:11,22900.0,200,Buy,226902455
2024-07-29 09:55:18,22900.0,700,Buy,226902612
2024-07-29 09:55:18,22900.0,1300,Buy,226902611
2024-07-29 09:55:19,22900.0,300,Buy,226902688
2024-07-29 09:55:20,22850.0,100,Sell,226902706
2024-07-29 09:55:20,22850.0,1000,Sell,226902705
2024-07-29 09:55:24,22900.0,1000,Buy,226902815
2024-07-29 09:55:27,22900.0,100,Buy,226902912
2024-07-29 09:55:27,22900.0,3000,Buy,226902923
2024-07-29 09:55:30,22850.0,200,Sell,226902999
2024-07-29 09:55:30,22850.0,500,Sell,226902998
2024-07-29 09:55:30,22850.0,1600,Sell,226903000
2024-07-29 09:55:30,22850.0,1000,Sell,226902996
2024-07-29 09:55:30,22850.0,100,Sell,226902995
2024-07-29 09:55:30,22850.0,900,Sell,226902994
2024-07-29 09:55:30,22850.0,500,Sell,226902997
2024-07-29 09:55:39,22900.0,5000,Buy,226903267
2024-07-29 09:55:46,22900.0,3000,Buy,226903435
2024-07-29 09:55:46,22900.0,200,Buy,226903442
2024-07-29 09:55:47,22900.0,100,Buy,226903456
2024-07-29 09:55:51,22850.0,100,Sell,226903554
2024-07-29 09:55:51,22900.0,8700,Buy,226903555
2024-07-29 09:55:51,22900.0,1300,Buy,226903556
2024-07-29 09:55:54,22900.0,600,Buy,226903622
2024-07-29 09:55:55,22900.0,1000,Buy,226903628
2024-07-29 09:55:57,22900.0,1000,Buy,226903666
2024-07-29 09:55:57,22900.0,300,Buy,226903665
2024-07-29 09:55:58,22900.0,4000,Buy,226903724
2024-07-29 09:55:58,22900.0,100,Buy,226903723
2024-07-29 09:55:58,22900.0,100,Buy,226903722
2024-07-29 09:55:58,22900.0,800,Buy,226903721
2024-07-29 09:56:03,22900.0,500,Buy,226903810
2024-07-29 09:56:04,22900.0,2000,Buy,226903823
2024-07-29 09:56:04,22900.0,100,Buy,226903824
2024-07-29 09:56:04,22900.0,800,Buy,226903828
2024-07-29 09:56:06,22900.0,1000,Buy,226903883
2024-07-29 09:56:07,22900.0,200,Buy,226903898
2024-07-29 09:56:07,22900.0,1000,Buy,226903899
2024-07-29 09:56:07,22900.0,100,Buy,226903925
2024-07-29 09:56:11,22900.0,300,Buy,226904027
2024-07-29 09:56:11,22900.0,200,Buy,226904028
2024-07-29 09:56:11,22900.0,500,Buy,226904029
2024-07-29 09:56:11,22900.0,500,Buy,226904038
2024-07-29 09:56:19,22900.0,1000,Buy,226904191
2024-07-29 09:56:25,22900.0,1000,Buy,226904290
2024-07-29 09:56:26,22900.0,200,Buy,226904307
2024-07-29 09:56:28,22900.0,100,Buy,226904331
2024-07-29 09:56:29,22900.0,400,Buy,226904384
2024-07-29 09:56:34,22900.0,100,Buy,226904515
2024-07-29 09:56:37,22900.0,1000,Buy,226904585
2024-07-29 09:56:37,22850.0,500,Sell,226904586
2024-07-29 09:56:37,22850.0,100,Sell,226904587
2024-07-29 09:56:37,22850.0,600,Sell,226904588
2024-07-29 09:56:39,22900.0,600,Buy,226904628
2024-07-29 09:56:40,22900.0,2500,Buy,226904639
2024-07-29 09:56:43,22900.0,1000,Buy,226904688
2024-07-29 09:56:44,22900.0,1000,Buy,226904706
2024-07-29 09:56:48,22900.0,500,Buy,226904792
2024-07-29 09:56:48,22900.0,100,Buy,226904796
2024-07-29 09:56:50,22900.0,500,Buy,226904866
2024-07-29 09:56:51,22900.0,200,Buy,226904890
2024-07-29 09:56:55,22900.0,700,Buy,226904977
2024-07-29 09:57:00,22900.0,2000,Buy,226905063
2024-07-29 09:57:01,22900.0,1000,Buy,226905111
2024-07-29 09:57:01,22900.0,100,Buy,226905112
2024-07-29 09:57:04,22900.0,300,Buy,226905226
2024-07-29 09:57:05,22900.0,500,Buy,226905245
2024-07-29 09:57:08,22900.0,1000,Buy,226905308
2024-07-29 09:57:08,22900.0,100,Buy,226905313
2024-07-29 09:57:08,22900.0,2000,Buy,226905340
2024-07-29 09:57:09,22900.0,100,Buy,226905352
2024-07-29 09:57:11,22900.0,500,Buy,226905390
2024-07-29 09:57:13,22900.0,500,Buy,226905443
2024-07-29 09:57:13,22900.0,2500,Buy,226905444
2024-07-29 09:57:16,22900.0,500,Buy,226905500
2024-07-29 09:57:16,22900.0,5000,Buy,226905511
2024-07-29 09:57:18,22900.0,5000,Buy,226905536
2024-07-29 09:57:18,22900.0,5000,Buy,226905537
2024-07-29 09:57:19,22900.0,2000,Buy,226905568
2024-07-29 09:57:20,22900.0,100,Buy,226905589
2024-07-29 09:57:20,22900.0,1000,Buy,226905590
2024-07-29 09:57:20,22900.0,1000,Buy,226905591
2024-07-29 09:57:20,22900.0,200,Buy,226905592
2024-07-29 09:57:20,22900.0,6900,Buy,226905593
2024-07-29 09:57:21,22900.0,200,Buy,226905601
2024-07-29 09:57:22,22900.0,5000,Buy,226905615
2024-07-29 09:57:22,22900.0,500,Buy,226905618
2024-07-29 09:57:23,22900.0,1000,Buy,226905629
2024-07-29 09:57:23,22900.0,1000,Buy,226905635
2024-07-29 09:57:25,22900.0,1000,Buy,226905668
2024-07-29 09:57:26,22900.0,3400,Buy,226905693
2024-07-29 09:57:26,22900.0,1600,Buy,226905694
2024-07-29 09:57:27,22900.0,700,Buy,226905703
2024-07-29 09:57:30,22900.0,4000,Buy,226905764
2024-07-29 09:57:31,22900.0,100,Buy,226905774
2024-07-29 09:57:33,22900.0,1000,Buy,226905826
2024-07-29 09:57:36,22900.0,200,Buy,226905902
2024-07-29 09:57:37,22900.0,2000,Buy,226905914
2024-07-29 09:57:38,22900.0,1400,Buy,226905962
2024-07-29 09:57:38,22900.0,500,Buy,226905963
2024-07-29 09:57:38,22900.0,100,Buy,226905964
2024-07-29 09:57:39,22900.0,900,Buy,226905983
2024-07-29 09:57:39,22900.0,100,Buy,226905982
2024-07-29 09:57:42,22900.0,100,Buy,226906099
2024-07-29 09:57:42,22900.0,2000,Buy,226906100
2024-07-29 09:57:42,22900.0,1000,Buy,226906101
2024-07-29 09:57:42,22900.0,100,Buy,226906102
2024-07-29 09:57:42,22900.0,500,Buy,226906103
2024-07-29 09:57:42,22900.0,5000,Buy,226906104
2024-07-29 09:57:42,22900.0,100,Buy,226906105
2024-07-29 09:57:42,22900.0,200,Buy,226906106
2024-07-29 09:57:42,22900.0,200,Buy,226906107
2024-07-29 09:57:42,22900.0,800,Buy,226906108
2024-07-29 09:57:44,22900.0,100,Buy,226906186
2024-07-29 09:57:44,22900.0,5200,Buy,226906177
2024-07-29 09:57:44,22900.0,1000,Buy,226906176
2024-07-29 09:57:44,22900.0,1000,Buy,226906173
2024-07-29 09:57:44,22900.0,500,Buy,226906174
2024-07-29 09:57:44,22900.0,200,Buy,226906172
2024-07-29 09:57:44,22900.0,100,Buy,226906175
2024-07-29 09:57:45,22900.0,1000,Buy,226906205
2024-07-29 09:57:46,22900.0,1000,Buy,226906262
2024-07-29 09:57:47,22900.0,300,Buy,226906280
2024-07-29 09:57:47,22900.0,4700,Buy,226906281
2024-07-29 09:57:48,22900.0,500,Buy,226906284
2024-07-29 09:57:48,22900.0,100,Buy,226906294
2024-07-29 09:57:48,22900.0,400,Buy,226906302
2024-07-29 09:57:50,22900.0,1000,Buy,226906336
2024-07-29 09:57:51,22900.0,600,Buy,226906343
2024-07-29 09:57:52,22900.0,100,Buy,226906379
2024-07-29 09:57:53,22900.0,2000,Buy,226906399
2024-07-29 09:57:54,22900.0,2000,Buy,226906413
2024-07-29 09:57:56,22900.0,3000,Buy,226906444
2024-07-29 09:57:59,22900.0,1400,Buy,226906481
2024-07-29 09:58:01,22900.0,100,Buy,226906531
2024-07-29 09:58:01,22900.0,200,Buy,226906532
2024-07-29 09:58:03,22900.0,800,Buy,226906560
2024-07-29 09:58:03,22900.0,300,Buy,226906561
2024-07-29 09:58:04,22900.0,2000,Buy,226906575
2024-07-29 09:58:05,22900.0,100,Buy,226906596
2024-07-29 09:58:05,22900.0,1400,Buy,226906597
2024-07-29 09:58:05,22900.0,1400,Buy,226906594
2024-07-29 09:58:05,22900.0,3500,Buy,226906595
2024-07-29 09:58:05,22900.0,3600,Buy,226906593
2024-07-29 09:58:07,22900.0,1000,Buy,226906657
2024-07-29 09:58:09,22900.0,1000,Buy,226906694
2024-07-29 09:58:09,22900.0,200,Buy,226906687
2024-07-29 09:58:11,22900.0,2200,Buy,226906744
2024-07-29 09:58:12,22900.0,1800,Buy,226906747
2024-07-29 09:58:12,22900.0,5000,Buy,226906748
2024-07-29 09:58:12,22900.0,3200,Buy,226906749
2024-07-29 09:58:13,22900.0,3300,Buy,226906774
2024-07-29 09:58:13,22900.0,200,Buy,226906773
2024-07-29 09:58:13,22900.0,100,Buy,226906793
2024-07-29 09:58:13,22900.0,100,Buy,226906771
2024-07-29 09:58:13,22900.0,4400,Buy,226906770
2024-07-29 09:58:13,22900.0,2000,Buy,226906772
2024-07-29 09:58:15,22900.0,2000,Buy,226906843
2024-07-29 09:58:15,22900.0,500,Buy,226906847
2024-07-29 09:58:17,22900.0,500,Buy,226906903
2024-07-29 09:58:18,22900.0,1000,Buy,226906906
2024-07-29 09:58:19,22900.0,200,Buy,226906943
2024-07-29 09:58:29,22900.0,100,Sell,226907091
2024-07-29 09:58:29,22900.0,1000,Sell,226907094
2024-07-29 09:58:29,22900.0,1000,Sell,226907092
2024-07-29 09:58:29,22900.0,1500,Sell,226907090
2024-07-29 09:58:29,22900.0,200,Sell,226907095
2024-07-29 09:58:29,22900.0,1000,Sell,226907088
2024-07-29 09:58:29,22900.0,200,Sell,226907089
2024-07-29 09:58:29,22900.0,800,Sell,226907084
2024-07-29 09:58:29,22900.0,500,Sell,226907085
2024-07-29 09:58:29,22900.0,1000,Sell,226907093
2024-07-29 09:58:29,22900.0,5000,Sell,226907086
2024-07-29 09:58:29,22900.0,2000,Sell,226907087
2024-07-29 09:58:30,22900.0,500,Buy,226907117
2024-07-29 09:58:34,22900.0,2000,Buy,226907165
2024-07-29 09:58:34,22900.0,100,Buy,226907169
2024-07-29 09:58:34,22900.0,100,Buy,226907170
2024-07-29 09:58:40,22900.0,200,Buy,226907237
2024-07-29 09:58:40,22900.0,500,Buy,226907250
2024-07-29 09:58:46,22900.0,1100,Buy,226907340
2024-07-29 09:58:46,22900.0,200,Buy,226907345
2024-07-29 09:58:47,22900.0,2000,Buy,226907357
2024-07-29 09:58:51,22900.0,500,Buy,226907406
2024-07-29 09:58:55,22900.0,500,Buy,226907512
2024-07-29 09:58:56,22900.0,100,Buy,226907528
2024-07-29 09:58:57,22900.0,1000,Buy,226907544
2024-07-29 09:58:58,22900.0,600,Buy,226907548
2024-07-29 09:59:00,22900.0,2000,Buy,226907586
2024-07-29 09:59:00,22900.0,500,Buy,226907587
2024-07-29 09:59:08,22900.0,200,Buy,226907714
2024-07-29 09:59:09,22900.0,100,Buy,226907725
2024-07-29 09:59:09,22900.0,1000,Buy,226907726
2024-07-29 09:59:10,22900.0,100,Buy,226907772
2024-07-29 09:59:11,22900.0,10000,Buy,226907778
2024-07-29 09:59:14,22900.0,100,Buy,226907861
2024-07-29 09:59:17,22900.0,100,Buy,226907899
2024-07-29 09:59:17,22900.0,300,Buy,226907909
2024-07-29 09:59:25,22900.0,100,Buy,226908026
2024-07-29 09:59:26,22900.0,4400,Buy,226908038
2024-07-29 09:59:27,22900.0,5000,Buy,226908046
2024-07-29 09:59:28,22900.0,300,Buy,226908057
2024-07-29 09:59:31,22900.0,700,Buy,226908098
2024-07-29 09:59:35,22900.0,2000,Buy,226908161
2024-07-29 09:59:35,22900.0,1000,Buy,226908156
2024-07-29 09:59:36,22900.0,6000,Buy,226908175
2024-07-29 09:59:37,22900.0,100,Buy,226908216
2024-07-29 09:59:40,22900.0,5000,Buy,226908268
2024-07-29 09:59:41,22900.0,200,Buy,226908279
2024-07-29 09:59:42,22900.0,1000,Buy,226908290
2024-07-29 09:59:43,22900.0,200,Buy,226908299
2024-07-29 09:59:43,22900.0,1000,Buy,226908303
2024-07-29 09:59:44,22900.0,2000,Buy,226908320
2024-07-29 09:59:45,22900.0,5000,Buy,226908327
2024-07-29 09:59:47,22900.0,500,Buy,226908349
2024-07-29 09:59:48,22900.0,100,Buy,226908369
2024-07-29 09:59:56,22900.0,10000,Buy,226908475
2024-07-29 09:59:58,22900.0,100,Buy,226908487
2024-07-29 09:59:59,22900.0,500,Buy,226908496
2024-07-29 10:00:00,22900.0,900,Buy,226908549
2024-07-29 10:00:01,22900.0,2000,Buy,226908565
2024-07-29 10:00:02,22900.0,200,Buy,226908584
2024-07-29 10:00:05,22900.0,5000,Buy,226908653
2024-07-29 10:00:07,22900.0,600,Buy,226908684
2024-07-29 10:00:08,22900.0,200,Buy,226908691
2024-07-29 10:00:09,22900.0,200,Buy,226908725
2024-07-29 10:00:09,22900.0,600,Buy,226908736
2024-07-29 10:00:14,22900.0,200,Buy,226908784
2024-07-29 10:00:15,22900.0,2000,Buy,226908800
2024-07-29 10:00:16,22900.0,10000,Buy,226908809
2024-07-29 10:00:18,22900.0,100,Buy,226908870
2024-07-29 10:00:20,22900.0,300,Buy,226908882
2024-07-29 10:00:20,22900.0,100,Buy,226908879
2024-07-29 10:00:21,22900.0,1000,Buy,226908919
2024-07-29 10:00:23,22900.0,100,Buy,226908961
2024-07-29 10:00:24,22900.0,5000,Buy,226908978
2024-07-29 10:00:24,22900.0,600,Buy,226908985
2024-07-29 10:00:28,22900.0,10000,Buy,226909034
2024-07-29 10:00:31,22900.0,5000,Buy,226909074
2024-07-29 10:00:32,22900.0,500,Buy,226909117
2024-07-29 10:00:34,22900.0,100,Buy,226909140
2024-07-29 10:00:34,22900.0,400,Buy,226909141
2024-07-29 10:00:36,22900.0,500,Buy,226909180
2024-07-29 10:00:37,22900.0,500,Buy,226909197
2024-07-29 10:00:37,22900.0,100,Buy,226909220
2024-07-29 10:00:41,22900.0,100,Buy,226909310
2024-07-29 10:00:42,22900.0,1000,Buy,226909334
2024-07-29 10:00:45,22900.0,500,Buy,226909387
2024-07-29 10:00:45,22900.0,4500,Buy,226909392
2024-07-29 10:00:45,22900.0,300,Buy,226909393
2024-07-29 10:00:45,22900.0,3300,Buy,226909394
2024-07-29 10:00:45,22900.0,300,Buy,226909395
2024-07-29 10:00:45,22900.0,1000,Buy,226909396
2024-07-29 10:00:45,22900.0,3000,Buy,226909397
2024-07-29 10:00:45,22900.0,7600,Buy,226909398
2024-07-29 10:00:50,22900.0,100,Buy,226909491
2024-07-29 10:00:51,22900.0,100,Buy,226909497
2024-07-29 10:00:52,22900.0,800,Buy,226909501
2024-07-29 10:00:54,22900.0,1000,Buy,226909552
2024-07-29 10:00:54,22900.0,1400,Buy,226909546
2024-07-29 10:00:54,22900.0,600,Buy,226909547
2024-07-29 10:00:56,22900.0,500,Buy,226909572
2024-07-29 10:01:00,22900.0,100,Buy,226909618
2024-07-29 10:01:02,22900.0,100,Buy,226909655
2024-07-29 10:01:02,22900.0,200,Buy,226909667
2024-07-29 10:01:03,22900.0,300,Buy,226909676
2024-07-29 10:01:07,22900.0,20000,Buy,226909725
2024-07-29 10:01:09,22900.0,1000,Buy,226909767
2024-07-29 10:01:09,22900.0,100,Buy,226909768
2024-07-29 10:01:10,22900.0,100,Buy,226909778
2024-07-29 10:01:13,22900.0,500,Buy,226909827
2024-07-29 10:01:14,22900.0,5000,Buy,226909846
2024-07-29 10:01:16,22900.0,2000,Buy,226909876
2024-07-29 10:01:16,22900.0,500,Buy,226909871
2024-07-29 10:01:16,22900.0,2000,Buy,226909872
2024-07-29 10:01:16,22900.0,10000,Buy,226909875
2024-07-29 10:01:19,22900.0,1000,Buy,226909903
2024-07-29 10:01:21,22900.0,500,Buy,226909942
2024-07-29 10:01:22,22900.0,800,Buy,226909948
2024-07-29 10:01:23,22900.0,100,Buy,226909968
2024-07-29 10:01:24,22900.0,100,Buy,226909971
2024-07-29 10:01:25,22900.0,2100,Buy,226909984
2024-07-29 10:01:26,22900.0,1400,Buy,226910001
2024-07-29 10:01:26,22900.0,200,Buy,226910002
2024-07-29 10:01:26,22900.0,400,Buy,226910003
2024-07-29 10:01:28,22900.0,600,Buy,226910019
2024-07-29 10:01:30,22900.0,500,Buy,226910044
2024-07-29 10:01:31,22900.0,500,Buy,226910061
2024-07-29 10:01:33,22900.0,1000,Buy,226910099
2024-07-29 10:01:33,22900.0,2100,Buy,226910098
2024-07-29 10:01:44,22950.0,100,Buy,226910285
2024-07-29 10:01:44,22950.0,100,Buy,226910315
2024-07-29 10:01:55,22900.0,1600,Sell,226910533
2024-07-29 10:02:04,22900.0,500,Sell,226910713
2024-07-29 10:02:04,22950.0,100,Buy,226910714
2024-07-29 10:02:05,22950.0,100,Buy,226910741
2024-07-29 10:02:22,22950.0,100,Buy,226911117
2024-07-29 10:02:25,22950.0,100,Buy,226911173
2024-07-29 10:02:26,22950.0,1000,Buy,226911174
2024-07-29 10:02:36,22900.0,500,Sell,226911364
2024-07-29 10:02:38,22950.0,100,Buy,226911425
2024-07-29 10:02:44,22950.0,1000,Buy,226911555
2024-07-29 10:02:45,22950.0,500,Buy,226911569
2024-07-29 10:02:47,22950.0,100,Buy,226911640
2024-07-29 10:02:56,22900.0,400,Sell,226911888
2024-07-29 10:02:58,22950.0,500,Buy,226911920
2024-07-29 10:03:03,22950.0,100,Buy,226912000
2024-07-29 10:03:04,22950.0,1000,Buy,226912024
2024-07-29 10:03:07,22950.0,100,Buy,226912099
2024-07-29 10:03:16,22900.0,400,Sell,226912257
2024-07-29 10:03:17,22950.0,900,Buy,226912278
2024-07-29 10:03:23,22900.0,100,Sell,226912424
2024-07-29 10:03:23,22900.0,1000,Sell,226912421
2024-07-29 10:03:23,22900.0,1900,Sell,226912420
2024-07-29 10:03:23,22900.0,500,Sell,226912423
2024-07-29 10:03:23,22900.0,300,Sell,226912418
2024-07-29 10:03:23,22900.0,1000,Sell,226912419
2024-07-29 10:03:23,22900.0,3500,Sell,226912416
2024-07-29 10:03:23,22900.0,500,Sell,226912422
2024-07-29 10:03:23,22900.0,1200,Sell,226912417
2024-07-29 10:03:29,22950.0,100,Buy,226912510
2024-07-29 10:03:36,22900.0,400,Sell,226912615
2024-07-29 10:03:46,22950.0,100,Buy,226912802
2024-07-29 10:03:49,22950.0,100,Buy,226912848
2024-07-29 10:03:53,22900.0,200,Sell,226912919
2024-07-29 10:03:53,22900.0,2000,Sell,226912920
2024-07-29 10:03:53,22900.0,4400,Sell,226912921
2024-07-29 10:03:53,22900.0,700,Sell,226912922
2024-07-29 10:03:53,22900.0,700,Sell,226912923
2024-07-29 10:03:53,22900.0,1000,Sell,226912925
2024-07-29 10:03:53,22900.0,9000,Sell,226912926
2024-07-29 10:03:53,22900.0,1000,Sell,226912927
2024-07-29 10:03:53,22900.0,100,Sell,226912928
2024-07-29 10:03:53,22900.0,400,Sell,226912929
2024-07-29 10:03:53,22900.0,500,Sell,226912930
2024-07-29 10:03:53,22900.0,2000,Sell,226912931
2024-07-29 10:03:53,22900.0,1000,Sell,226912932
2024-07-29 10:03:53,22900.0,100,Sell,226912933
2024-07-29 10:03:53,22900.0,4400,Sell,226912934
2024-07-29 10:03:53,22900.0,300,Sell,226912918
2024-07-29 10:03:53,22900.0,500,Sell,226912917
2024-07-29 10:03:53,22900.0,500,Sell,226912896
2024-07-29 10:03:53,22900.0,1000,Sell,226912915
2024-07-29 10:03:53,22900.0,1000,Sell,226912916
2024-07-29 10:03:53,22900.0,100,Sell,226912898
2024-07-29 10:03:53,22900.0,500,Sell,226912899
2024-07-29 10:03:53,22900.0,100,Sell,226912902
2024-07-29 10:03:53,22900.0,1000,Sell,226912903
2024-07-29 10:03:53,22900.0,1000,Sell,226912904
2024-07-29 10:03:53,22900.0,5000,Sell,226912905
2024-07-29 10:03:53,22900.0,2000,Sell,226912906
2024-07-29 10:03:53,22900.0,100,Sell,226912897
2024-07-29 10:03:53,22900.0,1000,Sell,226912908
2024-07-29 10:03:53,22900.0,500,Sell,226912907
2024-07-29 10:03:53,22900.0,1000,Sell,226912914
2024-07-29 10:03:53,22900.0,1100,Sell,226912913
2024-07-29 10:03:53,22900.0,3000,Sell,226912912
2024-07-29 10:03:53,22900.0,300,Sell,226912924
2024-07-29 10:03:53,22900.0,1000,Sell,226912910
2024-07-29 10:03:53,22900.0,1000,Sell,226912909
2024-07-29 10:03:53,22900.0,500,Sell,226912911
2024-07-29 10:03:56,22900.0,400,Sell,226912977
2024-07-29 10:03:59,22950.0,1000,Buy,226913029
2024-07-29 10:04:00,22950.0,100,Buy,226913057
2024-07-29 10:04:08,22900.0,100,Sell,226913195
2024-07-29 10:04:08,22900.0,300,Sell,226913194
2024-07-29 10:04:08,22900.0,10000,Sell,226913193
2024-07-29 10:04:08,22900.0,2000,Sell,226913191
2024-07-29 10:04:08,22900.0,1200,Sell,226913189
2024-07-29 10:04:08,22900.0,100,Sell,226913192
2024-07-29 10:04:08,22900.0,300,Sell,226913190
2024-07-29 10:04:10,22900.0,100,Sell,226913213
2024-07-29 10:04:10,22900.0,200,Sell,226913214
2024-07-29 10:04:10,22950.0,100,Buy,226913220
2024-07-29 10:04:16,22900.0,400,Sell,226913333
2024-07-29 10:04:28,22950.0,100,Buy,226913586
2024-07-29 10:04:31,22950.0,100,Buy,226913645
2024-07-29 10:04:36,22900.0,400,Sell,226913748
2024-07-29 10:04:46,22950.0,100,Buy,226914022
2024-07-29 10:04:51,22950.0,100,Buy,226914181
2024-07-29 10:04:56,22900.0,100,Sell,226914295
2024-07-29 10:04:56,22900.0,100,Sell,226914294
2024-07-29 10:04:56,22900.0,200,Sell,226914296
2024-07-29 10:04:57,22950.0,500,Buy,226914311
2024-07-29 10:05:07,22950.0,100,Buy,226914447
2024-07-29 10:05:07,22900.0,100,Sell,226914448
2024-07-29 10:05:07,22900.0,700,Sell,226914449
2024-07-29 10:05:07,22900.0,2500,Sell,226914450
2024-07-29 10:05:09,22900.0,3000,Sell,226914484
2024-07-29 10:05:09,22900.0,100,Sell,226914483
2024-07-29 10:05:09,22900.0,200,Sell,226914482
2024-07-29 10:05:09,22900.0,200,Sell,226914481
2024-07-29 10:05:09,22900.0,300,Sell,226914480
2024-07-29 10:05:09,22900.0,400,Sell,226914479
2024-07-29 10:05:09,22900.0,200,Sell,226914478
2024-07-29 10:05:09,22900.0,500,Sell,226914476
2024-07-29 10:05:09,22900.0,2000,Sell,226914474
2024-07-29 10:05:09,22900.0,100,Sell,226914473
2024-07-29 10:05:09,22900.0,6000,Sell,226914472
2024-07-29 10:05:09,22900.0,1000,Sell,226914471
2024-07-29 10:05:09,22900.0,7500,Sell,226914470
2024-07-29 10:05:09,22900.0,500,Sell,226914477
2024-07-29 10:05:09,22900.0,5000,Sell,226914475
2024-07-29 10:05:11,22900.0,500,Buy,226914508
2024-07-29 10:05:12,22900.0,100,Buy,226914516
2024-07-29 10:05:15,22900.0,1700,Buy,226914586
2024-07-29 10:05:15,22900.0,300,Buy,226914584
2024-07-29 10:05:17,22900.0,300,Sell,226914614
2024-07-29 10:05:17,22850.0,100,Sell,226914615
2024-07-29 10:05:32,22850.0,200,Sell,226914875
2024-07-29 10:05:32,22900.0,400,Buy,226914881
2024-07-29 10:05:33,22900.0,100,Buy,226914885
2024-07-29 10:05:34,22900.0,4500,Buy,226914912
2024-07-29 10:05:34,22900.0,200,Buy,226914913
2024-07-29 10:05:37,22900.0,400,Sell,226914939
2024-07-29 10:05:39,22900.0,100,Sell,226914979
2024-07-29 10:05:45,22950.0,100,Buy,226915086
2024-07-29 10:05:54,22950.0,100,Buy,226915256
2024-07-29 10:05:57,22900.0,400,Sell,226915324
2024-07-29 10:05:58,22900.0,200,Sell,226915360
2024-07-29 10:06:06,22900.0,1000,Sell,226915483
2024-07-29 10:06:06,22900.0,2500,Sell,226915482
2024-07-29 10:06:08,22900.0,100,Sell,226915520
2024-07-29 10:06:08,22900.0,7500,Sell,226915521
2024-07-29 10:06:09,22950.0,100,Buy,226915532
2024-07-29 10:06:09,22900.0,300,Sell,226915544
2024-07-29 10:06:11,22900.0,2200,Sell,226915564
2024-07-29 10:06:11,22900.0,100,Sell,226915565
2024-07-29 10:06:15,22950.0,100,Buy,226915616
2024-07-29 10:06:17,22900.0,400,Sell,226915637
2024-07-29 10:06:18,22900.0,300,Sell,226915664
2024-07-29 10:06:18,22900.0,100,Sell,226915663
2024-07-29 10:06:18,22900.0,200,Sell,226915662
2024-07-29 10:06:18,22900.0,200,Sell,226915661
2024-07-29 10:06:18,22900.0,100,Sell,226915659
2024-07-29 10:06:18,22900.0,500,Sell,226915657
2024-07-29 10:06:18,22900.0,100,Sell,226915660
2024-07-29 10:06:18,22900.0,3500,Sell,226915658
2024-07-29 10:06:34,22900.0,700,Sell,226915902
2024-07-29 10:06:34,22900.0,2500,Sell,226915903
2024-07-29 10:06:34,22900.0,100,Sell,226915904
2024-07-29 10:06:34,22900.0,1700,Sell,226915905
2024-07-29 10:06:35,22950.0,100,Buy,226915908
2024-07-29 10:06:37,22900.0,400,Sell,226915928
2024-07-29 10:06:37,22950.0,100,Buy,226915936
2024-07-29 10:06:40,22950.0,600,Buy,226915973
2024-07-29 10:06:45,22900.0,1800,Sell,226916063
2024-07-29 10:06:45,22900.0,200,Sell,226916062
2024-07-29 10:06:45,22900.0,100,Sell,226916061
2024-07-29 10:06:45,22900.0,900,Sell,226916059
2024-07-29 10:06:45,22900.0,1500,Sell,226916058
2024-07-29 10:06:45,22900.0,500,Sell,226916060
2024-07-29 10:06:46,22950.0,100,Buy,226916069
2024-07-29 10:06:49,22950.0,100,Buy,226916107
2024-07-29 10:06:57,22900.0,200,Sell,226916203
2024-07-29 10:06:57,22900.0,200,Sell,226916204
2024-07-29 10:06:59,22950.0,100,Buy,226916231
2024-07-29 10:07:03,22950.0,200,Buy,226916300
2024-07-29 10:07:17,22900.0,200,Sell,226916557
2024-07-29 10:07:17,22900.0,100,Sell,226916558
2024-07-29 10:07:17,22900.0,100,Sell,226916559
2024-07-29 10:07:18,22900.0,1200,Sell,226916595
2024-07-29 10:07:18,22900.0,1900,Sell,226916593
2024-07-29 10:07:18,22900.0,1000,Sell,226916594
2024-07-29 10:07:19,22900.0,100,Buy,226916626
2024-07-29 10:07:27,22900.0,500,Buy,226916762
2024-07-29 10:07:29,22900.0,300,Buy,226916802
2024-07-29 10:07:33,22900.0,1700,Sell,226916831
2024-07-29 10:07:34,22900.0,100,Buy,226916847
2024-07-29 10:07:37,22900.0,400,Sell,226916909
2024-07-29 10:07:41,22950.0,100,Buy,226916960
2024-07-29 10:07:57,22900.0,400,Sell,226917191
2024-07-29 10:08:03,22950.0,100,Buy,226917273
2024-07-29 10:08:12,22900.0,500,Sell,226917482
2024-07-29 10:08:12,22900.0,3100,Sell,226917483
2024-07-29 10:08:12,22900.0,800,Sell,226917480
2024-07-29 10:08:12,22900.0,1600,Sell,226917479
2024-07-29 10:08:12,22900.0,500,Sell,226917481
2024-07-29 10:08:17,22900.0,400,Sell,226917582
2024-07-29 10:08:23,22950.0,100,Buy,226917695
2024-07-29 10:08:24,22950.0,100,Buy,226917696
2024-07-29 10:08:27,22950.0,1000,Buy,226917727
2024-07-29 10:08:38,22900.0,400,Sell,226917857
2024-07-29 10:08:45,22950.0,100,Buy,226918057
2024-07-29 10:08:47,22900.0,100,Sell,226918119
2024-07-29 10:08:47,22900.0,600,Sell,226918120
2024-07-29 10:08:47,22900.0,10000,Sell,226918121
2024-07-29 10:08:47,22900.0,100,Sell,226918125
2024-07-29 10:08:47,22900.0,100,Sell,226918123
2024-07-29 10:08:47,22900.0,200,Sell,226918124
2024-07-29 10:08:47,22900.0,200,Sell,226918122
2024-07-29 10:08:47,22900.0,2000,Sell,226918118
2024-07-29 10:08:47,22900.0,100,Sell,226918115
2024-07-29 10:08:47,22900.0,200,Sell,226918116
2024-07-29 10:08:47,22900.0,2000,Sell,226918114
2024-07-29 10:08:47,22900.0,500,Sell,226918113
2024-07-29 10:08:47,22900.0,1000,Sell,226918112
2024-07-29 10:08:47,22900.0,100,Sell,226918111
2024-07-29 10:08:47,22900.0,1000,Sell,226918110
2024-07-29 10:08:47,22900.0,100,Sell,226918109
2024-07-29 10:08:47,22900.0,5000,Sell,226918108
2024-07-29 10:08:47,22900.0,100,Sell,226918117
2024-07-29 10:08:50,22850.0,9100,Sell,226918189
2024-07-29 10:08:50,22850.0,900,Sell,226918190
2024-07-29 10:08:58,22850.0,400,Sell,226918347
2024-07-29 10:09:06,22900.0,200,Buy,226918460
2024-07-29 10:09:07,22900.0,100,Buy,226918470
2024-07-29 10:09:16,22900.0,100,Buy,226918633
2024-07-29 10:09:17,22850.0,400,Sell,226918675
2024-07-29 10:09:23,22900.0,1000,Buy,226918756
2024-07-29 10:09:29,22900.0,100,Buy,226918843
2024-07-29 10:09:29,22900.0,900,Buy,226918847
2024-07-29 10:09:38,22850.0,400,Sell,226918977
2024-07-29 10:09:39,22900.0,200,Buy,226919006
2024-07-29 10:09:39,22900.0,4400,Buy,226919007
2024-07-29 10:09:45,22900.0,100,Buy,226919110
2024-07-29 10:09:49,22900.0,100,Buy,226919200
2024-07-29 10:09:56,22900.0,200,Buy,226919300
2024-07-29 10:09:58,22900.0,300,Buy,226919319
2024-07-29 10:09:58,22850.0,400,Sell,226919324
2024-07-29 10:09:59,22900.0,500,Buy,226919337
2024-07-29 10:09:59,22900.0,18900,Buy,226919335
2024-07-29 10:09:59,22900.0,600,Buy,226919336
2024-07-29 10:10:06,22900.0,2000,Buy,226919459
2024-07-29 10:10:10,22900.0,100,Buy,226919529
2024-07-29 10:10:18,22850.0,400,Sell,226919612
2024-07-29 10:10:31,22900.0,100,Buy,226919815
2024-07-29 10:10:38,22850.0,400,Sell,226919918
2024-07-29 10:10:52,22900.0,100,Buy,226920107
2024-07-29 10:10:58,22850.0,400,Sell,226920165
2024-07-29 10:11:12,22900.0,100,Buy,226920393
2024-07-29 10:11:14,22900.0,100,Buy,226920412
2024-07-29 10:11:18,22850.0,400,Sell,226920467
2024-07-29 10:11:20,22900.0,2000,Buy,226920481
2024-07-29 10:11:20,22900.0,1000,Buy,226920482
2024-07-29 10:11:21,22900.0,100,Buy,226920493
2024-07-29 10:11:21,22900.0,900,Buy,226920494
2024-07-29 10:11:34,22900.0,1000,Buy,226920676
2024-07-29 10:11:35,22900.0,100,Buy,226920677
2024-07-29 10:11:38,22850.0,400,Sell,226920744
2024-07-29 10:11:45,22900.0,400,Buy,226920856
2024-07-29 10:11:54,22900.0,2000,Buy,226920976
2024-07-29 10:11:55,22900.0,100,Buy,226920997
2024-07-29 10:11:59,22850.0,400,Sell,226921043
2024-07-29 10:12:02,22900.0,200,Buy,226921078
2024-07-29 10:12:02,22900.0,800,Buy,226921079
2024-07-29 10:12:05,22900.0,600,Buy,226921117
2024-07-29 10:12:05,22900.0,200,Buy,226921118
2024-07-29 10:12:05,22900.0,5000,Buy,226921116
2024-07-29 10:12:05,22900.0,4200,Buy,226921115
2024-07-29 10:12:15,22900.0,100,Buy,226921234
2024-07-29 10:12:18,22900.0,1800,Buy,226921294
2024-07-29 10:12:18,22900.0,700,Buy,226921293
2024-07-29 10:12:18,22900.0,2500,Buy,226921295
2024-07-29 10:12:19,22850.0,100,Sell,226921302
2024-07-29 10:12:19,22850.0,300,Sell,226921303
2024-07-29 10:12:21,22900.0,2500,Buy,226921321
2024-07-29 10:12:21,22900.0,100,Buy,226921322
2024-07-29 10:12:21,22900.0,1000,Buy,226921323
2024-07-29 10:12:21,22900.0,400,Buy,226921324
2024-07-29 10:12:22,22900.0,1000,Buy,226921332
2024-07-29 10:12:24,22850.0,100,Sell,226921357
2024-07-29 10:12:30,22900.0,100,Buy,226921431
2024-07-29 10:12:35,22900.0,100,Buy,226921522
2024-07-29 10:12:37,22900.0,100,Buy,226921568
2024-07-29 10:12:38,22900.0,100,Buy,226921580
2024-07-29 10:12:39,22850.0,400,Sell,226921588
2024-07-29 10:12:47,22900.0,100,Buy,226921731
2024-07-29 10:12:53,22900.0,100,Buy,226921807
2024-07-29 10:12:56,22900.0,100,Buy,226921852
2024-07-29 10:12:59,22850.0,400,Sell,226921906
2024-07-29 10:13:03,22900.0,700,Buy,226921996
2024-07-29 10:13:03,22900.0,100,Buy,226921997
2024-07-29 10:13:03,22900.0,1000,Buy,226921998
2024-07-29 10:13:03,22900.0,10000,Buy,226921999
2024-07-29 10:13:03,22950.0,300,Buy,226922000
2024-07-29 10:13:09,22850.0,1000,Sell,226922124
2024-07-29 10:13:09,22850.0,100,Sell,226922125
2024-07-29 10:13:09,22850.0,8900,Sell,226922126
2024-07-29 10:13:17,22900.0,100,Buy,226922222
2024-07-29 10:13:19,22850.0,400,Sell,226922288
2024-07-29 10:13:35,22900.0,100,Buy,226922485
2024-07-29 10:13:38,22950.0,100,Buy,226922547
2024-07-29 10:13:39,22900.0,400,Sell,226922559
2024-07-29 10:13:48,22950.0,100,Buy,226922688
2024-07-29 10:13:59,22900.0,200,Sell,226922802
2024-07-29 10:13:59,22900.0,200,Sell,226922803
2024-07-29 10:14:00,22950.0,100,Buy,226922809
2024-07-29 10:14:19,22900.0,400,Sell,226923082
2024-07-29 10:14:20,22950.0,100,Buy,226923090
2024-07-29 10:14:32,22900.0,1400,Sell,226923257
2024-07-29 10:14:32,22900.0,500,Sell,226923258
2024-07-29 10:14:32,22900.0,100,Sell,226923259
2024-07-29 10:14:33,22950.0,1000,Buy,226923270
2024-07-29 10:14:39,22900.0,400,Sell,226923378
2024-07-29 10:14:40,22950.0,100,Buy,226923396
2024-07-29 10:14:42,22950.0,1900,Buy,226923411
2024-07-29 10:14:42,22950.0,100,Buy,226923412
2024-07-29 10:14:42,22950.0,100,Buy,226923413
2024-07-29 10:14:42,22950.0,1900,Buy,226923414
2024-07-29 10:14:49,22950.0,3100,Buy,226923491
2024-07-29 10:14:49,22950.0,4500,Buy,226923492
2024-07-29 10:14:53,22950.0,500,Buy,226923517
2024-07-29 10:14:53,22950.0,500,Buy,226923518
2024-07-29 10:14:55,22900.0,1000,Sell,226923560
2024-07-29 10:14:55,22900.0,500,Sell,226923561
2024-07-29 10:14:56,22900.0,5500,Buy,226923570
2024-07-29 10:14:57,22900.0,2200,Buy,226923579
2024-07-29 10:14:59,22900.0,800,Buy,226923623
2024-07-29 10:14:59,22900.0,400,Sell,226923624
2024-07-29 10:15:02,22950.0,100,Buy,226923654
2024-07-29 10:15:20,22950.0,100,Buy,226923895
2024-07-29 10:15:20,22900.0,400,Sell,226923886
2024-07-29 10:15:22,22950.0,100,Buy,226924003
2024-07-29 10:15:40,22900.0,400,Sell,226924195
2024-07-29 10:15:44,22950.0,100,Buy,226924296
2024-07-29 10:15:50,22950.0,5500,Buy,226924410
2024-07-29 10:15:54,22900.0,100,Sell,226924487
2024-07-29 10:15:55,22900.0,1000,Sell,226924497
2024-07-29 10:15:55,22900.0,300,Sell,226924496
2024-07-29 10:15:55,22900.0,1000,Sell,226924495
2024-07-29 10:15:55,22900.0,100,Sell,226924494
2024-07-29 10:15:55,22900.0,100,Sell,226924492
2024-07-29 10:15:55,22900.0,500,Sell,226924491
2024-07-29 10:15:55,22900.0,100,Sell,226924490
2024-07-29 10:15:55,22900.0,1000,Sell,226924489
2024-07-29 10:15:55,22900.0,5000,Sell,226924493
2024-07-29 10:15:58,22900.0,100,Buy,226924540
2024-07-29 10:16:00,22850.0,400,Sell,226924564
2024-07-29 10:16:01,22900.0,2800,Buy,226924575
2024-07-29 10:16:03,22900.0,200,Buy,226924585
2024-07-29 10:16:05,22900.0,200,Buy,226924610
2024-07-29 10:16:05,22900.0,100,Buy,226924633
2024-07-29 10:16:06,22900.0,100,Buy,226924639
2024-07-29 10:16:20,22850.0,400,Sell,226924933
2024-07-29 10:16:26,22900.0,100,Buy,226925045
2024-07-29 10:16:30,22900.0,2500,Buy,226925111
2024-07-29 10:16:40,22850.0,400,Sell,226925250
2024-07-29 10:16:47,22900.0,100,Buy,226925404
2024-07-29 10:16:54,22900.0,100,Buy,226925515
2024-07-29 10:17:00,22850.0,400,Sell,226925675
2024-07-29 10:17:07,22900.0,100,Buy,226925752
2024-07-29 10:17:11,22900.0,100,Buy,226925806
2024-07-29 10:17:20,22850.0,400,Sell,226926109
2024-07-29 10:17:29,22900.0,100,Buy,226926254
2024-07-29 10:17:40,22850.0,400,Sell,226926400
2024-07-29 10:17:45,22900.0,300,Buy,226926460
2024-07-29 10:17:51,22900.0,100,Buy,226926492
2024-07-29 10:17:51,22900.0,8000,Buy,226926493
2024-07-29 10:17:52,22900.0,100,Buy,226926516
2024-07-29 10:18:00,22850.0,400,Sell,226926668
2024-07-29 10:18:12,22900.0,100,Buy,226926886
2024-07-29 10:18:21,22850.0,400,Sell,226926998
2024-07-29 10:18:30,22900.0,100,Buy,226927124
2024-07-29 10:18:33,22900.0,100,Buy,226927144
2024-07-29 10:18:37,22850.0,1100,Sell,226927221
2024-07-29 10:18:40,22900.0,500,Buy,226927241
2024-07-29 10:18:41,22850.0,400,Sell,226927244
2024-07-29 10:18:53,22900.0,100,Buy,226927402
2024-07-29 10:18:53,22900.0,100,Buy,226927422
2024-07-29 10:19:01,22850.0,400,Sell,226927549
2024-07-29 10:19:02,22850.0,5600,Sell,226927562
2024-07-29 10:19:02,22850.0,4400,Sell,226927563
2024-07-29 10:19:13,22900.0,100,Buy,226927799
2024-07-29 10:19:14,22900.0,100,Buy,226927812
2024-07-29 10:19:17,22900.0,100,Buy,226927831
2024-07-29 10:19:21,22850.0,400,Sell,226927875
2024-07-29 10:19:35,22900.0,100,Buy,226928058
2024-07-29 10:19:41,22850.0,400,Sell,226928151
2024-07-29 10:19:55,22900.0,100,Buy,226928292
2024-07-29 10:19:56,22900.0,100,Buy,226928316
2024-07-29 10:19:56,22900.0,100,Buy,226928319
2024-07-29 10:20:01,22850.0,400,Sell,226928379
2024-07-29 10:20:17,22900.0,100,Buy,226928626
2024-07-29 10:20:18,22900.0,1000,Buy,226928638
2024-07-29 10:20:21,22850.0,400,Sell,226928692
2024-07-29 10:20:32,22900.0,100,Buy,226928813
2024-07-29 10:20:37,22900.0,100,Buy,226928878
2024-07-29 10:20:40,22850.0,300,Sell,226928917
2024-07-29 10:20:40,22850.0,100,Sell,226928915
2024-07-29 10:20:40,22850.0,100,Sell,226928916
2024-07-29 10:20:40,22850.0,2000,Sell,226928914
2024-07-29 10:20:41,22850.0,400,Sell,226928958
2024-07-29 10:20:52,22850.0,100,Sell,226929107
2024-07-29 10:20:58,22900.0,100,Buy,226929275
2024-07-29 10:21:01,22850.0,200,Sell,226929317
2024-07-29 10:21:01,22850.0,200,Sell,226929318
2024-07-29 10:21:20,22900.0,100,Buy,226929576
2024-07-29 10:21:21,22850.0,400,Sell,226929641
2024-07-29 10:21:26,22850.0,100,Sell,226929717
2024-07-29 10:21:26,22850.0,400,Sell,226929716
2024-07-29 10:21:41,22900.0,100,Buy,226929966
2024-07-29 10:21:42,22850.0,400,Sell,226929968
2024-07-29 10:22:01,22900.0,1500,Buy,226930317
2024-07-29 10:22:02,22900.0,100,Buy,226930321
2024-07-29 10:22:02,22850.0,400,Sell,226930323
2024-07-29 10:22:22,22850.0,400,Sell,226930635
2024-07-29 10:22:23,22900.0,100,Buy,226930903
2024-07-29 10:22:42,22850.0,400,Sell,226931456
2024-07-29 10:22:43,22900.0,100,Buy,226931484
2024-07-29 10:22:54,22900.0,600,Buy,226931789
2024-07-29 10:22:54,22900.0,900,Buy,226931790
2024-07-29 10:23:02,22850.0,400,Sell,226931955
2024-07-29 10:23:04,22900.0,100,Buy,226931976
2024-07-29 10:23:09,22900.0,1000,Buy,226932063
2024-07-29 10:23:22,22850.0,400,Sell,226932317
2024-07-29 10:23:24,22900.0,100,Buy,226932363
2024-07-29 10:23:38,22900.0,1500,Buy,226932554
2024-07-29 10:23:42,22850.0,100,Sell,226932618
2024-07-29 10:23:42,22850.0,300,Sell,226932619
2024-07-29 10:23:43,22900.0,3000,Buy,226932631
2024-07-29 10:23:46,22850.0,2400,Sell,226932675
2024-07-29 10:23:46,22850.0,500,Sell,226932674
2024-07-29 10:23:46,22850.0,100,Sell,226932673
2024-07-29 10:23:46,22850.0,200,Sell,226932670
2024-07-29 10:23:46,22850.0,200,Sell,226932671
2024-07-29 10:23:46,22850.0,200,Sell,226932669
2024-07-29 10:23:46,22850.0,500,Sell,226932672
2024-07-29 10:23:46,22850.0,1000,Sell,226932667
2024-07-29 10:23:46,22900.0,100,Buy,226932657
2024-07-29 10:23:46,22850.0,2700,Sell,226932663
2024-07-29 10:23:46,22850.0,1000,Sell,226932668
2024-07-29 10:23:46,22850.0,200,Sell,226932665
2024-07-29 10:23:46,22850.0,500,Sell,226932666
2024-07-29 10:23:46,22850.0,500,Sell,226932664
2024-07-29 10:23:57,22900.0,100,Buy,226932850
2024-07-29 10:24:02,22850.0,400,Sell,226932935
2024-07-29 10:24:07,22900.0,100,Buy,226933017
2024-07-29 10:24:23,22850.0,200,Sell,226933278
2024-07-29 10:24:23,22850.0,200,Sell,226933279
2024-07-29 10:24:29,22900.0,100,Buy,226933385
2024-07-29 10:24:41,22900.0,100,Buy,226933579
2024-07-29 10:24:43,22850.0,400,Sell,226933597
2024-07-29 10:24:48,22900.0,100,Buy,226933664
2024-07-29 10:24:50,22900.0,100,Buy,226933695
2024-07-29 10:25:03,22850.0,400,Sell,226933825
2024-07-29 10:25:10,22900.0,100,Buy,226933899
2024-07-29 10:25:20,22900.0,200,Buy,226934031
2024-07-29 10:25:23,22850.0,400,Sell,226934079
2024-07-29 10:25:29,22900.0,100,Buy,226934177
2024-07-29 10:25:31,22900.0,100,Buy,226934198
2024-07-29 10:25:41,22900.0,100,Buy,226934351
2024-07-29 10:25:43,22850.0,400,Sell,226934369
2024-07-29 10:25:51,22900.0,100,Buy,226934552
2024-07-29 10:25:57,22900.0,600,Buy,226934624
2024-07-29 10:26:03,22850.0,400,Sell,226934713
2024-07-29 10:26:04,22900.0,1000,Buy,226934731
2024-07-29 10:26:12,22900.0,100,Buy,226934857
2024-07-29 10:26:19,22900.0,500,Buy,226934998
2024-07-29 10:26:21,22900.0,15000,Buy,226935014
2024-07-29 10:26:23,22850.0,400,Sell,226935043
2024-07-29 10:26:33,22900.0,100,Buy,226935167
2024-07-29 10:26:38,22900.0,100,Buy,226935243
2024-07-29 10:26:43,22850.0,100,Sell,226935320
2024-07-29 10:26:43,22850.0,300,Sell,226935321
2024-07-29 10:26:53,22900.0,100,Buy,226935479
2024-07-29 10:26:53,22900.0,100,Buy,226935480
2024-07-29 10:27:04,22850.0,400,Sell,226935663
2024-07-29 10:27:05,22900.0,7600,Buy,226935677
2024-07-29 10:27:13,22900.0,100,Buy,226935769
2024-07-29 10:27:17,22850.0,300,Sell,226935818
2024-07-29 10:27:17,22850.0,1000,Sell,226935817
2024-07-29 10:27:17,22850.0,1000,Sell,226935816
2024-07-29 10:27:17,22850.0,100,Sell,226935815
2024-07-29 10:27:17,22850.0,300,Sell,226935813
2024-07-29 10:27:17,22850.0,500,Sell,226935812
2024-07-29 10:27:17,22850.0,1000,Sell,226935811
2024-07-29 10:27:17,22850.0,2000,Sell,226935810
2024-07-29 10:27:17,22850.0,1300,Sell,226935809
2024-07-29 10:27:17,22850.0,2500,Sell,226935814
2024-07-29 10:27:19,22850.0,700,Sell,226935838
2024-07-29 10:27:19,22850.0,300,Sell,226935839
2024-07-29 10:27:24,22850.0,400,Sell,226935936
2024-07-29 10:27:35,22900.0,100,Buy,226936103
2024-07-29 10:27:36,22900.0,2000,Buy,226936114
2024-07-29 10:27:38,22900.0,200,Buy,226936138
2024-07-29 10:27:44,22850.0,400,Sell,226936231
2024-07-29 10:27:56,22900.0,100,Buy,226936378
2024-07-29 10:28:04,22850.0,400,Sell,226936499
2024-07-29 10:28:06,22900.0,2000,Buy,226936525
2024-07-29 10:28:17,22900.0,100,Buy,226936710
2024-07-29 10:28:24,22850.0,400,Sell,226936839
2024-07-29 10:28:32,22900.0,2000,Buy,226936951
2024-07-29 10:28:38,22900.0,100,Buy,226937054
2024-07-29 10:28:44,22850.0,400,Sell,226937130
2024-07-29 10:28:52,22900.0,100,Buy,226937224
2024-07-29 10:28:54,22850.0,100,Sell,226937263
2024-07-29 10:28:59,22900.0,100,Buy,226937344
2024-07-29 10:29:04,22850.0,400,Sell,226937449
2024-07-29 10:29:06,22900.0,500,Buy,226937478
2024-07-29 10:29:19,22900.0,100,Buy,226937713
2024-07-29 10:29:24,22850.0,400,Sell,226937774
2024-07-29 10:29:25,22900.0,100,Buy,226937783
2024-07-29 10:29:27,22900.0,800,Buy,226937820
2024-07-29 10:29:40,22900.0,4100,Buy,226938043
2024-07-29 10:29:40,22900.0,2100,Buy,226938042
2024-07-29 10:29:40,22900.0,3000,Buy,226938041
2024-07-29 10:29:40,22900.0,1000,Buy,226938040
2024-07-29 10:29:40,22900.0,2000,Buy,226938039
2024-07-29 10:29:40,22900.0,1500,Buy,226938037
2024-07-29 10:29:40,22900.0,10000,Buy,226938036
2024-07-29 10:29:40,22900.0,600,Buy,226938035
2024-07-29 10:29:40,22900.0,200,Buy,226938034
2024-07-29 10:29:40,22900.0,500,Buy,226938038
2024-07-29 10:29:41,22900.0,100,Buy,226938099
2024-07-29 10:29:44,22850.0,400,Sell,226938137
2024-07-29 10:29:46,22900.0,1000,Buy,226938152
2024-07-29 10:30:03,22900.0,100,Buy,226938352
2024-07-29 10:30:04,22850.0,400,Sell,226938369
2024-07-29 10:30:13,22900.0,200,Buy,226938498
2024-07-29 10:30:24,22900.0,100,Buy,226938652
2024-07-29 10:30:25,22850.0,400,Sell,226938662
2024-07-29 10:30:29,22850.0,400,Sell,226938746
2024-07-29 10:30:29,22850.0,100,Sell,226938745
2024-07-29 10:30:44,22900.0,100,Buy,226938911
2024-07-29 10:30:45,22850.0,400,Sell,226938922
2024-07-29 10:30:46,22900.0,100,Buy,226938936
2024-07-29 10:30:51,22900.0,200,Buy,226938997
2024-07-29 10:30:51,22900.0,100,Buy,226938998
2024-07-29 10:31:04,22850.0,6100,Sell,226939186
2024-07-29 10:31:04,22850.0,100,Sell,226939185
2024-07-29 10:31:04,22850.0,200,Sell,226939184
2024-07-29 10:31:04,22850.0,1000,Sell,226939183
2024-07-29 10:31:04,22850.0,400,Sell,226939182
2024-07-29 10:31:04,22850.0,5000,Sell,226939181
2024-07-29 10:31:04,22850.0,3000,Sell,226939179
2024-07-29 10:31:04,22850.0,300,Sell,226939178
2024-07-29 10:31:04,22850.0,100,Sell,226939177
2024-07-29 10:31:04,22850.0,1400,Sell,226939176
2024-07-29 10:31:04,22850.0,1000,Sell,226939175
2024-07-29 10:31:04,22850.0,1200,Sell,226939174
2024-07-29 10:31:04,22850.0,200,Sell,226939180
2024-07-29 10:31:05,22850.0,400,Sell,226939194
2024-07-29 10:31:06,22900.0,100,Buy,226939206
2024-07-29 10:31:06,22900.0,100,Buy,226939213
2024-07-29 10:31:06,22900.0,400,Buy,226939214
2024-07-29 10:31:06,22900.0,7500,Buy,226939215
2024-07-29 10:31:20,22900.0,200,Buy,226939429
2024-07-29 10:31:25,22850.0,400,Sell,226939501
2024-07-29 10:31:26,22900.0,6100,Buy,226939517
2024-07-29 10:31:28,22900.0,100,Buy,226939523
2024-07-29 10:31:31,22900.0,100,Buy,226939585
2024-07-29 10:31:45,22850.0,400,Sell,226939802
2024-07-29 10:31:47,22900.0,100,Buy,226939826
2024-07-29 10:32:05,22850.0,400,Sell,226940070
2024-07-29 10:32:09,22900.0,100,Buy,226940113
2024-07-29 10:32:18,22900.0,8700,Buy,226940301
2024-07-29 10:32:25,22900.0,3500,Buy,226940393
2024-07-29 10:32:25,22850.0,400,Sell,226940417
2024-07-29 10:32:30,22900.0,100,Buy,226940443
2024-07-29 10:32:40,22900.0,100,Buy,226940551
2024-07-29 10:32:45,22850.0,400,Sell,226940601
2024-07-29 10:32:50,22900.0,100,Buy,226940657
2024-07-29 10:33:01,22900.0,200,Buy,226940791
2024-07-29 10:33:03,22900.0,3000,Buy,226940810
2024-07-29 10:33:05,22850.0,500,Sell,226940852
2024-07-29 10:33:07,22850.0,10000,Sell,226940862
2024-07-29 10:33:10,22900.0,100,Buy,226940897
2024-07-29 10:33:22,22900.0,200,Buy,226941072
2024-07-29 10:33:24,22900.0,200,Buy,226941100
2024-07-29 10:33:24,22900.0,300,Buy,226941101
2024-07-29 10:33:26,22850.0,500,Sell,226941123
2024-07-29 10:33:31,22900.0,100,Buy,226941185
2024-07-29 10:33:32,22900.0,16000,Buy,226941208
2024-07-29 10:33:46,22900.0,100,Buy,226941338
2024-07-29 10:33:46,22850.0,500,Sell,226941339
2024-07-29 10:33:51,22900.0,100,Buy,226941424
2024-07-29 10:33:59,22900.0,100,Buy,226941602
2024-07-29 10:34:04,22900.0,1000,Buy,226941667
2024-07-29 10:34:06,22850.0,500,Sell,226941701
2024-07-29 10:34:12,22900.0,100,Buy,226941775
2024-07-29 10:34:25,22850.0,100,Sell,226941924
2024-07-29 10:34:26,22850.0,400,Sell,226941939
2024-07-29 10:34:26,22850.0,100,Sell,226941940
2024-07-29 10:34:33,22900.0,100,Buy,226942045
2024-07-29 10:34:33,22900.0,5000,Buy,226942051
2024-07-29 10:34:34,22900.0,500,Buy,226942071
2024-07-29 10:34:46,22850.0,500,Sell,226942305
2024-07-29 10:34:53,22900.0,100,Buy,226942414
2024-07-29 10:35:06,22850.0,500,Sell,226942616
2024-07-29 10:35:15,22900.0,100,Buy,226942719
2024-07-29 10:35:23,22850.0,500,Sell,226942881
2024-07-29 10:35:26,22850.0,100,Sell,226942931
2024-07-29 10:35:26,22850.0,400,Sell,226942930
2024-07-29 10:35:35,22900.0,100,Buy,226943087
2024-07-29 10:35:47,22850.0,100,Sell,226943235
2024-07-29 10:35:47,22850.0,100,Sell,226943236
2024-07-29 10:35:47,22850.0,300,Sell,226943237
2024-07-29 10:35:57,22900.0,100,Buy,226943382
2024-07-29 10:36:07,22850.0,100,Sell,226943515
2024-07-29 10:36:07,22850.0,400,Sell,226943516
2024-07-29 10:36:18,22900.0,100,Buy,226943630
2024-07-29 10:36:27,22850.0,500,Sell,226943719
2024-07-29 10:36:40,22900.0,100,Buy,226943875
2024-07-29 10:36:47,22850.0,500,Sell,226944000
2024-07-29 10:37:01,22900.0,100,Buy,226944160
2024-07-29 10:37:07,22850.0,1000,Sell,226944239
2024-07-29 10:37:07,22850.0,400,Sell,226944242
2024-07-29 10:37:07,22850.0,500,Sell,226944238
2024-07-29 10:37:07,22850.0,500,Sell,226944240
2024-07-29 10:37:07,22850.0,100,Sell,226944241
2024-07-29 10:37:09,22900.0,100,Buy,226944268
2024-07-29 10:37:23,22900.0,100,Buy,226944468
2024-07-29 10:37:27,22850.0,400,Sell,226944515
2024-07-29 10:37:27,22850.0,100,Sell,226944514
2024-07-29 10:37:44,22900.0,100,Buy,226944709
2024-07-29 10:37:47,22850.0,500,Sell,226944734
2024-07-29 10:37:48,22850.0,100,Sell,226944739
2024-07-29 10:38:01,22900.0,2200,Buy,226944921
2024-07-29 10:38:05,22900.0,100,Buy,226944977
2024-07-29 10:38:07,22850.0,500,Sell,226944998
2024-07-29 10:38:26,22900.0,100,Buy,226945255
2024-07-29 10:38:28,22850.0,500,Sell,226945294
2024-07-29 10:38:32,22850.0,2000,Sell,226945355
2024-07-29 10:38:35,22850.0,300,Sell,226945397
2024-07-29 10:38:46,22850.0,2000,Sell,226945562
2024-07-29 10:38:46,22850.0,500,Sell,226945563
2024-07-29 10:38:46,22850.0,200,Sell,226945564
2024-07-29 10:38:46,22850.0,1600,Sell,226945565
2024-07-29 10:38:46,22850.0,300,Sell,226945566
2024-07-29 10:38:46,22850.0,1500,Sell,226945567
2024-07-29 10:38:46,22900.0,100,Buy,226945570
2024-07-29 10:38:46,22850.0,500,Sell,226945561
2024-07-29 10:38:47,22850.0,100,Sell,226945580
2024-07-29 10:38:47,22850.0,400,Sell,226945581
2024-07-29 10:38:52,22850.0,100,Sell,226945674
2024-07-29 10:39:07,22900.0,100,Buy,226945878
2024-07-29 10:39:08,22850.0,500,Sell,226945882
2024-07-29 10:39:09,22850.0,4700,Sell,226945925
2024-07-29 10:39:09,22850.0,500,Sell,226945923
2024-07-29 10:39:09,22850.0,100,Sell,226945922
2024-07-29 10:39:09,22850.0,100,Sell,226945921
2024-07-29 10:39:09,22850.0,100,Sell,226945920
2024-07-29 10:39:09,22850.0,100,Sell,226945919
2024-07-29 10:39:09,22850.0,500,Sell,226945912
2024-07-29 10:39:09,22850.0,500,Sell,226945917
2024-07-29 10:39:09,22850.0,1000,Sell,226945918
2024-07-29 10:39:09,22850.0,1800,Sell,226945913
2024-07-29 10:39:09,22850.0,100,Sell,226945924
2024-07-29 10:39:09,22850.0,300,Sell,226945915
2024-07-29 10:39:09,22850.0,100,Sell,226945916
2024-07-29 10:39:09,22850.0,100,Sell,226945914
2024-07-29 10:39:25,22900.0,100,Buy,226946159
2024-07-29 10:39:28,22850.0,500,Sell,226946203
2024-07-29 10:39:29,22900.0,100,Buy,226946223
2024-07-29 10:39:48,22850.0,500,Sell,226946591
2024-07-29 10:39:51,22900.0,100,Buy,226946621
2024-07-29 10:40:02,22850.0,22800,Sell,226946803
2024-07-29 10:40:08,22850.0,500,Sell,226946923
2024-07-29 10:40:13,22900.0,100,Buy,226947095
2024-07-29 10:40:28,22850.0,500,Sell,226947381
2024-07-29 10:40:33,22900.0,100,Buy,226947462
2024-07-29 10:40:48,22850.0,500,Sell,226947619
2024-07-29 10:40:55,22900.0,100,Buy,226947694
2024-07-29 10:41:09,22850.0,500,Sell,226947848
2024-07-29 10:41:16,22900.0,100,Buy,226947957
2024-07-29 10:41:26,22900.0,100,Buy,226948138
2024-07-29 10:41:28,22850.0,500,Sell,226948188
2024-07-29 10:41:37,22900.0,100,Buy,226948284
2024-07-29 10:41:49,22850.0,500,Sell,226948502
2024-07-29 10:41:58,22900.0,100,Buy,226948613
2024-07-29 10:42:09,22850.0,500,Sell,226948716
2024-07-29 10:42:14,22900.0,5000,Buy,226948771
2024-07-29 10:42:19,22900.0,100,Buy,226948854
2024-07-29 10:42:29,22850.0,500,Sell,226948944
2024-07-29 10:42:36,22850.0,1500,Sell,226949018
2024-07-29 10:42:41,22900.0,100,Buy,226949086
2024-07-29 10:42:45,22850.0,100,Sell,226949133
2024-07-29 10:42:45,22900.0,5000,Buy,226949124
2024-07-29 10:42:49,22850.0,500,Sell,226949185
2024-07-29 10:42:58,22850.0,1000,Sell,226949322
2024-07-29 10:43:02,22900.0,100,Buy,226949380
2024-07-29 10:43:07,22850.0,10000,Sell,226949436
2024-07-29 10:43:09,22850.0,500,Sell,226949466
2024-07-29 10:43:14,22900.0,100,Buy,226949583
2024-07-29 10:43:24,22900.0,100,Buy,226949733
2024-07-29 10:43:29,22850.0,500,Sell,226949792
2024-07-29 10:43:46,22900.0,100,Buy,226949997
2024-07-29 10:43:49,22850.0,500,Sell,226950083
2024-07-29 10:44:07,22900.0,100,Buy,226950344
2024-07-29 10:44:09,22850.0,500,Sell,226950363
2024-07-29 10:44:27,22900.0,100,Buy,226950514
2024-07-29 10:44:30,22850.0,500,Sell,226950536
2024-07-29 10:44:47,22900.0,100,Buy,226950791
2024-07-29 10:44:49,22900.0,100,Buy,226950823
2024-07-29 10:44:50,22850.0,500,Sell,226950836
2024-07-29 10:44:55,22900.0,100,Buy,226950882
2024-07-29 10:45:09,22900.0,100,Buy,226951094
2024-07-29 10:45:10,22850.0,500,Sell,226951101
2024-07-29 10:45:18,22900.0,400,Buy,226951193
2024-07-29 10:45:30,22900.0,100,Buy,226951302
2024-07-29 10:45:30,22850.0,500,Sell,226951306
2024-07-29 10:45:50,22850.0,500,Sell,226951592
2024-07-29 10:45:50,22900.0,100,Buy,226951600
2024-07-29 10:45:53,22900.0,200,Buy,226951633
2024-07-29 10:45:53,22900.0,2800,Buy,226951634
2024-07-29 10:45:59,22900.0,100,Buy,226951732
2024-07-29 10:46:10,22850.0,500,Sell,226951884
2024-07-29 10:46:12,22900.0,100,Buy,226951905
2024-07-29 10:46:14,22900.0,200,Buy,226951930
2024-07-29 10:46:31,22850.0,500,Sell,226952162
2024-07-29 10:46:32,22900.0,100,Buy,226952170
2024-07-29 10:46:36,22900.0,500,Buy,226952227
2024-07-29 10:46:50,22850.0,500,Sell,226952413
2024-07-29 10:46:52,22900.0,100,Buy,226952483
2024-07-29 10:47:01,22900.0,100,Buy,226952579
2024-07-29 10:47:10,22850.0,500,Sell,226952679
2024-07-29 10:47:11,22850.0,100,Sell,226952689
2024-07-29 10:47:14,22900.0,100,Buy,226952719
2024-07-29 10:47:31,22850.0,500,Sell,226952920
2024-07-29 10:47:34,22900.0,100,Buy,226952964
2024-07-29 10:47:51,22850.0,500,Sell,226953147
2024-07-29 10:47:55,22900.0,100,Buy,226953184
2024-07-29 10:48:06,22900.0,100,Buy,226953325
2024-07-29 10:48:11,22850.0,500,Sell,226953385
2024-07-29 10:48:11,22850.0,20000,Sell,226953394
2024-07-29 10:48:14,22900.0,100,Buy,226953418
2024-07-29 10:48:15,22900.0,100,Buy,226953440
2024-07-29 10:48:16,22850.0,11000,Sell,226953446
2024-07-29 10:48:18,22850.0,100,Sell,226953466
2024-07-29 10:48:24,22850.0,200,Sell,226953520
2024-07-29 10:48:26,22850.0,1900,Sell,226953543
2024-07-29 10:48:26,22850.0,1000,Sell,226953542
2024-07-29 10:48:26,22850.0,200,Sell,226953541
2024-07-29 10:48:26,22850.0,2000,Sell,226953540
2024-07-29 10:48:26,22850.0,2000,Sell,226953539
2024-07-29 10:48:26,22850.0,100,Sell,226953537
2024-07-29 10:48:26,22850.0,100,Sell,226953536
2024-07-29 10:48:26,22850.0,100,Sell,226953535
2024-07-29 10:48:26,22850.0,2500,Sell,226953534
2024-07-29 10:48:26,22850.0,100,Sell,226953538
2024-07-29 10:48:29,22850.0,3100,Sell,226953557
2024-07-29 10:48:29,22850.0,1000,Sell,226953558
2024-07-29 10:48:29,22850.0,1000,Sell,226953559
2024-07-29 10:48:29,22850.0,800,Sell,226953560
2024-07-29 10:48:29,22850.0,700,Sell,226953561
2024-07-29 10:48:29,22850.0,5000,Sell,226953562
2024-07-29 10:48:29,22850.0,2000,Sell,226953563
2024-07-29 10:48:29,22850.0,1400,Sell,226953564
2024-07-29 10:48:31,22850.0,500,Sell,226953595
2024-07-29 10:48:36,22900.0,100,Buy,226953646
2024-07-29 10:48:44,22900.0,400,Buy,226953836
2024-07-29 10:48:51,22850.0,500,Sell,226953957
2024-07-29 10:48:57,22900.0,100,Buy,226954056
2024-07-29 10:49:11,22850.0,500,Sell,226954343
2024-07-29 10:49:19,22900.0,100,Buy,226954497
2024-07-29 10:49:31,22850.0,500,Sell,226954693
2024-07-29 10:49:34,22850.0,1600,Sell,226954748
2024-07-29 10:49:34,22850.0,300,Sell,226954749
2024-07-29 10:49:34,22850.0,100,Sell,226954750
2024-07-29 10:49:40,22900.0,100,Buy,226954832
2024-07-29 10:49:51,22850.0,500,Sell,226955042
2024-07-29 10:49:55,22900.0,300,Buy,226955066
2024-07-29 10:50:00,22900.0,100,Buy,226955105
2024-07-29 10:50:12,22850.0,500,Sell,226955290
2024-07-29 10:50:21,22900.0,100,Buy,226955404
2024-07-29 10:50:32,22850.0,500,Sell,226955534
2024-07-29 10:50:41,22900.0,100,Buy,226955639
2024-07-29 10:50:46,22850.0,100,Sell,226955695
2024-07-29 10:50:52,22850.0,500,Sell,226955804
2024-07-29 10:51:01,22900.0,100,Buy,226955893
2024-07-29 10:51:12,22850.0,500,Sell,226956055
2024-07-29 10:51:23,22900.0,100,Buy,226956226
2024-07-29 10:51:25,22850.0,2200,Sell,226956264
2024-07-29 10:51:29,22850.0,100,Sell,226956349
2024-07-29 10:51:29,22850.0,500,Sell,226956350
2024-07-29 10:51:29,22850.0,5000,Sell,226956348
2024-07-29 10:51:29,22850.0,2600,Sell,226956351
2024-07-29 10:51:29,22850.0,200,Sell,226956346
2024-07-29 10:51:29,22850.0,9100,Sell,226956343
2024-07-29 10:51:29,22850.0,1000,Sell,226956347
2024-07-29 10:51:29,22850.0,1000,Sell,226956345
2024-07-29 10:51:29,22850.0,500,Sell,226956344
2024-07-29 10:51:32,22850.0,400,Sell,226956494
2024-07-29 10:51:32,22850.0,100,Sell,226956495
2024-07-29 10:51:44,22900.0,100,Buy,226956703
2024-07-29 10:51:46,22850.0,100,Sell,226956739
2024-07-29 10:51:46,22850.0,500,Sell,226956740
2024-07-29 10:51:46,22850.0,100,Sell,226956741
2024-07-29 10:51:46,22850.0,300,Sell,226956742
2024-07-29 10:51:46,22850.0,100,Sell,226956743
2024-07-29 10:51:49,22900.0,500,Buy,226956772
2024-07-29 10:51:52,22850.0,500,Sell,226956820
2024-07-29 10:52:05,22900.0,100,Buy,226956941
2024-07-29 10:52:12,22850.0,300,Sell,226957039
2024-07-29 10:52:12,22850.0,100,Sell,226957037
2024-07-29 10:52:12,22850.0,100,Sell,226957038
2024-07-29 10:52:26,22900.0,100,Buy,226957218
2024-07-29 10:52:32,22850.0,500,Sell,226957330
2024-07-29 10:52:46,22900.0,100,Buy,226957550
2024-07-29 10:52:53,22850.0,500,Sell,226957637
2024-07-29 10:53:07,22900.0,100,Buy,226957777
2024-07-29 10:53:13,22850.0,500,Sell,226957827
2024-07-29 10:53:24,22850.0,2000,Sell,226957966
2024-07-29 10:53:24,22850.0,1200,Sell,226957976
2024-07-29 10:53:24,22850.0,5000,Sell,226957977
2024-07-29 10:53:24,22850.0,1000,Sell,226957978
2024-07-29 10:53:24,22850.0,100,Sell,226957979
2024-07-29 10:53:24,22850.0,2700,Sell,226957980
2024-07-29 10:53:27,22850.0,100,Sell,226958030
2024-07-29 10:53:29,22900.0,100,Buy,226958051
2024-07-29 10:53:33,22850.0,200,Sell,226958112
2024-07-29 10:53:33,22850.0,300,Sell,226958113
2024-07-29 10:53:45,22850.0,200,Sell,226958248
2024-07-29 10:53:45,22850.0,300,Sell,226958265
2024-07-29 10:53:45,22850.0,500,Sell,226958264
2024-07-29 10:53:45,22850.0,100,Sell,226958262
2024-07-29 10:53:45,22850.0,2500,Sell,226958261
2024-07-29 10:53:45,22850.0,3000,Sell,226958260
2024-07-29 10:53:45,22850.0,100,Sell,226958259
2024-07-29 10:53:45,22850.0,1400,Sell,226958258
2024-07-29 10:53:45,22850.0,1000,Sell,226958263
2024-07-29 10:53:45,22850.0,100,Sell,226958256
2024-07-29 10:53:45,22850.0,500,Sell,226958255
2024-07-29 10:53:45,22850.0,100,Sell,226958254
2024-07-29 10:53:45,22850.0,1000,Sell,226958253
2024-07-29 10:53:45,22850.0,500,Sell,226958252
2024-07-29 10:53:45,22850.0,200,Sell,226958251
2024-07-29 10:53:45,22850.0,100,Sell,226958250
2024-07-29 10:53:45,22850.0,300,Sell,226958249
2024-07-29 10:53:45,22850.0,100,Sell,226958257
2024-07-29 10:53:50,22900.0,100,Buy,226958329
2024-07-29 10:53:53,22850.0,500,Sell,226958368
2024-07-29 10:54:00,22850.0,700,Sell,226958485
2024-07-29 10:54:00,22850.0,1000,Sell,226958486
2024-07-29 10:54:00,22850.0,10000,Sell,226958489
2024-07-29 10:54:00,22850.0,600,Sell,226958490
2024-07-29 10:54:00,22850.0,900,Sell,226958494
2024-07-29 10:54:00,22850.0,100,Sell,226958484
2024-07-29 10:54:00,22850.0,300,Sell,226958492
2024-07-29 10:54:00,22850.0,3000,Sell,226958493
2024-07-29 10:54:00,22850.0,700,Sell,226958491
2024-07-29 10:54:00,22850.0,100,Sell,226958483
2024-07-29 10:54:00,22850.0,200,Sell,226958474
2024-07-29 10:54:00,22850.0,100,Sell,226958481
2024-07-29 10:54:00,22850.0,700,Sell,226958471
2024-07-29 10:54:00,22850.0,8000,Sell,226958472
2024-07-29 10:54:00,22850.0,100,Sell,226958473
2024-07-29 10:54:00,22850.0,1000,Sell,226958475
2024-07-29 10:54:00,22850.0,200,Sell,226958482
2024-07-29 10:54:00,22850.0,1000,Sell,226958477
2024-07-29 10:54:00,22850.0,1000,Sell,226958478
2024-07-29 10:54:00,22850.0,100,Sell,226958479
2024-07-29 10:54:00,22850.0,100,Sell,226958480
2024-07-29 10:54:00,22850.0,100,Sell,226958476
2024-07-29 10:54:10,22900.0,100,Buy,226958643
2024-07-29 10:54:13,22850.0,500,Sell,226958673
2024-07-29 10:54:17,22850.0,100,Sell,226958711
2024-07-29 10:54:31,22900.0,100,Buy,226958943
2024-07-29 10:54:33,22850.0,500,Sell,226958963
2024-07-29 10:54:44,22850.0,3000,Sell,226959091
2024-07-29 10:54:44,22850.0,200,Sell,226959092
2024-07-29 10:54:44,22850.0,1800,Sell,226959093
2024-07-29 10:54:53,22900.0,100,Buy,226959172
2024-07-29 10:54:53,22850.0,200,Sell,226959185
2024-07-29 10:54:53,22850.0,300,Sell,226959186
2024-07-29 10:55:03,22850.0,200,Sell,226959304
2024-07-29 10:55:03,22850.0,1100,Sell,226959305
2024-07-29 10:55:05,22900.0,100,Buy,226959337
2024-07-29 10:55:11,22850.0,100,Sell,226959419
2024-07-29 10:55:11,22850.0,500,Sell,226959418
2024-07-29 10:55:11,22850.0,100,Sell,226959417
2024-07-29 10:55:11,22850.0,4000,Sell,226959416
2024-07-29 10:55:11,22850.0,1000,Sell,226959415
2024-07-29 10:55:11,22850.0,100,Sell,226959409
2024-07-29 10:55:11,22850.0,100,Sell,226959414
2024-07-29 10:55:11,22850.0,2000,Sell,226959413
2024-07-29 10:55:11,22850.0,100,Sell,226959412
2024-07-29 10:55:11,22850.0,200,Sell,226959411
2024-07-29 10:55:11,22850.0,2000,Sell,226959410
2024-07-29 10:55:11,22850.0,500,Sell,226959408
2024-07-29 10:55:11,22850.0,200,Sell,226959400
2024-07-29 10:55:11,22850.0,200,Sell,226959406
2024-07-29 10:55:11,22850.0,1000,Sell,226959405
2024-07-29 10:55:11,22850.0,2000,Sell,226959404
2024-07-29 10:55:11,22850.0,200,Sell,226959403
2024-07-29 10:55:11,22850.0,300,Sell,226959402
2024-07-29 10:55:11,22850.0,1000,Sell,226959401
2024-07-29 10:55:11,22850.0,100,Sell,226959399
2024-07-29 10:55:11,22850.0,1000,Sell,226959398
2024-07-29 10:55:11,22850.0,1000,Sell,226959396
2024-07-29 10:55:11,22850.0,3900,Sell,226959395
2024-07-29 10:55:11,22850.0,100,Sell,226959407
2024-07-29 10:55:11,22850.0,300,Sell,226959397
2024-07-29 10:55:12,22850.0,10000,Sell,226959428
2024-07-29 10:55:12,22850.0,1800,Sell,226959430
2024-07-29 10:55:12,22850.0,300,Sell,226959429
2024-07-29 10:55:12,22850.0,200,Sell,226959426
2024-07-29 10:55:12,22850.0,100,Sell,226959425
2024-07-29 10:55:12,22850.0,100,Sell,226959424
2024-07-29 10:55:12,22850.0,500,Sell,226959423
2024-07-29 10:55:12,22850.0,15000,Sell,226959427
2024-07-29 10:55:14,22850.0,1000,Sell,226959494
2024-07-29 10:55:14,22850.0,100,Sell,226959493
2024-07-29 10:55:14,22850.0,1000,Sell,226959492
2024-07-29 10:55:14,22850.0,300,Sell,226959490
2024-07-29 10:55:14,22850.0,100,Sell,226959489
2024-07-29 10:55:14,22850.0,1000,Sell,226959488
2024-07-29 10:55:14,22850.0,100,Sell,226959487
2024-07-29 10:55:14,22850.0,1000,Sell,226959486
2024-07-29 10:55:14,22850.0,2000,Sell,226959485
2024-07-29 10:55:14,22850.0,300,Sell,226959484
2024-07-29 10:55:14,22850.0,5000,Sell,226959483
2024-07-29 10:55:14,22850.0,5200,Sell,226959482
2024-07-29 10:55:14,22850.0,200,Sell,226959491
2024-07-29 10:55:14,22850.0,1000,Sell,226959480
2024-07-29 10:55:14,22850.0,2000,Sell,226959481
2024-07-29 10:55:14,22850.0,7700,Sell,226959470
2024-07-29 10:55:14,22850.0,1500,Sell,226959471
2024-07-29 10:55:14,22850.0,100,Sell,226959472
2024-07-29 10:55:14,22850.0,2000,Sell,226959473
2024-07-29 10:55:14,22850.0,500,Sell,226959461
2024-07-29 10:55:14,22850.0,100,Sell,226959475
2024-07-29 10:55:14,22850.0,1000,Sell,226959476
2024-07-29 10:55:14,22850.0,3000,Sell,226959477
2024-07-29 10:55:14,22850.0,5000,Sell,226959478
2024-07-29 10:55:14,22850.0,500,Sell,226959474
2024-07-29 10:55:14,22850.0,2000,Sell,226959479
2024-07-29 10:55:15,22850.0,1800,Sell,226959497
2024-07-29 10:55:15,22900.0,100,Buy,226959498
2024-07-29 10:55:29,22900.0,100,Buy,226959749
2024-07-29 10:55:34,22850.0,500,Sell,226959825
2024-07-29 10:55:34,22850.0,500,Sell,226959826
2024-07-29 10:55:34,22850.0,400,Sell,226959827
2024-07-29 10:55:34,22850.0,600,Sell,226959830
2024-07-29 10:55:34,22850.0,300,Sell,226959829
2024-07-29 10:55:34,22850.0,600,Sell,226959824
2024-07-29 10:55:34,22850.0,2000,Sell,226959828
2024-07-29 10:55:34,22850.0,100,Sell,226959823
2024-07-29 10:55:34,22850.0,200,Sell,226959815
2024-07-29 10:55:34,22850.0,200,Sell,226959821
2024-07-29 10:55:34,22850.0,100,Sell,226959820
2024-07-29 10:55:34,22850.0,200,Sell,226959819
2024-07-29 10:55:34,22850.0,900,Sell,226959818
2024-07-29 10:55:34,22850.0,500,Sell,226959817
2024-07-29 10:55:34,22850.0,1000,Sell,226959816
2024-07-29 10:55:34,22850.0,1100,Sell,226959814
2024-07-29 10:55:34,22850.0,500,Sell,226959807
2024-07-29 10:55:34,22850.0,300,Sell,226959822
2024-07-29 10:55:34,22850.0,100,Sell,226959831
2024-07-29 10:55:34,22850.0,5400,Sell,226959832
2024-07-29 10:55:35,22900.0,100,Buy,226959847
2024-07-29 10:55:45,22850.0,1600,Sell,226959966
2024-07-29 10:55:45,22850.0,100,Sell,226959963
2024-07-29 10:55:45,22850.0,100,Sell,226959964
2024-07-29 10:55:45,22850.0,200,Sell,226959965
2024-07-29 10:55:51,22850.0,900,Sell,226960012
2024-07-29 10:55:54,22800.0,500,Sell,226960046
2024-07-29 10:55:56,22850.0,100,Buy,226960058
2024-07-29 10:55:58,22850.0,200,Buy,226960106
2024-07-29 10:56:14,22800.0,500,Sell,226960367
2024-07-29 10:56:18,22850.0,100,Buy,226960401
2024-07-29 10:56:28,22850.0,1000,Buy,226960555
2024-07-29 10:56:30,22850.0,2700,Buy,226960574
2024-07-29 10:56:30,22850.0,400,Buy,226960575
2024-07-29 10:56:34,22800.0,500,Sell,226960646
2024-07-29 10:56:37,22850.0,100,Buy,226960676
2024-07-29 10:56:41,22850.0,1000,Buy,226960742
2024-07-29 10:56:44,22850.0,100,Buy,226960794
2024-07-29 10:56:54,22800.0,500,Sell,226960962
2024-07-29 10:56:54,22850.0,1000,Buy,226960964
2024-07-29 10:56:59,22850.0,100,Buy,226961023
2024-07-29 10:57:06,22850.0,2500,Buy,226961095
2024-07-29 10:57:14,22800.0,500,Sell,226961191
2024-07-29 10:57:20,22850.0,100,Buy,226961242
2024-07-29 10:57:24,22850.0,1000,Buy,226961305
2024-07-29 10:57:34,22800.0,500,Sell,226961410
2024-07-29 10:57:40,22850.0,100,Buy,226961484
2024-07-29 10:57:54,22800.0,100,Sell,226961593
2024-07-29 10:57:54,22800.0,400,Sell,226961594
2024-07-29 10:57:58,22850.0,3300,Buy,226961632
2024-07-29 10:58:01,22850.0,100,Buy,226961648
2024-07-29 10:58:14,22800.0,500,Sell,226961746
2024-07-29 10:58:20,22800.0,10000,Sell,226961837
2024-07-29 10:58:22,22850.0,100,Buy,226961852
2024-07-29 10:58:23,22850.0,700,Buy,226961867
2024-07-29 10:58:35,22800.0,500,Sell,226961974
2024-07-29 10:58:43,22850.0,100,Buy,226962106
2024-07-29 10:58:55,22800.0,500,Sell,226962322
2024-07-29 10:59:05,22850.0,100,Buy,226962468
2024-07-29 10:59:15,22800.0,500,Sell,226962554
2024-07-29 10:59:26,22850.0,100,Buy,226962809
2024-07-29 10:59:28,22850.0,100,Buy,226962838
2024-07-29 10:59:28,22850.0,200,Buy,226962839
2024-07-29 10:59:35,22800.0,500,Sell,226962936
2024-07-29 10:59:47,22850.0,100,Buy,226963065
2024-07-29 10:59:55,22800.0,500,Sell,226963163
2024-07-29 11:00:03,22800.0,100,Sell,226963288
2024-07-29 11:00:06,22850.0,100,Buy,226963319
2024-07-29 11:00:08,22850.0,100,Buy,226963360
2024-07-29 11:00:15,22800.0,500,Sell,226963491
2024-07-29 11:00:29,22850.0,100,Buy,226963646
2024-07-29 11:00:33,22850.0,100,Buy,226963689
2024-07-29 11:00:36,22800.0,500,Sell,226963772
2024-07-29 11:00:49,22850.0,100,Buy,226963904
2024-07-29 11:00:56,22800.0,500,Sell,226963970
2024-07-29 11:00:58,22850.0,100,Buy,226963994
2024-07-29 11:01:09,22850.0,100,Buy,226964120
2024-07-29 11:01:09,22850.0,100,Buy,226964121
2024-07-29 11:01:09,22850.0,100,Buy,226964122
2024-07-29 11:01:09,22850.0,200,Buy,226964123
2024-07-29 11:01:09,22850.0,100,Buy,226964124
2024-07-29 11:01:11,22850.0,100,Buy,226964168
2024-07-29 11:01:16,22800.0,500,Sell,226964220
2024-07-29 11:01:17,22800.0,100,Sell,226964237
2024-07-29 11:01:29,22850.0,300,Buy,226964367
2024-07-29 11:01:32,22850.0,100,Buy,226964391
2024-07-29 11:01:36,22800.0,500,Sell,226964469
2024-07-29 11:01:53,22850.0,100,Buy,226964690
2024-07-29 11:01:56,22800.0,500,Sell,226964716
2024-07-29 11:02:06,22850.0,1000,Buy,226964830
2024-07-29 11:02:14,22850.0,100,Buy,226964995
2024-07-29 11:02:16,22800.0,500,Sell,226965020
2024-07-29 11:02:22,22850.0,200,Buy,226965072
2024-07-29 11:02:22,22850.0,100,Buy,226965073
2024-07-29 11:02:29,22850.0,100,Buy,226965153
2024-07-29 11:02:36,22850.0,100,Buy,226965290
2024-07-29 11:02:36,22800.0,500,Sell,226965300
2024-07-29 11:02:56,22850.0,100,Buy,226965569
2024-07-29 11:02:58,22800.0,500,Sell,226965784
2024-07-29 11:03:10,22850.0,1200,Buy,226965957
2024-07-29 11:03:14,22850.0,2000,Buy,226966034
2024-07-29 11:03:15,22800.0,1900,Sell,226966063
2024-07-29 11:03:15,22800.0,100,Sell,226966064
2024-07-29 11:03:15,22800.0,100,Sell,226966065
2024-07-29 11:03:15,22800.0,2000,Sell,226966066
2024-07-29 11:03:15,22800.0,100,Sell,226966067
2024-07-29 11:03:15,22800.0,100,Sell,226966068
2024-07-29 11:03:15,22800.0,100,Sell,226966069
2024-07-29 11:03:15,22800.0,5600,Sell,226966070
2024-07-29 11:03:17,22800.0,500,Sell,226966094
2024-07-29 11:03:18,22850.0,100,Buy,226966102
2024-07-29 11:03:34,22850.0,200,Buy,226966292
2024-07-29 11:03:37,22800.0,500,Sell,226966329
2024-07-29 11:03:39,22850.0,100,Buy,226966360
2024-07-29 11:03:57,22800.0,500,Sell,226966561
2024-07-29 11:04:00,22850.0,100,Buy,226966609
2024-07-29 11:04:13,22850.0,500,Buy,226966782
2024-07-29 11:04:17,22800.0,500,Sell,226966832
2024-07-29 11:04:21,22850.0,100,Buy,226966907
2024-07-29 11:04:37,22800.0,500,Sell,226967106
2024-07-29 11:04:43,22850.0,100,Buy,226967211
2024-07-29 11:04:57,22800.0,500,Sell,226967388
2024-07-29 11:05:05,22850.0,100,Buy,226967476
2024-07-29 11:05:17,22800.0,500,Sell,226967630
2024-07-29 11:05:26,22850.0,100,Buy,226967760
2024-07-29 11:05:37,22800.0,500,Sell,226967903
2024-07-29 11:05:48,22850.0,100,Buy,226968026
2024-07-29 11:05:58,22800.0,500,Sell,226968132
2024-07-29 11:06:09,22850.0,100,Buy,226968232
2024-07-29 11:06:18,22800.0,500,Sell,226968341
2024-07-29 11:06:29,22850.0,100,Buy,226968468
2024-07-29 11:06:38,22800.0,500,Sell,226968573
2024-07-29 11:06:44,22850.0,300,Buy,226968629
2024-07-29 11:06:51,22850.0,100,Buy,226968681
2024-07-29 11:06:58,22800.0,500,Sell,226968761
2024-07-29 11:07:05,22850.0,400,Buy,226968822
2024-07-29 11:07:11,22850.0,100,Buy,226968875
2024-07-29 11:07:18,22800.0,500,Sell,226968953
2024-07-29 11:07:32,22850.0,100,Buy,226969080
2024-07-29 11:07:38,22800.0,500,Sell,226969187
2024-07-29 11:07:52,22800.0,10000,Sell,226969332
2024-07-29 11:07:53,22850.0,100,Buy,226969346
2024-07-29 11:07:58,22800.0,500,Sell,226969386
2024-07-29 11:08:15,22850.0,100,Buy,226969683
2024-07-29 11:08:20,22800.0,500,Sell,226969742
2024-07-29 11:08:36,22850.0,100,Buy,226969946
2024-07-29 11:08:41,22800.0,500,Sell,226969998
2024-07-29 11:08:47,22850.0,1000,Buy,226970077
2024-07-29 11:08:47,22850.0,1000,Buy,226970078
2024-07-29 11:08:47,22850.0,100,Buy,226970079
2024-07-29 11:08:47,22850.0,900,Buy,226970080
2024-07-29 11:08:56,22850.0,100,Buy,226970253
2024-07-29 11:08:59,22800.0,500,Sell,226970277
2024-07-29 11:09:03,22850.0,700,Buy,226970327
2024-07-29 11:09:17,22850.0,100,Buy,226970450
2024-07-29 11:09:19,22800.0,500,Sell,226970467
2024-07-29 11:09:34,22800.0,2700,Sell,226970701
2024-07-29 11:09:34,22800.0,100,Sell,226970700
2024-07-29 11:09:34,22800.0,2000,Sell,226970697
2024-07-29 11:09:34,22800.0,100,Sell,226970698
2024-07-29 11:09:34,22800.0,24900,Sell,226970696
2024-07-29 11:09:34,22800.0,200,Sell,226970699
2024-07-29 11:09:39,22850.0,100,Buy,226970741
2024-07-29 11:09:39,22800.0,500,Sell,226970747
2024-07-29 11:09:55,22800.0,1000,Sell,226971029
2024-07-29 11:09:55,22800.0,17700,Sell,226971034
2024-07-29 11:09:55,22800.0,100,Sell,226971033
2024-07-29 11:09:55,22800.0,500,Sell,226971032
2024-07-29 11:09:55,22800.0,500,Sell,226971031
2024-07-29 11:09:55,22800.0,100,Sell,226971030
2024-07-29 11:09:55,22800.0,100,Sell,226971028
2024-07-29 11:09:55,22800.0,100,Sell,226971022
2024-07-29 11:09:55,22800.0,400,Sell,226971026
2024-07-29 11:09:55,22800.0,900,Sell,226971025
2024-07-29 11:09:55,22800.0,200,Sell,226971024
2024-07-29 11:09:55,22800.0,300,Sell,226971023
2024-07-29 11:09:55,22800.0,200,Sell,226971021
2024-07-29 11:09:55,22800.0,100,Sell,226971020
2024-07-29 11:09:55,22800.0,1000,Sell,226971027
2024-07-29 11:09:55,22800.0,6800,Sell,226971019
2024-07-29 11:09:59,22800.0,500,Sell,226971087
2024-07-29 11:10:00,22850.0,100,Buy,226971096
2024-07-29 11:10:03,22800.0,2500,Sell,226971137
2024-07-29 11:10:03,22800.0,100,Sell,226971138
2024-07-29 11:10:03,22800.0,1000,Sell,226971139
2024-07-29 11:10:03,22800.0,1100,Sell,226971145
2024-07-29 11:10:03,22800.0,30000,Sell,226971143
2024-07-29 11:10:03,22800.0,1000,Sell,226971144
2024-07-29 11:10:03,22800.0,600,Sell,226971136
2024-07-29 11:10:03,22800.0,500,Sell,226971142
2024-07-29 11:10:03,22800.0,2000,Sell,226971135
2024-07-29 11:10:03,22800.0,200,Sell,226971141
2024-07-29 11:10:03,22800.0,100,Sell,226971133
2024-07-29 11:10:03,22800.0,100,Sell,226971134
2024-07-29 11:10:03,22800.0,1800,Sell,226971125
2024-07-29 11:10:03,22800.0,400,Sell,226971126
2024-07-29 11:10:03,22800.0,100,Sell,226971127
2024-07-29 11:10:03,22800.0,5000,Sell,226971128
2024-07-29 11:10:03,22800.0,200,Sell,226971140
2024-07-29 11:10:03,22800.0,3000,Sell,226971130
2024-07-29 11:10:03,22800.0,100,Sell,226971131
2024-07-29 11:10:03,22800.0,100,Sell,226971132
2024-07-29 11:10:03,22800.0,100,Sell,226971129
2024-07-29 11:10:11,22800.0,100,Sell,226971216
2024-07-29 11:10:14,22800.0,1000,Sell,226971255
2024-07-29 11:10:14,22800.0,600,Sell,226971249
2024-07-29 11:10:14,22800.0,100,Sell,226971250
2024-07-29 11:10:14,22800.0,200,Sell,226971251
2024-07-29 11:10:14,22800.0,200,Sell,226971252
2024-07-29 11:10:14,22800.0,200,Sell,226971253
2024-07-29 11:10:14,22800.0,500,Sell,226971254
2024-07-29 11:10:14,22800.0,100,Sell,226971256
2024-07-29 11:10:14,22800.0,100,Sell,226971257
2024-07-29 11:10:19,22800.0,500,Sell,226971324
2024-07-29 11:10:22,22850.0,100,Buy,226971360
2024-07-29 11:10:38,22800.0,600,Sell,226971576
2024-07-29 11:10:38,22800.0,400,Sell,226971566
2024-07-29 11:10:40,22800.0,400,Sell,226971590
2024-07-29 11:10:40,22800.0,100,Sell,226971591
2024-07-29 11:10:43,22850.0,100,Buy,226971668
2024-07-29 11:10:55,22800.0,100,Sell,226971793
2024-07-29 11:10:55,22800.0,1700,Sell,226971794
2024-07-29 11:10:55,22800.0,100,Sell,226971791
2024-07-29 11:10:55,22800.0,100,Sell,226971792
2024-07-29 11:11:00,22800.0,500,Sell,226971840
2024-07-29 11:11:05,22850.0,100,Buy,226971899
2024-07-29 11:11:13,22850.0,200,Buy,226972024
2024-07-29 11:11:20,22800.0,500,Sell,226972102
2024-07-29 11:11:20,22800.0,2000,Sell,226972101
2024-07-29 11:11:20,22800.0,500,Sell,226972097
2024-07-29 11:11:20,22800.0,7300,Sell,226972099
2024-07-29 11:11:20,22800.0,200,Sell,226972100
2024-07-29 11:11:27,22850.0,100,Buy,226972202
2024-07-29 11:11:40,22800.0,500,Sell,226972348
2024-07-29 11:11:48,22850.0,100,Buy,226972494
2024-07-29 11:12:00,22800.0,500,Sell,226972608
2024-07-29 11:12:09,22850.0,100,Buy,226972693
2024-07-29 11:12:20,22800.0,500,Sell,226972861
2024-07-29 11:12:21,22800.0,300,Sell,226972865
2024-07-29 11:12:29,22850.0,100,Buy,226972962
2024-07-29 11:12:40,22800.0,500,Sell,226973095
2024-07-29 11:12:51,22850.0,100,Buy,226973212
2024-07-29 11:13:00,22800.0,500,Sell,226973300
2024-07-29 11:13:07,22800.0,10000,Sell,226973488
2024-07-29 11:13:12,22850.0,100,Buy,226973545
2024-07-29 11:13:21,22800.0,500,Sell,226973636
2024-07-29 11:13:30,22850.0,100,Buy,226973799
2024-07-29 11:13:33,22850.0,100,Buy,226973826
2024-07-29 11:13:40,22800.0,3000,Sell,226973912
2024-07-29 11:13:41,22800.0,500,Sell,226973917
2024-07-29 11:13:54,22850.0,100,Buy,226974075
2024-07-29 11:14:01,22800.0,500,Sell,226974174
2024-07-29 11:14:14,22850.0,100,Buy,226974462
2024-07-29 11:14:21,22800.0,500,Sell,226974537
2024-07-29 11:14:35,22850.0,100,Buy,226974892
2024-07-29 11:14:37,22800.0,2500,Sell,226974909
2024-07-29 11:14:37,22800.0,100,Sell,226974927
2024-07-29 11:14:37,22800.0,200,Sell,226974926
2024-07-29 11:14:37,22800.0,5000,Sell,226974925
2024-07-29 11:14:37,22800.0,1000,Sell,226974924
2024-07-29 11:14:37,22800.0,2000,Sell,226974923
2024-07-29 11:14:37,22800.0,500,Sell,226974922
2024-07-29 11:14:37,22800.0,1000,Sell,226974921
2024-07-29 11:14:37,22800.0,300,Sell,226974920
2024-07-29 11:14:37,22800.0,100,Sell,226974919
2024-07-29 11:14:37,22800.0,12700,Sell,226974908
2024-07-29 11:14:37,22800.0,100,Sell,226974917
2024-07-29 11:14:37,22800.0,200,Sell,226974910
2024-07-29 11:14:37,22800.0,2000,Sell,226974911
2024-07-29 11:14:37,22800.0,300,Sell,226974912
2024-07-29 11:14:37,22800.0,1000,Sell,226974918
2024-07-29 11:14:37,22800.0,500,Sell,226974914
2024-07-29 11:14:37,22800.0,100,Sell,226974916
2024-07-29 11:14:37,22800.0,100,Sell,226974913
2024-07-29 11:14:37,22800.0,300,Sell,226974915
2024-07-29 11:14:41,22800.0,500,Sell,226974996
2024-07-29 11:14:56,22850.0,100,Buy,226975221
2024-07-29 11:15:01,22800.0,500,Sell,226975286
2024-07-29 11:15:17,22850.0,100,Buy,226975462
2024-07-29 11:15:20,22800.0,900,Sell,226975593
2024-07-29 11:15:20,22800.0,19200,Sell,226975594
2024-07-29 11:15:20,22800.0,2200,Sell,226975603
2024-07-29 11:15:20,22800.0,500,Sell,226975596
2024-07-29 11:15:20,22800.0,1000,Sell,226975597
2024-07-29 11:15:20,22800.0,900,Sell,226975598
2024-07-29 11:15:20,22800.0,1000,Sell,226975599
2024-07-29 11:15:20,22800.0,200,Sell,226975600
2024-07-29 11:15:20,22800.0,2000,Sell,226975601
2024-07-29 11:15:20,22800.0,100,Sell,226975602
2024-07-29 11:15:20,22800.0,2000,Sell,226975595
2024-07-29 11:15:22,22800.0,500,Sell,226975626
2024-07-29 11:15:22,22800.0,200,Sell,226975629
2024-07-29 11:15:36,22800.0,7100,Sell,226975763
2024-07-29 11:15:36,22800.0,2900,Sell,226975764
2024-07-29 11:15:38,22850.0,100,Buy,226975779
2024-07-29 11:15:39,22800.0,300,Sell,226975792
2024-07-29 11:15:42,22800.0,500,Sell,226975821
2024-07-29 11:15:58,22850.0,100,Buy,226976093
2024-07-29 11:16:02,22800.0,500,Sell,226976146
2024-07-29 11:16:19,22850.0,100,Buy,226976428
2024-07-29 11:16:22,22800.0,500,Sell,226976457
2024-07-29 11:16:24,22850.0,200,Buy,226976484
2024-07-29 11:16:41,22850.0,100,Buy,226976694
2024-07-29 11:16:42,22800.0,100,Sell,226976702
2024-07-29 11:16:42,22800.0,100,Sell,226976703
2024-07-29 11:16:42,22800.0,300,Sell,226976701
2024-07-29 11:16:49,22850.0,100,Buy,226976769
2024-07-29 11:17:01,22850.0,100,Buy,226976984
