time,price,volume,match_type,id
2024-08-14 09:14:38,21050.0,64100,ATO/ATC,231401058
2024-08-14 09:14:54,21050.0,4100,Sell,231401503
2024-08-14 09:14:54,21050.0,200,Sell,231401500
2024-08-14 09:14:54,21050.0,400,Sell,231401501
2024-08-14 09:14:54,21050.0,300,Sell,231401502
2024-08-14 09:14:59,21050.0,500,Sell,231401542
2024-08-14 09:15:04,21050.0,100,Sell,231401587
2024-08-14 09:15:09,21050.0,2000,Sell,231401700
2024-08-14 09:15:17,21050.0,200,Sell,231401891
2024-08-14 09:15:28,21050.0,400,Sell,231402091
2024-08-14 09:15:44,21100.0,200,Buy,231402507
2024-08-14 09:15:44,21100.0,100,Buy,231402505
2024-08-14 09:15:44,21100.0,200,Buy,231402506
2024-08-14 09:15:47,21050.0,23700,Sell,231402564
2024-08-14 09:16:02,21100.0,300,Buy,231402911
2024-08-14 09:16:02,21100.0,200,Buy,231402912
2024-08-14 09:16:02,21050.0,19000,Sell,231402922
2024-08-14 09:16:02,21050.0,2000,Sell,231402923
2024-08-14 09:16:02,21050.0,300,Sell,231402924
2024-08-14 09:16:02,21050.0,300,Sell,231402925
2024-08-14 09:16:02,21050.0,1000,Sell,231402926
2024-08-14 09:16:02,21050.0,200,Sell,231402927
2024-08-14 09:16:02,21050.0,900,Sell,231402928
2024-08-14 09:16:04,21050.0,300,Sell,231402987
2024-08-14 09:16:04,21050.0,700,Sell,231402988
2024-08-14 09:16:06,21050.0,500,Sell,231403037
2024-08-14 09:16:06,21050.0,2000,Sell,231403035
2024-08-14 09:16:06,21050.0,400,Sell,231403038
2024-08-14 09:16:06,21050.0,200,Sell,231403033
2024-08-14 09:16:06,21050.0,100,Sell,231403034
2024-08-14 09:16:06,21050.0,300,Sell,231403031
2024-08-14 09:16:06,21050.0,1000,Sell,231403036
2024-08-14 09:16:06,21050.0,500,Sell,231403032
2024-08-14 09:16:13,21050.0,5000,Sell,231403168
2024-08-14 09:16:14,21100.0,100,Buy,231403195
2024-08-14 09:16:23,21100.0,700,Buy,231403407
2024-08-14 09:16:23,21100.0,300,Buy,231403408
2024-08-14 09:16:35,21100.0,200,Buy,231403626
2024-08-14 09:16:35,21100.0,200,Buy,231403627
2024-08-14 09:16:35,21100.0,600,Buy,231403628
2024-08-14 09:16:44,21100.0,1700,Buy,231403781
2024-08-14 09:16:48,21050.0,2000,Sell,231403875
2024-08-14 09:16:48,21050.0,200,Sell,231403876
2024-08-14 09:16:48,21050.0,1500,Sell,231403877
2024-08-14 09:16:48,21050.0,200,Sell,231403878
2024-08-14 09:16:48,21050.0,1000,Sell,231403879
2024-08-14 09:16:48,21050.0,10000,Sell,231403880
2024-08-14 09:16:48,21050.0,4600,Sell,231403873
2024-08-14 09:16:48,21050.0,1000,Sell,231403874
2024-08-14 09:16:54,21050.0,400,Buy,231404063
2024-08-14 09:16:54,21050.0,200,Buy,231404062
2024-08-14 09:16:58,21050.0,400,Buy,231404191
2024-08-14 09:16:59,21050.0,10000,Buy,231404212
2024-08-14 09:16:59,21050.0,2200,Buy,231404211
2024-08-14 09:17:02,21100.0,100,Buy,231404292
2024-08-14 09:17:19,21050.0,5000,Sell,231404638
2024-08-14 09:17:29,21050.0,2800,Sell,231404919
2024-08-14 09:17:29,21050.0,200,Sell,231404920
2024-08-14 09:17:29,21050.0,1000,Sell,231404921
2024-08-14 09:17:40,21050.0,100,Sell,231405159
2024-08-14 09:17:50,21100.0,100,Buy,231405387
2024-08-14 09:17:56,21050.0,4000,Sell,231405518
2024-08-14 09:18:05,21050.0,10000,Sell,231405705
2024-08-14 09:18:17,21050.0,5000,Sell,231405921
2024-08-14 09:18:20,21050.0,1000,Sell,231405952
2024-08-14 09:18:38,21100.0,100,Buy,231406299
2024-08-14 09:18:43,21100.0,1000,Buy,231406401
2024-08-14 09:18:51,21100.0,1600,Buy,231406546
2024-08-14 09:18:51,21100.0,5000,Buy,231406547
2024-08-14 09:18:51,21100.0,2000,Buy,231406548
2024-08-14 09:18:51,21100.0,1400,Buy,231406549
2024-08-14 09:18:54,21050.0,600,Sell,231406654
2024-08-14 09:18:54,21100.0,3000,Buy,231406646
2024-08-14 09:19:13,21050.0,100,Sell,231407071
2024-08-14 09:19:13,21050.0,100,Sell,231407088
2024-08-14 09:19:26,21100.0,100,Buy,231407331
2024-08-14 09:19:35,21050.0,800,Sell,231407502
2024-08-14 09:20:14,21100.0,100,Buy,231408355
2024-08-14 09:20:28,21100.0,400,Buy,231408640
2024-08-14 09:20:28,21100.0,100,Buy,231408641
2024-08-14 09:20:28,21100.0,500,Buy,231408642
2024-08-14 09:20:36,21100.0,300,Buy,231408790
2024-08-14 09:20:39,21050.0,1500,Sell,231408848
2024-08-14 09:20:51,21100.0,300,Buy,231409103
2024-08-14 09:21:02,21100.0,100,Buy,231409333
2024-08-14 09:21:02,21100.0,20000,Buy,231409346
2024-08-14 09:21:16,21100.0,200,Buy,231409697
2024-08-14 09:21:16,21100.0,1000,Buy,231409698
2024-08-14 09:21:16,21050.0,2000,Sell,231409717
2024-08-14 09:21:21,21050.0,2000,Sell,231409804
2024-08-14 09:21:27,21050.0,500,Sell,231409903
2024-08-14 09:21:27,21050.0,100,Sell,231409902
2024-08-14 09:21:27,21050.0,500,Sell,231409900
2024-08-14 09:21:27,21050.0,1800,Sell,231409899
2024-08-14 09:21:27,21050.0,100,Sell,231409901
2024-08-14 09:21:30,21050.0,2000,Sell,231409947
2024-08-14 09:21:36,21100.0,200,Buy,231410041
2024-08-14 09:21:49,21100.0,100,Buy,231410266
2024-08-14 09:22:05,21050.0,700,Sell,231410632
2024-08-14 09:22:05,21050.0,1000,Sell,231410633
2024-08-14 09:22:05,21050.0,300,Sell,231410634
2024-08-14 09:22:07,21100.0,200,Buy,231410685
2024-08-14 09:22:11,21100.0,500,Buy,231410751
2024-08-14 09:22:12,21100.0,300,Buy,231410768
2024-08-14 09:22:12,21100.0,100,Buy,231410769
2024-08-14 09:22:12,21100.0,100,Buy,231410770
2024-08-14 09:22:13,21050.0,400,Sell,231410789
2024-08-14 09:22:13,21050.0,600,Sell,231410788
2024-08-14 09:22:17,21050.0,1600,Sell,231410925
2024-08-14 09:22:17,21050.0,600,Sell,231410924
2024-08-14 09:22:17,21050.0,1000,Sell,231410923
2024-08-14 09:22:17,21050.0,1000,Sell,231410921
2024-08-14 09:22:17,21050.0,5000,Sell,231410920
2024-08-14 09:22:17,21050.0,1000,Sell,231410919
2024-08-14 09:22:17,21050.0,1000,Sell,231410918
2024-08-14 09:22:17,21050.0,100,Sell,231410917
2024-08-14 09:22:17,21050.0,400,Sell,231410916
2024-08-14 09:22:17,21050.0,100,Sell,231410915
2024-08-14 09:22:17,21050.0,300,Sell,231410914
2024-08-14 09:22:17,21050.0,1000,Sell,231410913
2024-08-14 09:22:17,21050.0,900,Sell,231410912
2024-08-14 09:22:17,21050.0,500,Sell,231410922
2024-08-14 09:22:17,21050.0,500,Sell,231410910
2024-08-14 09:22:17,21050.0,400,Sell,231410894
2024-08-14 09:22:17,21050.0,200,Sell,231410895
2024-08-14 09:22:17,21050.0,100,Sell,231410897
2024-08-14 09:22:17,21050.0,400,Sell,231410898
2024-08-14 09:22:17,21050.0,2000,Sell,231410899
2024-08-14 09:22:17,21050.0,200,Sell,231410900
2024-08-14 09:22:17,21050.0,200,Sell,231410896
2024-08-14 09:22:17,21050.0,1000,Sell,231410902
2024-08-14 09:22:17,21050.0,3000,Sell,231410903
2024-08-14 09:22:17,21050.0,800,Sell,231410907
2024-08-14 09:22:17,21050.0,100,Sell,231410908
2024-08-14 09:22:17,21050.0,100,Sell,231410909
2024-08-14 09:22:17,21050.0,100,Sell,231410901
2024-08-14 09:22:17,21050.0,100,Sell,231410911
2024-08-14 09:22:24,21050.0,400,Sell,231411149
2024-08-14 09:22:24,21050.0,100,Sell,231411150
2024-08-14 09:22:24,21050.0,100,Sell,231411151
2024-08-14 09:22:25,21050.0,1000,Buy,231411179
2024-08-14 09:22:37,21050.0,100,Buy,231411435
2024-08-14 09:22:38,21050.0,300,Buy,231411440
2024-08-14 09:22:38,21050.0,200,Buy,231411441
2024-08-14 09:22:44,21050.0,200,Buy,231411532
2024-08-14 09:22:45,21050.0,200,Buy,231411553
2024-08-14 09:22:45,21050.0,1000,Buy,231411552
2024-08-14 09:22:45,21050.0,3000,Buy,231411550
2024-08-14 09:22:45,21050.0,14600,Buy,231411549
2024-08-14 09:22:45,21050.0,100,Buy,231411551
2024-08-14 09:22:48,21050.0,23700,Sell,231411603
2024-08-14 09:23:05,21100.0,100,Buy,231411891
2024-08-14 09:23:09,21050.0,1000,Sell,231411987
2024-08-14 09:23:09,21050.0,2000,Sell,231411995
2024-08-14 09:23:15,21050.0,3000,Sell,231412097
2024-08-14 09:23:20,21050.0,2000,Sell,231412226
2024-08-14 09:23:20,21050.0,10000,Sell,231412235
2024-08-14 09:23:25,21100.0,100,Buy,231412336
2024-08-14 09:23:37,21100.0,100,Buy,231412602
2024-08-14 09:23:53,21050.0,3000,Sell,231413014
2024-08-14 09:23:54,21100.0,2000,Buy,231413029
2024-08-14 09:24:11,21100.0,1000,Buy,231413385
2024-08-14 09:24:13,21100.0,100,Buy,231413440
2024-08-14 09:24:33,21050.0,1000,Sell,231413933
2024-08-14 09:24:42,21050.0,100,Sell,231414135
2024-08-14 09:24:50,21050.0,23700,Sell,231414414
2024-08-14 09:24:58,21050.0,200,Sell,231414705
2024-08-14 09:25:01,21100.0,100,Buy,231414770
2024-08-14 09:25:02,21050.0,5000,Sell,231414779
2024-08-14 09:25:07,21050.0,2000,Sell,231414922
2024-08-14 09:25:15,21050.0,500,Sell,231415130
2024-08-14 09:25:18,21050.0,100,Sell,231415177
2024-08-14 09:25:38,21050.0,500,Sell,231415714
2024-08-14 09:25:41,21050.0,200,Sell,231415797
2024-08-14 09:25:49,21050.0,2000,Sell,231416004
2024-08-14 09:25:49,21050.0,300,Sell,231416008
2024-08-14 09:25:49,21050.0,100,Sell,231415964
2024-08-14 09:25:49,21100.0,100,Buy,231416005
2024-08-14 09:25:53,21050.0,100,Sell,231416100
2024-08-14 09:25:56,21050.0,5000,Sell,231416166
2024-08-14 09:25:56,21050.0,3000,Sell,231416171
2024-08-14 09:25:56,21050.0,1000,Sell,231416170
2024-08-14 09:25:56,21050.0,600,Sell,231416165
2024-08-14 09:25:56,21050.0,100,Sell,231416168
2024-08-14 09:25:56,21050.0,100,Sell,231416167
2024-08-14 09:25:56,21050.0,200,Sell,231416169
2024-08-14 09:25:58,21100.0,400,Buy,231416246
2024-08-14 09:26:07,21050.0,2000,Sell,231416426
2024-08-14 09:26:10,21050.0,1200,Sell,231416552
2024-08-14 09:26:10,21050.0,700,Sell,231416546
2024-08-14 09:26:10,21050.0,3000,Sell,231416547
2024-08-14 09:26:10,21050.0,1000,Sell,231416548
2024-08-14 09:26:10,21050.0,3000,Sell,231416549
2024-08-14 09:26:10,21050.0,100,Sell,231416550
2024-08-14 09:26:10,21050.0,1000,Sell,231416551
2024-08-14 09:26:10,21050.0,3000,Sell,231416545
2024-08-14 09:26:13,21100.0,500,Buy,231416602
2024-08-14 09:26:18,21100.0,300,Buy,231416723
2024-08-14 09:26:20,21050.0,100,Sell,231416762
2024-08-14 09:26:37,21100.0,100,Buy,231417235
2024-08-14 09:26:40,21050.0,3000,Sell,231417276
2024-08-14 09:26:42,21100.0,100,Buy,231417324
2024-08-14 09:26:49,21050.0,2000,Sell,231417553
2024-08-14 09:26:52,21050.0,100,Sell,231417601
2024-08-14 09:26:54,21050.0,3000,Sell,231417645
2024-08-14 09:26:54,21100.0,100,Buy,231417650
2024-08-14 09:26:54,21100.0,100,Buy,231417651
2024-08-14 09:27:00,21050.0,2000,Sell,231417868
2024-08-14 09:27:07,21050.0,1000,Sell,231418156
2024-08-14 09:27:08,21050.0,5000,Sell,231418185
2024-08-14 09:27:13,21100.0,700,Buy,231418368
2024-08-14 09:27:13,21100.0,300,Buy,231418369
2024-08-14 09:27:13,21100.0,2000,Buy,231418370
2024-08-14 09:27:15,21050.0,5000,Sell,231418386
2024-08-14 09:27:23,21050.0,100,Sell,231418580
2024-08-14 09:27:25,21100.0,100,Buy,231418648
2024-08-14 09:27:28,21050.0,5000,Sell,231418725
2024-08-14 09:27:38,21050.0,10000,Sell,231418963
2024-08-14 09:27:54,21050.0,100,Sell,231419293
2024-08-14 09:28:02,21050.0,3400,Sell,231419529
2024-08-14 09:28:02,21050.0,400,Sell,231419539
2024-08-14 09:28:02,21050.0,500,Sell,231419538
2024-08-14 09:28:02,21050.0,100,Sell,231419535
2024-08-14 09:28:02,21050.0,100,Sell,231419537
2024-08-14 09:28:02,21050.0,1000,Sell,231419533
2024-08-14 09:28:02,21050.0,200,Sell,231419532
2024-08-14 09:28:02,21050.0,300,Sell,231419531
2024-08-14 09:28:02,21050.0,1000,Sell,231419530
2024-08-14 09:28:02,21050.0,400,Sell,231419534
2024-08-14 09:28:02,21050.0,100,Sell,231419536
2024-08-14 09:28:13,21100.0,100,Buy,231419839
2024-08-14 09:28:23,21050.0,400,Sell,231420122
2024-08-14 09:28:23,21050.0,400,Sell,231420123
2024-08-14 09:28:25,21050.0,100,Sell,231420166
2024-08-14 09:28:48,21050.0,1000,Sell,231420780
2024-08-14 09:28:48,21050.0,200,Sell,231420781
2024-08-14 09:28:48,21050.0,1000,Sell,231420779
2024-08-14 09:28:48,21050.0,100,Sell,231420777
2024-08-14 09:28:48,21050.0,200,Sell,231420778
2024-08-14 09:28:53,21100.0,2000,Buy,231420888
2024-08-14 09:28:58,21050.0,100,Sell,231421008
2024-08-14 09:29:00,21050.0,200,Sell,231421092
2024-08-14 09:29:00,21050.0,100,Sell,231421093
2024-08-14 09:29:00,21050.0,1000,Sell,231421094
2024-08-14 09:29:00,21050.0,1700,Sell,231421095
2024-08-14 09:29:01,21100.0,100,Buy,231421125
2024-08-14 09:29:21,21100.0,1000,Buy,231421549
2024-08-14 09:29:27,21050.0,1000,Sell,231421658
2024-08-14 09:29:30,21050.0,100,Sell,231421798
2024-08-14 09:29:30,21100.0,100,Buy,231421792
2024-08-14 09:29:48,21100.0,500,Buy,231422160
2024-08-14 09:29:49,21100.0,100,Buy,231422184
2024-08-14 09:29:51,21100.0,1000,Buy,231422234
2024-08-14 09:29:52,21050.0,23700,Sell,231422247
2024-08-14 09:29:58,21050.0,1000,Sell,231422405
2024-08-14 09:30:03,21050.0,100,Sell,231422506
2024-08-14 09:30:07,21050.0,23700,Sell,231422595
2024-08-14 09:30:17,21050.0,10000,Sell,231422928
2024-08-14 09:30:17,21050.0,10000,Sell,231422879
2024-08-14 09:30:22,21050.0,5000,Sell,231423038
2024-08-14 09:30:31,21050.0,23700,Sell,231423208
2024-08-14 09:30:34,21050.0,100,Sell,231423322
2024-08-14 09:30:37,21050.0,100,Sell,231423435
2024-08-14 09:30:37,21050.0,500,Sell,231423436
2024-08-14 09:30:37,21050.0,100,Sell,231423437
2024-08-14 09:30:37,21050.0,1000,Sell,231423439
2024-08-14 09:30:37,21050.0,700,Sell,231423440
2024-08-14 09:30:37,21050.0,200,Sell,231423441
2024-08-14 09:30:37,21050.0,100,Sell,231423443
2024-08-14 09:30:37,21050.0,9000,Sell,231423434
2024-08-14 09:30:37,21050.0,300,Sell,231423444
2024-08-14 09:30:37,21050.0,200,Sell,231423445
2024-08-14 09:30:37,21050.0,5500,Sell,231423446
2024-08-14 09:30:37,21050.0,500,Sell,231423447
2024-08-14 09:30:37,21050.0,700,Sell,231423442
2024-08-14 09:30:37,21050.0,2700,Sell,231423433
2024-08-14 09:30:37,21050.0,3000,Sell,231423438
2024-08-14 09:30:37,21050.0,600,Sell,231423431
2024-08-14 09:30:37,21050.0,20000,Sell,231423430
2024-08-14 09:30:37,21050.0,400,Sell,231423429
2024-08-14 09:30:37,21100.0,100,Buy,231423428
2024-08-14 09:30:37,21050.0,400,Sell,231423407
2024-08-14 09:30:37,21050.0,100,Sell,231423416
2024-08-14 09:30:37,21050.0,200,Sell,231423415
2024-08-14 09:30:37,21050.0,600,Sell,231423414
2024-08-14 09:30:37,21050.0,500,Sell,231423413
2024-08-14 09:30:37,21050.0,100,Sell,231423412
2024-08-14 09:30:37,21050.0,10000,Sell,231423411
2024-08-14 09:30:37,21050.0,2000,Sell,231423410
2024-08-14 09:30:37,21050.0,100,Sell,231423409
2024-08-14 09:30:37,21050.0,1000,Sell,231423408
2024-08-14 09:30:37,21050.0,500,Sell,231423432
2024-08-14 09:30:40,21050.0,100,Buy,231423504
2024-08-14 09:30:44,21050.0,100,Buy,231423604
2024-08-14 09:30:45,21050.0,100,Buy,231423633
2024-08-14 09:31:00,21050.0,1000,Buy,231424039
2024-08-14 09:31:02,21000.0,400,Sell,231424112
2024-08-14 09:31:02,21000.0,100,Sell,231424111
2024-08-14 09:31:02,21000.0,100,Sell,231424104
2024-08-14 09:31:02,21000.0,100,Sell,231424110
2024-08-14 09:31:02,21000.0,100,Sell,231424109
2024-08-14 09:31:02,21000.0,200,Sell,231424108
2024-08-14 09:31:02,21000.0,5000,Sell,231424107
2024-08-14 09:31:02,21000.0,100,Sell,231424106
2024-08-14 09:31:02,21000.0,100,Sell,231424105
2024-08-14 09:31:02,21000.0,1000,Sell,231424103
2024-08-14 09:31:02,21000.0,500,Sell,231424093
2024-08-14 09:31:02,21000.0,200,Sell,231424101
2024-08-14 09:31:02,21000.0,100,Sell,231424100
2024-08-14 09:31:02,21000.0,800,Sell,231424099
2024-08-14 09:31:02,21000.0,100,Sell,231424098
2024-08-14 09:31:02,21000.0,200,Sell,231424097
2024-08-14 09:31:02,21000.0,100,Sell,231424096
2024-08-14 09:31:02,21000.0,100,Sell,231424095
2024-08-14 09:31:02,21000.0,10000,Sell,231424094
2024-08-14 09:31:02,21000.0,3100,Sell,231424092
2024-08-14 09:31:02,21000.0,300,Sell,231424091
2024-08-14 09:31:02,21000.0,1000,Sell,231424102
2024-08-14 09:31:03,21050.0,1000,Buy,231424182
2024-08-14 09:31:05,21000.0,100,Sell,231424222
2024-08-14 09:31:10,21050.0,1600,Buy,231424321
2024-08-14 09:31:10,21050.0,3100,Buy,231424322
2024-08-14 09:31:12,21050.0,100,Buy,231424364
2024-08-14 09:31:15,21000.0,100,Sell,231424416
2024-08-14 09:31:15,21050.0,1500,Buy,231424422
2024-08-14 09:31:25,21050.0,100,Buy,231424635
2024-08-14 09:31:37,21000.0,100,Sell,231424956
2024-08-14 09:31:49,21050.0,100,Buy,231425164
2024-08-14 09:31:55,21000.0,1800,Sell,231425290
2024-08-14 09:31:55,21000.0,1900,Sell,231425291
2024-08-14 09:32:02,21000.0,600,Sell,231425466
2024-08-14 09:32:06,21050.0,12100,Buy,231425555
2024-08-14 09:32:06,21050.0,2900,Buy,231425556
2024-08-14 09:32:10,21000.0,100,Sell,231425630
2024-08-14 09:32:13,21050.0,100,Buy,231425687
2024-08-14 09:32:19,21000.0,200,Sell,231425855
2024-08-14 09:32:30,21050.0,600,Buy,231426113
2024-08-14 09:32:30,21050.0,7700,Buy,231426110
2024-08-14 09:32:30,21050.0,5000,Buy,231426112
2024-08-14 09:32:30,21050.0,6000,Buy,231426108
2024-08-14 09:32:30,21050.0,10000,Buy,231426109
2024-08-14 09:32:30,21050.0,32000,Buy,231426106
2024-08-14 09:32:30,21050.0,15000,Buy,231426111
2024-08-14 09:32:30,21050.0,23700,Buy,231426107
2024-08-14 09:32:40,21000.0,100,Sell,231426374
2024-08-14 09:32:46,21000.0,200,Sell,231426497
2024-08-14 09:33:02,21050.0,100,Buy,231426869
2024-08-14 09:33:11,21000.0,100,Sell,231427122
2024-08-14 09:33:36,21050.0,3300,Buy,231427713
2024-08-14 09:33:42,21000.0,100,Sell,231427820
2024-08-14 09:33:50,21050.0,100,Buy,231427956
2024-08-14 09:33:53,21050.0,900,Buy,231428034
2024-08-14 09:33:53,21050.0,23700,Buy,231428035
2024-08-14 09:33:53,21050.0,1000,Buy,231428036
2024-08-14 09:33:53,21050.0,10000,Buy,231428037
2024-08-14 09:33:53,21050.0,1000,Buy,231428038
2024-08-14 09:33:53,21050.0,10000,Buy,231428040
2024-08-14 09:33:53,21050.0,2400,Buy,231428041
2024-08-14 09:33:53,21050.0,1000,Buy,231428039
2024-08-14 09:34:00,21050.0,2600,Buy,231428187
2024-08-14 09:34:00,21050.0,1000,Buy,231428188
2024-08-14 09:34:00,21050.0,300,Buy,231428189
2024-08-14 09:34:00,21050.0,500,Buy,231428190
2024-08-14 09:34:05,21050.0,5000,Sell,231428310
2024-08-14 09:34:10,21050.0,100,Sell,231428398
2024-08-14 09:34:13,21050.0,100,Sell,231428474
2024-08-14 09:34:16,21000.0,400,Sell,231428574
2024-08-14 09:34:16,21000.0,400,Sell,231428573
2024-08-14 09:34:16,21000.0,100,Sell,231428572
2024-08-14 09:34:16,21000.0,300,Sell,231428571
2024-08-14 09:34:16,21000.0,100,Sell,231428570
2024-08-14 09:34:16,21000.0,600,Sell,231428569
2024-08-14 09:34:16,21000.0,100,Sell,231428568
2024-08-14 09:34:16,21000.0,1000,Sell,231428567
2024-08-14 09:34:16,21000.0,300,Sell,231428566
2024-08-14 09:34:16,21000.0,100,Sell,231428565
2024-08-14 09:34:16,21000.0,100,Sell,231428564
2024-08-14 09:34:16,21000.0,5000,Sell,231428563
2024-08-14 09:34:16,21000.0,15000,Sell,231428562
2024-08-14 09:34:16,21000.0,1000,Sell,231428559
2024-08-14 09:34:16,21000.0,500,Sell,231428558
2024-08-14 09:34:16,21000.0,2000,Sell,231428561
2024-08-14 09:34:16,21000.0,100,Sell,231428556
2024-08-14 09:34:16,21000.0,2000,Sell,231428557
2024-08-14 09:34:16,21050.0,400,Sell,231428536
2024-08-14 09:34:16,21050.0,1000,Sell,231428537
2024-08-14 09:34:16,21050.0,200,Sell,231428538
2024-08-14 09:34:16,21050.0,400,Sell,231428539
2024-08-14 09:34:16,21000.0,6700,Sell,231428540
2024-08-14 09:34:16,21000.0,500,Sell,231428546
2024-08-14 09:34:16,21000.0,5000,Sell,231428547
2024-08-14 09:34:16,21000.0,1000,Sell,231428560
2024-08-14 09:34:16,21000.0,100,Sell,231428549
2024-08-14 09:34:16,21000.0,500,Sell,231428550
2024-08-14 09:34:16,21000.0,1000,Sell,231428551
2024-08-14 09:34:16,21000.0,500,Sell,231428552
2024-08-14 09:34:16,21000.0,400,Sell,231428553
2024-08-14 09:34:16,21000.0,100,Sell,231428554
2024-08-14 09:34:16,21000.0,3000,Sell,231428548
2024-08-14 09:34:16,21000.0,100,Sell,231428555
2024-08-14 09:34:26,21050.0,500,Sell,231428808
2024-08-14 09:34:26,21050.0,1000,Sell,231428809
2024-08-14 09:34:27,21050.0,1000,Buy,231428835
2024-08-14 09:34:34,21050.0,2500,Buy,231428981
2024-08-14 09:34:37,21050.0,600,Sell,231429042
2024-08-14 09:34:38,21050.0,100,Buy,231429078
2024-08-14 09:34:43,21050.0,2200,Buy,231429226
2024-08-14 09:34:45,21000.0,100,Sell,231429271
2024-08-14 09:34:53,21050.0,200,Buy,231429459
2024-08-14 09:34:55,21000.0,1000,Sell,231429492
2024-08-14 09:34:59,21050.0,1900,Buy,231429580
2024-08-14 09:35:15,21050.0,100,Sell,231429863
2024-08-14 09:35:18,21050.0,5000,Sell,231429899
2024-08-14 09:35:18,21050.0,1000,Sell,231429900
2024-08-14 09:35:24,21050.0,100,Sell,231430039
2024-08-14 09:35:26,21100.0,100,Buy,231430068
2024-08-14 09:35:27,21100.0,200,Buy,231430086
2024-08-14 09:35:39,21050.0,900,Sell,231430365
2024-08-14 09:35:39,21050.0,300,Sell,231430366
2024-08-14 09:35:39,21050.0,100,Sell,231430367
2024-08-14 09:35:39,21050.0,700,Sell,231430368
2024-08-14 09:35:46,21100.0,5000,Buy,231430499
2024-08-14 09:35:48,21050.0,100,Sell,231430541
2024-08-14 09:35:52,21100.0,100,Buy,231430628
2024-08-14 09:35:58,21050.0,200,Sell,231430760
2024-08-14 09:35:58,21050.0,200,Sell,231430758
2024-08-14 09:35:58,21050.0,100,Sell,231430759
2024-08-14 09:36:09,21050.0,500,Buy,231431030
2024-08-14 09:36:11,21050.0,1000,Buy,231431054
2024-08-14 09:36:14,21050.0,100,Buy,231431131
2024-08-14 09:36:18,21050.0,1300,Buy,231431232
2024-08-14 09:36:19,21050.0,100,Sell,231431267
2024-08-14 09:36:20,21050.0,300,Sell,231431297
2024-08-14 09:36:25,21050.0,4300,Sell,231431416
2024-08-14 09:36:25,21050.0,700,Buy,231431417
2024-08-14 09:36:26,21050.0,2000,Buy,231431424
2024-08-14 09:36:36,21050.0,5000,Buy,231431639
2024-08-14 09:36:37,21050.0,500,Buy,231431649
2024-08-14 09:36:43,21000.0,15000,Sell,231431884
2024-08-14 09:36:47,21000.0,10000,Sell,231431941
2024-08-14 09:36:51,21000.0,100,Sell,231432038
2024-08-14 09:36:52,21000.0,100,Sell,231432059
2024-08-14 09:36:52,21000.0,1100,Sell,231432064
2024-08-14 09:36:52,21000.0,100,Sell,231432063
2024-08-14 09:36:52,21000.0,500,Sell,231432062
2024-08-14 09:36:52,21000.0,100,Sell,231432061
2024-08-14 09:36:52,21000.0,1000,Sell,231432058
2024-08-14 09:36:52,21000.0,100,Sell,231432057
2024-08-14 09:36:52,21000.0,500,Sell,231432056
2024-08-14 09:36:52,21000.0,200,Sell,231432055
2024-08-14 09:36:52,21000.0,100,Sell,231432054
2024-08-14 09:36:52,21000.0,200,Sell,231432053
2024-08-14 09:36:52,21000.0,600,Sell,231432052
2024-08-14 09:36:52,21000.0,3400,Sell,231432051
2024-08-14 09:37:00,21000.0,600,Sell,231432212
2024-08-14 09:37:00,21050.0,1000,Buy,231432216
2024-08-14 09:37:02,21050.0,100,Buy,231432287
2024-08-14 09:37:20,21050.0,5000,Buy,231432677
2024-08-14 09:37:23,21000.0,100,Sell,231432742
2024-08-14 09:37:47,21050.0,5000,Buy,231433280
2024-08-14 09:37:51,21050.0,100,Buy,231433334
2024-08-14 09:37:54,21000.0,100,Sell,231433380
2024-08-14 09:38:05,21050.0,5000,Buy,231433569
2024-08-14 09:38:11,21050.0,1300,Buy,231433714
2024-08-14 09:38:11,21050.0,200,Buy,231433715
2024-08-14 09:38:17,21050.0,25000,Buy,231433873
2024-08-14 09:38:17,21050.0,1000,Buy,231433872
2024-08-14 09:38:17,21050.0,500,Buy,231433871
2024-08-14 09:38:17,21050.0,5000,Buy,231433870
2024-08-14 09:38:17,21050.0,300,Buy,231433867
2024-08-14 09:38:17,21050.0,10000,Buy,231433868
2024-08-14 09:38:17,21050.0,9800,Buy,231433865
2024-08-14 09:38:17,21050.0,14700,Buy,231433869
2024-08-14 09:38:17,21050.0,2200,Buy,231433866
2024-08-14 09:38:25,21050.0,100,Sell,231434044
2024-08-14 09:38:25,21050.0,10000,Sell,231434050
2024-08-14 09:38:29,21050.0,5000,Sell,231434141
2024-08-14 09:38:32,21050.0,1400,Sell,231434203
2024-08-14 09:38:39,21100.0,100,Buy,231434370
2024-08-14 09:38:55,21050.0,100,Sell,231434719
2024-08-14 09:39:17,21100.0,100,Buy,231435155
2024-08-14 09:39:17,21050.0,2000,Sell,231435138
2024-08-14 09:39:27,21100.0,100,Buy,231435472
2024-08-14 09:39:27,21050.0,100,Sell,231435474
2024-08-14 09:39:32,21100.0,2400,Buy,231435575
2024-08-14 09:39:54,21100.0,100,Buy,231436078
2024-08-14 09:39:58,21100.0,1000,Buy,231436158
2024-08-14 09:39:59,21050.0,100,Sell,231436169
2024-08-14 09:40:14,21050.0,10000,Sell,231436527
2024-08-14 09:40:15,21100.0,100,Buy,231436534
2024-08-14 09:40:24,21100.0,6400,Buy,231436791
2024-08-14 09:40:24,21100.0,13600,Buy,231436790
2024-08-14 09:40:29,21050.0,100,Sell,231437189
2024-08-14 09:40:32,21100.0,200,Buy,231437242
2024-08-14 09:41:00,21050.0,2600,Sell,231437907
2024-08-14 09:41:00,21050.0,2000,Sell,231437908
2024-08-14 09:41:00,21050.0,400,Sell,231437909
2024-08-14 09:41:00,21050.0,100,Sell,231437912
2024-08-14 09:41:03,21100.0,100,Buy,231437990
2024-08-14 09:41:04,21050.0,900,Sell,231438008
2024-08-14 09:41:04,21050.0,200,Sell,231438007
2024-08-14 09:41:04,21050.0,2500,Sell,231438004
2024-08-14 09:41:04,21050.0,1000,Sell,231438005
2024-08-14 09:41:04,21050.0,2400,Sell,231438006
2024-08-14 09:41:29,21100.0,300,Buy,231438725
2024-08-14 09:41:29,21100.0,1000,Buy,231438726
2024-08-14 09:41:29,21100.0,700,Buy,231438727
2024-08-14 09:41:33,21050.0,100,Sell,231438816
2024-08-14 09:41:49,21050.0,200,Sell,231439366
2024-08-14 09:41:49,21050.0,800,Sell,231439367
2024-08-14 09:41:52,21100.0,100,Buy,231439422
2024-08-14 09:42:04,21050.0,100,Sell,231439718
2024-08-14 09:42:12,21100.0,6800,Buy,231439877
2024-08-14 09:42:12,21100.0,200,Buy,231439874
2024-08-14 09:42:12,21100.0,10000,Buy,231439875
2024-08-14 09:42:12,21100.0,1000,Buy,231439876
2024-08-14 09:42:33,21100.0,2400,Buy,231440317
2024-08-14 09:42:36,21050.0,100,Sell,231440407
2024-08-14 09:42:38,21100.0,100,Buy,231440440
2024-08-14 09:42:40,21100.0,100,Buy,231440478
2024-08-14 09:42:46,21050.0,100,Sell,231440613
2024-08-14 09:43:08,21050.0,100,Sell,231441145
2024-08-14 09:43:22,21100.0,100,Buy,231441430
2024-08-14 09:43:29,21100.0,100,Buy,231441518
2024-08-14 09:43:32,21050.0,200,Sell,231441598
2024-08-14 09:43:38,21050.0,100,Sell,231441725
2024-08-14 09:44:09,21050.0,100,Sell,231442396
2024-08-14 09:44:17,21100.0,100,Buy,231442548
2024-08-14 09:44:41,21050.0,100,Sell,231443099
2024-08-14 09:45:05,21100.0,100,Buy,231443584
2024-08-14 09:45:11,21100.0,200,Buy,231443679
2024-08-14 09:45:13,21050.0,100,Sell,231443752
2024-08-14 09:45:13,21050.0,200,Sell,231443744
2024-08-14 09:45:13,21050.0,200,Sell,231443745
2024-08-14 09:45:20,21100.0,4700,Buy,231443893
2024-08-14 09:45:20,21100.0,600,Buy,231443894
2024-08-14 09:45:46,21050.0,100,Sell,231444400
2024-08-14 09:45:53,21100.0,100,Buy,231444544
2024-08-14 09:45:59,21100.0,500,Buy,231444665
2024-08-14 09:46:03,21100.0,300,Buy,231444742
2024-08-14 09:46:17,21050.0,100,Sell,231444980
2024-08-14 09:46:25,21050.0,100,Sell,231445148
2024-08-14 09:46:28,21100.0,200,Buy,231445230
2024-08-14 09:46:39,21050.0,1800,Sell,231445541
2024-08-14 09:46:39,21050.0,200,Sell,231445540
2024-08-14 09:46:39,21050.0,200,Sell,231445539
2024-08-14 09:46:39,21050.0,100,Sell,231445538
2024-08-14 09:46:39,21050.0,1000,Sell,231445533
2024-08-14 09:46:39,21050.0,100,Sell,231445536
2024-08-14 09:46:39,21050.0,300,Sell,231445535
2024-08-14 09:46:39,21050.0,500,Sell,231445534
2024-08-14 09:46:39,21050.0,400,Sell,231445532
2024-08-14 09:46:39,21050.0,100,Sell,231445537
2024-08-14 09:46:42,21100.0,100,Buy,231445595
2024-08-14 09:46:43,21100.0,2800,Buy,231445639
2024-08-14 09:46:50,21050.0,100,Sell,231445817
2024-08-14 09:47:13,21050.0,200,Sell,231446338
2024-08-14 09:47:13,21050.0,300,Sell,231446339
2024-08-14 09:47:14,21050.0,200,Sell,231446386
2024-08-14 09:47:14,21050.0,200,Sell,231446384
2024-08-14 09:47:14,21050.0,100,Sell,231446385
2024-08-14 09:47:21,21050.0,100,Sell,231446572
2024-08-14 09:47:30,21100.0,100,Buy,231446734
2024-08-14 09:47:52,21050.0,100,Sell,231447096
2024-08-14 09:48:05,21100.0,200,Buy,231447334
2024-08-14 09:48:14,21050.0,5000,Sell,231447503
2024-08-14 09:48:14,21050.0,5400,Sell,231447504
2024-08-14 09:48:14,21050.0,100,Sell,231447500
2024-08-14 09:48:14,21050.0,400,Sell,231447499
2024-08-14 09:48:14,21050.0,1000,Sell,231447501
2024-08-14 09:48:14,21050.0,500,Sell,231447502
2024-08-14 09:48:17,21050.0,2000,Sell,231447557
2024-08-14 09:48:19,21100.0,100,Buy,231447587
2024-08-14 09:48:23,21050.0,100,Sell,231447681
2024-08-14 09:48:34,21050.0,23700,Sell,231447877
2024-08-14 09:48:47,21050.0,8800,Sell,231448203
2024-08-14 09:48:47,21050.0,1000,Sell,231448204
2024-08-14 09:48:47,21050.0,5200,Sell,231448205
2024-08-14 09:48:49,21100.0,100,Buy,231448242
2024-08-14 09:48:52,21050.0,8900,Sell,231448347
2024-08-14 09:48:52,21050.0,14800,Sell,231448346
2024-08-14 09:48:54,21050.0,100,Sell,231448468
2024-08-14 09:49:07,21100.0,100,Buy,231448768
2024-08-14 09:49:07,21050.0,11000,Sell,231448783
2024-08-14 09:49:11,21050.0,23700,Sell,231448836
2024-08-14 09:49:22,21050.0,3000,Sell,231449212
2024-08-14 09:49:24,21050.0,1000,Sell,231449261
2024-08-14 09:49:24,21050.0,100,Sell,231449262
2024-08-14 09:49:25,21050.0,17000,Sell,231449265
2024-08-14 09:49:26,21050.0,1000,Sell,231449313
2024-08-14 09:49:27,21050.0,10000,Sell,231449321
2024-08-14 09:49:27,21050.0,2000,Sell,231449320
2024-08-14 09:49:30,21050.0,1000,Sell,231449408
2024-08-14 09:49:30,21050.0,3000,Sell,231449400
2024-08-14 09:49:30,21050.0,100,Sell,231449407
2024-08-14 09:49:30,21050.0,3000,Sell,231449406
2024-08-14 09:49:30,21050.0,300,Sell,231449405
2024-08-14 09:49:30,21050.0,700,Sell,231449404
2024-08-14 09:49:30,21050.0,3000,Sell,231449403
2024-08-14 09:49:30,21050.0,2500,Sell,231449402
2024-08-14 09:49:30,21050.0,500,Sell,231449401
2024-08-14 09:49:30,21050.0,100,Sell,231449399
2024-08-14 09:49:30,21050.0,1000,Sell,231449367
2024-08-14 09:49:30,21050.0,400,Sell,231449397
2024-08-14 09:49:30,21050.0,22200,Sell,231449366
2024-08-14 09:49:30,21050.0,300,Sell,231449368
2024-08-14 09:49:30,21050.0,500,Sell,231449369
2024-08-14 09:49:30,21050.0,5000,Sell,231449370
2024-08-14 09:49:30,21050.0,1000,Sell,231449398
2024-08-14 09:49:30,21050.0,100,Sell,231449372
2024-08-14 09:49:30,21050.0,800,Sell,231449373
2024-08-14 09:49:30,21050.0,4200,Sell,231449395
2024-08-14 09:49:30,21050.0,100,Sell,231449396
2024-08-14 09:49:30,21050.0,100,Sell,231449371
2024-08-14 09:49:31,21050.0,100,Sell,231449429
2024-08-14 09:49:31,21050.0,500,Sell,231449428
2024-08-14 09:49:31,21050.0,500,Sell,231449427
2024-08-14 09:49:31,21050.0,500,Sell,231449426
2024-08-14 09:49:31,21050.0,400,Sell,231449425
2024-08-14 09:49:31,21050.0,200,Sell,231449424
2024-08-14 09:49:31,21050.0,2500,Sell,231449423
2024-08-14 09:49:31,21050.0,1000,Sell,231449422
2024-08-14 09:49:31,21050.0,2000,Sell,231449421
2024-08-14 09:49:31,21050.0,700,Sell,231449420
2024-08-14 09:49:31,21050.0,5000,Sell,231449418
2024-08-14 09:49:31,21050.0,100,Sell,231449416
2024-08-14 09:49:31,21050.0,300,Sell,231449415
2024-08-14 09:49:31,21050.0,1000,Sell,231449414
2024-08-14 09:49:31,21050.0,200,Sell,231449413
2024-08-14 09:49:31,21050.0,1000,Sell,231449412
2024-08-14 09:49:31,21050.0,100,Sell,231449411
2024-08-14 09:49:31,21050.0,300,Sell,231449410
2024-08-14 09:49:31,21050.0,1000,Sell,231449409
2024-08-14 09:49:31,21050.0,100,Sell,231449419
2024-08-14 09:49:31,21050.0,100,Sell,231449417
2024-08-14 09:49:40,21050.0,4300,Sell,231449638
2024-08-14 09:49:55,21000.0,100,Sell,231450069
2024-08-14 09:49:55,21050.0,100,Buy,231450088
2024-08-14 09:50:00,21050.0,100,Buy,231450167
2024-08-14 09:50:06,21050.0,1000,Buy,231450294
2024-08-14 09:50:25,21000.0,100,Sell,231450633
2024-08-14 09:50:35,21050.0,100,Buy,231450835
2024-08-14 09:50:42,21050.0,100,Buy,231450944
2024-08-14 09:50:44,21050.0,100,Buy,231450972
2024-08-14 09:50:44,21050.0,100,Buy,231450985
2024-08-14 09:50:45,21050.0,100,Buy,231450994
2024-08-14 09:50:56,21000.0,100,Sell,231451233
2024-08-14 09:51:28,21000.0,100,Sell,231451705
2024-08-14 09:51:30,21000.0,300,Sell,231451745
2024-08-14 09:51:32,21050.0,100,Buy,231451783
2024-08-14 09:51:59,21000.0,100,Sell,231452204
2024-08-14 09:52:07,21050.0,1000,Buy,231452322
2024-08-14 09:52:21,21050.0,100,Buy,231452586
2024-08-14 09:52:29,21000.0,500,Sell,231452717
2024-08-14 09:52:32,21000.0,100,Sell,231452739
2024-08-14 09:52:41,21050.0,100,Buy,231452884
2024-08-14 09:52:43,21050.0,800,Buy,231452918
2024-08-14 09:52:53,21050.0,100,Buy,231453126
2024-08-14 09:52:59,21050.0,400,Buy,231453263
2024-08-14 09:52:59,21050.0,200,Buy,231453260
2024-08-14 09:52:59,21050.0,4000,Buy,231453262
2024-08-14 09:52:59,21050.0,5000,Buy,231453261
2024-08-14 09:52:59,21050.0,15000,Buy,231453259
2024-08-14 09:52:59,21050.0,5000,Buy,231453253
2024-08-14 09:52:59,21050.0,1000,Buy,231453257
2024-08-14 09:52:59,21050.0,10000,Buy,231453256
2024-08-14 09:52:59,21050.0,15000,Buy,231453255
2024-08-14 09:52:59,21050.0,100,Buy,231453254
2024-08-14 09:52:59,21050.0,1800,Buy,231453252
2024-08-14 09:52:59,21050.0,500,Buy,231453258
2024-08-14 09:53:03,21000.0,100,Sell,231453349
2024-08-14 09:53:09,21050.0,100,Buy,231453552
2024-08-14 09:53:31,21050.0,100,Buy,231454096
2024-08-14 09:53:35,21000.0,100,Sell,231454155
2024-08-14 09:53:43,21000.0,1500,Sell,231454369
2024-08-14 09:53:54,21050.0,300,Buy,231454556
2024-08-14 09:53:57,21050.0,1300,Buy,231454617
2024-08-14 09:53:57,21050.0,3400,Buy,231454612
2024-08-14 09:53:57,21050.0,500,Buy,231454610
2024-08-14 09:53:57,21050.0,5000,Buy,231454611
2024-08-14 09:53:57,21050.0,100,Buy,231454609
2024-08-14 09:53:58,21050.0,100,Buy,231454625
2024-08-14 09:53:59,21050.0,200,Buy,231454657
2024-08-14 09:54:06,21000.0,100,Sell,231454749
2024-08-14 09:54:11,21050.0,100,Buy,231454809
2024-08-14 09:54:13,21000.0,100,Sell,231454848
2024-08-14 09:54:33,21050.0,300,Buy,231455166
2024-08-14 09:54:39,21000.0,100,Sell,231455270
2024-08-14 09:54:44,21050.0,100,Buy,231455353
2024-08-14 09:54:46,21050.0,100,Buy,231455380
2024-08-14 09:54:59,21050.0,400,Buy,231455606
2024-08-14 09:54:59,21050.0,100,Buy,231455607
2024-08-14 09:54:59,21050.0,2500,Buy,231455608
2024-08-14 09:55:00,21050.0,200,Buy,231455650
2024-08-14 09:55:01,21050.0,400,Buy,231455662
2024-08-14 09:55:10,21000.0,100,Sell,231455863
2024-08-14 09:55:22,21000.0,3700,Sell,231456095
2024-08-14 09:55:22,21000.0,4300,Sell,231456094
2024-08-14 09:55:22,21000.0,5700,Sell,231456044
2024-08-14 09:55:22,21000.0,10000,Sell,231456043
2024-08-14 09:55:22,21000.0,100,Sell,231456042
2024-08-14 09:55:22,21000.0,200,Sell,231456041
2024-08-14 09:55:22,21000.0,1000,Sell,231456039
2024-08-14 09:55:22,21000.0,200,Sell,231456037
2024-08-14 09:55:22,21000.0,300,Sell,231456036
2024-08-14 09:55:22,21000.0,400,Sell,231456035
2024-08-14 09:55:22,21000.0,200,Sell,231456034
2024-08-14 09:55:22,21000.0,1600,Sell,231456033
2024-08-14 09:55:22,21000.0,2000,Sell,231456040
2024-08-14 09:55:22,21000.0,2000,Sell,231456038
2024-08-14 09:55:34,21000.0,1000,Sell,231456514
2024-08-14 09:55:34,21000.0,2200,Sell,231456520
2024-08-14 09:55:34,21000.0,100,Sell,231456519
2024-08-14 09:55:34,21000.0,100,Sell,231456518
2024-08-14 09:55:34,21000.0,200,Sell,231456517
2024-08-14 09:55:34,21000.0,100,Sell,231456516
2024-08-14 09:55:34,21000.0,1000,Sell,231456515
2024-08-14 09:55:34,21000.0,1000,Sell,231456513
2024-08-14 09:55:34,21000.0,100,Sell,231456511
2024-08-14 09:55:34,21000.0,300,Sell,231456505
2024-08-14 09:55:34,21000.0,500,Sell,231456506
2024-08-14 09:55:34,21000.0,1200,Sell,231456507
2024-08-14 09:55:34,21000.0,500,Sell,231456512
2024-08-14 09:55:34,21000.0,600,Sell,231456509
2024-08-14 09:55:34,21000.0,100,Sell,231456510
2024-08-14 09:55:34,21000.0,1000,Sell,231456508
2024-08-14 09:55:35,21050.0,100,Buy,231456531
2024-08-14 09:55:42,21000.0,100,Sell,231456649
2024-08-14 09:55:47,21050.0,100,Buy,231456737
2024-08-14 09:55:52,21000.0,500,Sell,231456826
2024-08-14 09:56:11,21050.0,10000,Buy,231457181
2024-08-14 09:56:13,21000.0,100,Sell,231457211
2024-08-14 09:56:13,21050.0,1500,Buy,231457213
2024-08-14 09:56:15,21050.0,200,Buy,231457255
2024-08-14 09:56:15,21000.0,2000,Sell,231457256
2024-08-14 09:56:22,21000.0,100,Sell,231457380
2024-08-14 09:56:22,21000.0,100,Sell,231457381
2024-08-14 09:56:23,21050.0,100,Buy,231457414
2024-08-14 09:56:39,21050.0,4900,Buy,231457631
2024-08-14 09:56:39,21050.0,5100,Buy,231457632
2024-08-14 09:56:41,21050.0,1500,Buy,231457683
2024-08-14 09:56:43,21050.0,200,Buy,231457705
2024-08-14 09:56:44,21000.0,100,Sell,231457710
2024-08-14 09:57:12,21050.0,100,Buy,231458299
2024-08-14 09:57:15,21000.0,100,Sell,231458326
2024-08-14 09:57:46,21000.0,100,Sell,231458865
2024-08-14 09:57:47,21000.0,100,Sell,231458883
2024-08-14 09:58:00,21050.0,100,Buy,231459110
2024-08-14 09:58:07,21050.0,1000,Buy,231459199
2024-08-14 09:58:09,21050.0,100,Buy,231459258
2024-08-14 09:58:14,21000.0,100,Sell,231459334
2024-08-14 09:58:19,21000.0,100,Sell,231459448
2024-08-14 09:58:26,21050.0,100,Buy,231459569
2024-08-14 09:58:26,21050.0,1900,Buy,231459568
2024-08-14 09:58:27,21050.0,300,Buy,231459592
2024-08-14 09:58:40,21000.0,200,Sell,231459782
2024-08-14 09:58:49,21050.0,100,Buy,231459949
2024-08-14 09:58:52,21000.0,100,Sell,231460017
2024-08-14 09:59:13,21050.0,100,Buy,231460354
2024-08-14 09:59:23,21000.0,100,Sell,231460530
2024-08-14 09:59:38,21050.0,100,Buy,231460773
2024-08-14 09:59:54,21000.0,100,Sell,231461041
2024-08-14 09:59:59,21050.0,100,Buy,231461100
2024-08-14 09:59:59,21050.0,200,Buy,231461106
2024-08-14 10:00:26,21050.0,100,Buy,231461657
2024-08-14 10:00:27,21000.0,100,Sell,231461664
2024-08-14 10:00:29,21050.0,200,Buy,231461688
2024-08-14 10:00:57,21000.0,100,Sell,231462142
2024-08-14 10:00:59,21000.0,100,Sell,231462196
2024-08-14 10:01:07,21050.0,200,Buy,231462325
2024-08-14 10:01:10,21000.0,800,Sell,231462360
2024-08-14 10:01:15,21050.0,100,Buy,231462461
2024-08-14 10:01:29,21000.0,100,Sell,231462723
2024-08-14 10:01:29,21050.0,11000,Buy,231462720
2024-08-14 10:01:40,21050.0,100,Buy,231462907
2024-08-14 10:01:51,21050.0,1000,Buy,231463131
2024-08-14 10:01:53,21050.0,100,Buy,231463169
2024-08-14 10:01:56,21050.0,1000,Buy,231463210
2024-08-14 10:01:57,21050.0,100,Buy,231463219
2024-08-14 10:02:01,21000.0,100,Sell,231463276
2024-08-14 10:02:04,21050.0,100,Buy,231463305
2024-08-14 10:02:29,21050.0,100,Buy,231463654
2024-08-14 10:02:31,21050.0,1000,Buy,231463702
2024-08-14 10:02:32,21050.0,100,Buy,231463711
2024-08-14 10:02:32,21050.0,1000,Buy,231463712
2024-08-14 10:02:34,21050.0,100,Buy,231463725
2024-08-14 10:02:34,21000.0,100,Sell,231463727
2024-08-14 10:02:52,21050.0,100,Buy,231463964
2024-08-14 10:02:53,21050.0,100,Buy,231463981
2024-08-14 10:02:54,21000.0,4400,Sell,231464032
2024-08-14 10:02:54,21000.0,100,Sell,231464031
2024-08-14 10:02:54,21000.0,100,Sell,231464030
2024-08-14 10:02:54,21000.0,2000,Sell,231464029
2024-08-14 10:02:54,21000.0,1100,Sell,231464028
2024-08-14 10:02:54,21000.0,500,Sell,231464027
2024-08-14 10:02:54,21000.0,100,Sell,231464025
2024-08-14 10:02:54,21000.0,5000,Sell,231464024
2024-08-14 10:02:54,21000.0,5000,Sell,231464023
2024-08-14 10:02:54,21000.0,1000,Sell,231464022
2024-08-14 10:02:54,21000.0,700,Sell,231464010
2024-08-14 10:02:54,21000.0,500,Sell,231464020
2024-08-14 10:02:54,21000.0,1000,Sell,231464021
2024-08-14 10:02:54,21000.0,1000,Sell,231464012
2024-08-14 10:02:54,21000.0,1000,Sell,231464013
2024-08-14 10:02:54,21000.0,300,Sell,231464014
2024-08-14 10:02:54,21000.0,100,Sell,231464015
2024-08-14 10:02:54,21000.0,600,Sell,231464011
2024-08-14 10:02:54,21000.0,400,Sell,231464017
2024-08-14 10:02:54,21000.0,2000,Sell,231464018
2024-08-14 10:02:54,21000.0,1000,Sell,231464019
2024-08-14 10:02:54,21000.0,2000,Sell,231464016
2024-08-14 10:02:54,21000.0,100,Sell,231464026
2024-08-14 10:02:56,21050.0,2500,Buy,231464063
2024-08-14 10:02:56,21050.0,2000,Buy,231464064
2024-08-14 10:02:57,21050.0,600,Buy,231464088
2024-08-14 10:03:04,21000.0,100,Sell,231464182
2024-08-14 10:03:06,21050.0,500,Buy,231464227
2024-08-14 10:03:21,21050.0,200,Buy,231464449
2024-08-14 10:03:32,21050.0,2000,Buy,231464582
2024-08-14 10:03:34,21050.0,300,Buy,231464603
2024-08-14 10:03:37,21000.0,100,Sell,231464639
2024-08-14 10:03:41,21050.0,100,Buy,231464694
2024-08-14 10:03:42,21050.0,100,Buy,231464718
2024-08-14 10:04:08,21000.0,100,Sell,231465176
2024-08-14 10:04:30,21050.0,100,Buy,231465562
2024-08-14 10:04:40,21000.0,100,Sell,231465690
2024-08-14 10:04:48,21050.0,100,Buy,231465812
2024-08-14 10:04:53,21050.0,100,Buy,231465925
2024-08-14 10:05:07,21050.0,300,Buy,231466130
2024-08-14 10:05:12,21000.0,2000,Sell,231466209
2024-08-14 10:05:13,21000.0,100,Sell,231466215
2024-08-14 10:05:14,21050.0,300,Buy,231466259
2024-08-14 10:05:18,21050.0,100,Buy,231466430
2024-08-14 10:05:37,21050.0,300,Buy,231466704
2024-08-14 10:05:37,21050.0,2500,Buy,231466695
2024-08-14 10:05:45,21000.0,100,Sell,231466802
2024-08-14 10:06:08,21000.0,5000,Sell,231467172
2024-08-14 10:06:08,21000.0,5000,Sell,231467171
2024-08-14 10:06:08,21000.0,100,Sell,231467170
2024-08-14 10:06:08,21000.0,5900,Sell,231467169
2024-08-14 10:06:08,21000.0,2000,Sell,231467168
2024-08-14 10:06:08,21000.0,100,Sell,231467167
2024-08-14 10:06:08,21000.0,200,Sell,231467162
2024-08-14 10:06:08,21000.0,500,Sell,231467165
2024-08-14 10:06:08,21000.0,2000,Sell,231467164
2024-08-14 10:06:08,21000.0,100,Sell,231467163
2024-08-14 10:06:08,21000.0,100,Sell,231467173
2024-08-14 10:06:08,21000.0,500,Sell,231467161
2024-08-14 10:06:08,21000.0,100,Sell,231467160
2024-08-14 10:06:08,21000.0,500,Sell,231467166
2024-08-14 10:06:08,21000.0,100,Sell,231467174
2024-08-14 10:06:08,21000.0,2000,Sell,231467180
2024-08-14 10:06:08,21000.0,500,Sell,231467176
2024-08-14 10:06:08,21000.0,900,Sell,231467191
2024-08-14 10:06:08,21000.0,1000,Sell,231467190
2024-08-14 10:06:08,21000.0,1000,Sell,231467189
2024-08-14 10:06:08,21000.0,100,Sell,231467188
2024-08-14 10:06:08,21000.0,100,Sell,231467187
2024-08-14 10:06:08,21000.0,200,Sell,231467186
2024-08-14 10:06:08,21000.0,500,Sell,231467175
2024-08-14 10:06:08,21000.0,200,Sell,231467185
2024-08-14 10:06:08,21000.0,100,Sell,231467183
2024-08-14 10:06:08,21000.0,400,Sell,231467182
2024-08-14 10:06:08,21000.0,700,Sell,231467159
2024-08-14 10:06:08,21000.0,200,Sell,231467179
2024-08-14 10:06:08,21000.0,300,Sell,231467178
2024-08-14 10:06:08,21000.0,100,Sell,231467177
2024-08-14 10:06:08,21000.0,100,Sell,231467184
2024-08-14 10:06:08,21000.0,1000,Sell,231467158
2024-08-14 10:06:08,21000.0,500,Sell,231467181
2024-08-14 10:06:08,21000.0,5000,Sell,231467156
2024-08-14 10:06:08,21000.0,100,Sell,231467137
2024-08-14 10:06:08,21000.0,100,Sell,231467136
2024-08-14 10:06:08,21000.0,100,Sell,231467135
2024-08-14 10:06:08,21000.0,1000,Sell,231467134
2024-08-14 10:06:08,21000.0,100,Sell,231467133
2024-08-14 10:06:08,21000.0,1200,Sell,231467132
2024-08-14 10:06:08,21000.0,200,Sell,231467138
2024-08-14 10:06:08,21000.0,500,Sell,231467131
2024-08-14 10:06:08,21000.0,7000,Sell,231467129
2024-08-14 10:06:08,21000.0,400,Sell,231467128
2024-08-14 10:06:08,21000.0,300,Sell,231467127
2024-08-14 10:06:08,21000.0,93000,Sell,231467125
2024-08-14 10:06:08,21050.0,100,Buy,231467116
2024-08-14 10:06:08,21000.0,3000,Sell,231467157
2024-08-14 10:06:08,21000.0,300,Sell,231467130
2024-08-14 10:06:08,21000.0,1000,Sell,231467139
2024-08-14 10:06:08,21000.0,1000,Sell,231467126
2024-08-14 10:06:08,21000.0,200,Sell,231467141
2024-08-14 10:06:08,21000.0,1000,Sell,231467140
2024-08-14 10:06:08,21000.0,5000,Sell,231467153
2024-08-14 10:06:08,21000.0,100,Sell,231467152
2024-08-14 10:06:08,21000.0,600,Sell,231467151
2024-08-14 10:06:08,21000.0,20000,Sell,231467150
2024-08-14 10:06:08,21000.0,500,Sell,231467149
2024-08-14 10:06:08,21000.0,200,Sell,231467154
2024-08-14 10:06:08,21000.0,100,Sell,231467147
2024-08-14 10:06:08,21000.0,600,Sell,231467142
2024-08-14 10:06:08,21000.0,200,Sell,231467148
2024-08-14 10:06:08,21000.0,2000,Sell,231467143
2024-08-14 10:06:08,21000.0,5000,Sell,231467155
2024-08-14 10:06:08,21000.0,300,Sell,231467144
2024-08-14 10:06:08,21000.0,100,Sell,231467145
2024-08-14 10:06:08,21000.0,100,Sell,231467146
2024-08-14 10:06:09,21000.0,300,Sell,231467268
2024-08-14 10:06:09,21000.0,300,Sell,231467279
2024-08-14 10:06:09,21000.0,100,Sell,231467278
2024-08-14 10:06:09,21000.0,200,Sell,231467277
2024-08-14 10:06:09,21000.0,1000,Sell,231467275
2024-08-14 10:06:09,21000.0,100,Sell,231467274
2024-08-14 10:06:09,21000.0,100,Sell,231467273
2024-08-14 10:06:09,21000.0,500,Sell,231467272
2024-08-14 10:06:09,21000.0,500,Sell,231467271
2024-08-14 10:06:09,21000.0,200,Sell,231467270
2024-08-14 10:06:09,21000.0,2000,Sell,231467269
2024-08-14 10:06:09,21000.0,200,Sell,231467280
2024-08-14 10:06:09,21000.0,100,Sell,231467276
2024-08-14 10:06:09,21000.0,100,Sell,231467261
2024-08-14 10:06:09,21000.0,1500,Sell,231467266
2024-08-14 10:06:09,21000.0,100,Sell,231467265
2024-08-14 10:06:09,21000.0,7000,Sell,231467264
2024-08-14 10:06:09,21000.0,300,Sell,231467263
2024-08-14 10:06:09,21000.0,4700,Sell,231467262
2024-08-14 10:06:09,21000.0,5000,Sell,231467260
2024-08-14 10:06:09,21000.0,1000,Sell,231467259
2024-08-14 10:06:09,21000.0,1000,Sell,231467258
2024-08-14 10:06:09,21000.0,100,Sell,231467257
2024-08-14 10:06:09,21000.0,300,Sell,231467256
2024-08-14 10:06:09,21000.0,200,Sell,231467255
2024-08-14 10:06:09,21000.0,100,Sell,231467281
2024-08-14 10:06:09,21000.0,1100,Sell,231467267
2024-08-14 10:06:09,21000.0,1000,Sell,231467282
2024-08-14 10:06:09,21000.0,500,Sell,231467299
2024-08-14 10:06:09,21000.0,500,Sell,231467284
2024-08-14 10:06:09,21000.0,100,Sell,231467313
2024-08-14 10:06:09,21000.0,100,Sell,231467312
2024-08-14 10:06:09,21000.0,100,Sell,231467311
2024-08-14 10:06:09,21000.0,200,Sell,231467310
2024-08-14 10:06:09,21000.0,500,Sell,231467309
2024-08-14 10:06:09,21000.0,200,Sell,231467308
2024-08-14 10:06:09,21000.0,500,Sell,231467307
2024-08-14 10:06:09,21000.0,300,Sell,231467306
2024-08-14 10:06:09,21000.0,700,Sell,231467305
2024-08-14 10:06:09,21000.0,100,Sell,231467254
2024-08-14 10:06:09,21000.0,100,Sell,231467302
2024-08-14 10:06:09,21000.0,1000,Sell,231467301
2024-08-14 10:06:09,21000.0,2300,Sell,231467300
2024-08-14 10:06:09,21000.0,100,Sell,231467298
2024-08-14 10:06:09,21000.0,400,Sell,231467297
2024-08-14 10:06:09,21000.0,100,Sell,231467296
2024-08-14 10:06:09,21000.0,600,Sell,231467295
2024-08-14 10:06:09,21000.0,1000,Sell,231467294
2024-08-14 10:06:09,21000.0,1600,Sell,231467293
2024-08-14 10:06:09,21000.0,100,Sell,231467292
2024-08-14 10:06:09,21000.0,1200,Sell,231467291
2024-08-14 10:06:09,21000.0,500,Sell,231467290
2024-08-14 10:06:09,21000.0,100,Sell,231467289
2024-08-14 10:06:09,21000.0,5000,Sell,231467288
2024-08-14 10:06:09,21000.0,100,Sell,231467287
2024-08-14 10:06:09,21000.0,200,Sell,231467286
2024-08-14 10:06:09,21000.0,1000,Sell,231467285
2024-08-14 10:06:09,21000.0,2000,Sell,231467283
2024-08-14 10:06:09,21000.0,20000,Sell,231467253
2024-08-14 10:06:09,21000.0,300,Sell,231467304
2024-08-14 10:06:09,21000.0,100,Sell,231467251
2024-08-14 10:06:09,21000.0,500,Sell,231467218
2024-08-14 10:06:09,21000.0,200,Sell,231467217
2024-08-14 10:06:09,21000.0,200,Sell,231467216
2024-08-14 10:06:09,21000.0,500,Sell,231467215
2024-08-14 10:06:09,21000.0,100,Sell,231467214
2024-08-14 10:06:09,21000.0,100,Sell,231467213
2024-08-14 10:06:09,21000.0,100,Sell,231467212
2024-08-14 10:06:09,21000.0,300,Sell,231467211
2024-08-14 10:06:09,21000.0,100,Sell,231467210
2024-08-14 10:06:09,21000.0,2000,Sell,231467209
2024-08-14 10:06:09,21000.0,7500,Sell,231467208
2024-08-14 10:06:09,21000.0,500,Sell,231467207
2024-08-14 10:06:09,21000.0,100,Sell,231467206
2024-08-14 10:06:09,21000.0,100,Sell,231467219
2024-08-14 10:06:09,21000.0,500,Sell,231467205
2024-08-14 10:06:09,21000.0,300,Sell,231467203
2024-08-14 10:06:09,21000.0,500,Sell,231467202
2024-08-14 10:06:09,21000.0,1500,Sell,231467201
2024-08-14 10:06:09,21000.0,10000,Sell,231467200
2024-08-14 10:06:09,21000.0,20000,Sell,231467199
2024-08-14 10:06:09,21000.0,500,Sell,231467198
2024-08-14 10:06:09,21000.0,1000,Sell,231467197
2024-08-14 10:06:09,21000.0,200,Sell,231467196
2024-08-14 10:06:09,21000.0,100,Sell,231467195
2024-08-14 10:06:09,21000.0,200,Sell,231467194
2024-08-14 10:06:09,21000.0,10000,Sell,231467193
2024-08-14 10:06:09,21000.0,800,Sell,231467192
2024-08-14 10:06:09,21000.0,300,Sell,231467252
2024-08-14 10:06:09,21000.0,2000,Sell,231467204
2024-08-14 10:06:09,21000.0,800,Sell,231467220
2024-08-14 10:06:09,21000.0,10000,Sell,231467303
2024-08-14 10:06:09,21000.0,100,Sell,231467222
2024-08-14 10:06:09,21000.0,300,Sell,231467249
2024-08-14 10:06:09,21000.0,200,Sell,231467248
2024-08-14 10:06:09,21000.0,500,Sell,231467247
2024-08-14 10:06:09,21000.0,1000,Sell,231467246
2024-08-14 10:06:09,21000.0,100,Sell,231467245
2024-08-14 10:06:09,21000.0,100,Sell,231467244
2024-08-14 10:06:09,21000.0,100,Sell,231467243
2024-08-14 10:06:09,21000.0,100,Sell,231467242
2024-08-14 10:06:09,21000.0,100,Sell,231467241
2024-08-14 10:06:09,21000.0,500,Sell,231467240
2024-08-14 10:06:09,21000.0,100,Sell,231467221
2024-08-14 10:06:09,21000.0,100,Sell,231467239
2024-08-14 10:06:09,21000.0,500,Sell,231467238
2024-08-14 10:06:09,21000.0,300,Sell,231467237
2024-08-14 10:06:09,21000.0,500,Sell,231467250
2024-08-14 10:06:09,21000.0,300,Sell,231467235
2024-08-14 10:06:09,21000.0,1000,Sell,231467223
2024-08-14 10:06:09,21000.0,200,Sell,231467224
2024-08-14 10:06:09,21000.0,2000,Sell,231467225
2024-08-14 10:06:09,21000.0,100,Sell,231467226
2024-08-14 10:06:09,21000.0,10000,Sell,231467227
2024-08-14 10:06:09,21000.0,4000,Sell,231467228
2024-08-14 10:06:09,21000.0,400,Sell,231467236
2024-08-14 10:06:09,21000.0,100,Sell,231467230
2024-08-14 10:06:09,21000.0,100,Sell,231467234
2024-08-14 10:06:09,21000.0,300,Sell,231467233
2024-08-14 10:06:09,21000.0,200,Sell,231467229
2024-08-14 10:06:09,21000.0,100,Sell,231467231
2024-08-14 10:06:09,21000.0,100,Sell,231467232
2024-08-14 10:06:10,21000.0,28100,Buy,231467330
2024-08-14 10:06:10,21050.0,14000,Buy,231467331
2024-08-14 10:06:10,21050.0,500,Buy,231467332
2024-08-14 10:06:10,21050.0,100,Buy,231467333
2024-08-14 10:06:10,21050.0,300,Buy,231467334
2024-08-14 10:06:10,21050.0,9100,Buy,231467335
2024-08-14 10:06:12,21050.0,5000,Buy,231467366
2024-08-14 10:06:12,21050.0,400,Buy,231467365
2024-08-14 10:06:12,21050.0,900,Buy,231467362
2024-08-14 10:06:12,21050.0,100,Buy,231467364
2024-08-14 10:06:12,21050.0,1400,Buy,231467363
2024-08-14 10:06:14,21050.0,1000,Buy,231467396
2024-08-14 10:06:14,21050.0,100,Buy,231467397
2024-08-14 10:06:16,21000.0,100,Sell,231467428
2024-08-14 10:06:16,21050.0,100,Buy,231467429
2024-08-14 10:06:24,21000.0,100,Sell,231467565
2024-08-14 10:06:24,21000.0,200,Sell,231467566
2024-08-14 10:06:36,21000.0,10000,Buy,231467752
2024-08-14 10:06:36,21000.0,19700,Buy,231467751
2024-08-14 10:06:38,21050.0,4400,Buy,231467784
2024-08-14 10:06:40,21050.0,600,Buy,231467834
2024-08-14 10:06:43,21000.0,4300,Sell,231467893
2024-08-14 10:06:43,21000.0,100,Sell,231467894
2024-08-14 10:06:46,21000.0,600,Buy,231467930
2024-08-14 10:06:46,20950.0,100,Sell,231467943
2024-08-14 10:06:50,21000.0,300,Buy,231468006
2024-08-14 10:06:52,21000.0,500,Buy,231468037
2024-08-14 10:06:54,21000.0,500,Buy,231468059
2024-08-14 10:06:56,21000.0,100,Buy,231468090
2024-08-14 10:06:57,21000.0,100,Buy,231468108
2024-08-14 10:06:57,21000.0,3500,Buy,231468114
2024-08-14 10:06:57,21000.0,300,Buy,231468115
2024-08-14 10:06:57,21000.0,1200,Buy,231468116
2024-08-14 10:06:58,21000.0,700,Buy,231468171
2024-08-14 10:07:00,21000.0,100,Buy,231468364
2024-08-14 10:07:00,21000.0,1000,Buy,231468384
2024-08-14 10:07:02,21000.0,100,Buy,231468401
2024-08-14 10:07:02,21000.0,1000,Buy,231468418
2024-08-14 10:07:04,21000.0,100,Buy,231468470
2024-08-14 10:07:17,20950.0,100,Sell,231468687
2024-08-14 10:07:32,21000.0,3000,Buy,231468861
2024-08-14 10:07:34,21000.0,400,Buy,231468901
2024-08-14 10:07:42,21000.0,5000,Buy,231469107
2024-08-14 10:07:44,21000.0,700,Buy,231469124
2024-08-14 10:07:45,21000.0,100,Buy,231469145
2024-08-14 10:07:46,21000.0,100,Buy,231469157
2024-08-14 10:07:50,20950.0,100,Sell,231469205
2024-08-14 10:08:01,21000.0,2000,Buy,231469378
2024-08-14 10:08:04,21000.0,300,Buy,231469413
2024-08-14 10:08:16,21000.0,300,Buy,231469587
2024-08-14 10:08:20,21000.0,2000,Buy,231469656
2024-08-14 10:08:22,21000.0,300,Buy,231469679
2024-08-14 10:08:22,20950.0,100,Sell,231469716
2024-08-14 10:08:24,20950.0,2300,Sell,231469741
2024-08-14 10:08:25,21000.0,300,Buy,231469757
2024-08-14 10:08:26,20950.0,2000,Sell,231469761
2024-08-14 10:08:28,21000.0,300,Buy,231469769
2024-08-14 10:08:34,21000.0,100,Buy,231469811
2024-08-14 10:08:45,21000.0,1100,Buy,231469939
2024-08-14 10:08:45,21000.0,900,Buy,231469935
2024-08-14 10:08:46,21000.0,300,Buy,231469954
2024-08-14 10:08:54,20950.0,100,Sell,231470084
2024-08-14 10:08:55,21000.0,100,Buy,231470086
2024-08-14 10:09:19,21000.0,100,Buy,231470413
2024-08-14 10:09:22,21000.0,100,Buy,231470447
2024-08-14 10:09:25,20950.0,100,Sell,231470498
2024-08-14 10:09:27,21000.0,200,Buy,231470525
2024-08-14 10:09:47,20950.0,2300,Sell,231470897
2024-08-14 10:09:48,21000.0,300,Buy,231470901
2024-08-14 10:09:57,20950.0,100,Sell,231471083
2024-08-14 10:10:11,21000.0,100,Buy,231471348
2024-08-14 10:10:14,21000.0,10000,Buy,231471491
2024-08-14 10:10:16,21000.0,1500,Buy,231471510
2024-08-14 10:10:18,21000.0,200,Buy,231471537
2024-08-14 10:10:28,20950.0,100,Sell,231471718
2024-08-14 10:10:34,21000.0,200,Buy,231471799
2024-08-14 10:10:52,21000.0,600,Buy,231472146
2024-08-14 10:10:59,20950.0,100,Sell,231472228
2024-08-14 10:11:00,21000.0,100,Buy,231472231
2024-08-14 10:11:19,21000.0,5100,Buy,231472513
2024-08-14 10:11:19,21000.0,3500,Buy,231472514
2024-08-14 10:11:20,21000.0,700,Buy,231472530
2024-08-14 10:11:21,21000.0,1000,Buy,231472555
2024-08-14 10:11:21,21000.0,1100,Buy,231472559
2024-08-14 10:11:22,21000.0,900,Buy,231472566
2024-08-14 10:11:24,21000.0,100,Buy,231472600
2024-08-14 10:11:26,21000.0,300,Buy,231472649
2024-08-14 10:11:28,21000.0,100,Buy,231472672
2024-08-14 10:11:31,20950.0,100,Sell,231472700
2024-08-14 10:11:47,20950.0,400,Sell,231472972
2024-08-14 10:11:49,21000.0,100,Buy,231472995
2024-08-14 10:11:52,20950.0,900,Sell,231473032
2024-08-14 10:11:52,20950.0,100,Sell,231473031
2024-08-14 10:11:52,20950.0,2000,Sell,231473030
2024-08-14 10:11:54,21000.0,400,Buy,231473080
2024-08-14 10:12:01,21000.0,1500,Buy,231473189
2024-08-14 10:12:03,20950.0,100,Sell,231473235
2024-08-14 10:12:04,21000.0,200,Buy,231473238
2024-08-14 10:12:22,20950.0,500,Sell,231473508
2024-08-14 10:12:23,21000.0,5000,Buy,231473532
2024-08-14 10:12:26,21000.0,100,Buy,231473570
2024-08-14 10:12:26,21000.0,600,Buy,231473571
2024-08-14 10:12:27,21000.0,100,Buy,231473621
2024-08-14 10:12:34,20950.0,100,Sell,231473692
2024-08-14 10:12:38,21000.0,100,Buy,231473751
2024-08-14 10:12:59,21000.0,2000,Buy,231474126
2024-08-14 10:13:00,21000.0,300,Buy,231474128
2024-08-14 10:13:04,21000.0,200,Buy,231474198
2024-08-14 10:13:06,20950.0,100,Sell,231474232
2024-08-14 10:13:07,21000.0,100,Buy,231474249
2024-08-14 10:13:16,20950.0,100,Sell,231474386
2024-08-14 10:13:24,21000.0,200,Buy,231474501
2024-08-14 10:13:27,21000.0,100,Buy,231474526
2024-08-14 10:13:37,20950.0,100,Sell,231474636
2024-08-14 10:13:51,21000.0,1000,Buy,231474794
2024-08-14 10:13:52,21000.0,100,Buy,231474810
2024-08-14 10:14:02,21000.0,1000,Buy,231474942
2024-08-14 10:14:04,21000.0,100,Buy,231474964
2024-08-14 10:14:10,20950.0,100,Sell,231475174
2024-08-14 10:14:13,21000.0,100,Buy,231475225
2024-08-14 10:14:16,21000.0,100,Buy,231475264
2024-08-14 10:14:24,21000.0,500,Buy,231475367
2024-08-14 10:14:38,21000.0,100,Buy,231475578
2024-08-14 10:14:42,20950.0,100,Sell,231475640
2024-08-14 10:14:44,21000.0,100,Buy,231475662
2024-08-14 10:15:02,21000.0,1500,Buy,231475968
2024-08-14 10:15:04,21000.0,200,Buy,231475991
2024-08-14 10:15:04,21000.0,1000,Buy,231475992
2024-08-14 10:15:04,21000.0,100,Buy,231476019
2024-08-14 10:15:05,21000.0,100,Buy,231476029
2024-08-14 10:15:06,21000.0,100,Buy,231476031
2024-08-14 10:15:11,21000.0,100,Buy,231476129
2024-08-14 10:15:12,20950.0,100,Sell,231476136
2024-08-14 10:15:15,20950.0,5000,Sell,231476179
2024-08-14 10:15:16,21000.0,100,Buy,231476194
2024-08-14 10:15:16,21000.0,600,Buy,231476195
2024-08-14 10:15:18,21000.0,100,Buy,231476217
2024-08-14 10:15:36,21000.0,1000,Buy,231476505
2024-08-14 10:15:38,21000.0,100,Buy,231476533
2024-08-14 10:15:44,20950.0,100,Sell,231476637
2024-08-14 10:15:47,21000.0,100,Buy,231476700
2024-08-14 10:15:54,21000.0,100,Buy,231476799
2024-08-14 10:15:55,21000.0,9000,Buy,231476827
2024-08-14 10:15:57,21000.0,500,Buy,231476848
2024-08-14 10:15:58,21000.0,1400,Buy,231476856
2024-08-14 10:16:00,21000.0,200,Buy,231476880
2024-08-14 10:16:05,21000.0,200,Buy,231476934
2024-08-14 10:16:10,21000.0,100,Buy,231477007
2024-08-14 10:16:15,20950.0,100,Sell,231477070
2024-08-14 10:16:42,21000.0,100,Buy,231477554
2024-08-14 10:16:45,20950.0,100,Sell,231477620
2024-08-14 10:16:56,21000.0,100,Buy,231477783
2024-08-14 10:16:58,20950.0,900,Sell,231477807
2024-08-14 10:17:00,21000.0,100,Buy,231477840
2024-08-14 10:17:10,21000.0,1500,Buy,231477977
2024-08-14 10:17:12,21000.0,200,Buy,231477988
2024-08-14 10:17:15,21000.0,100,Buy,231478019
2024-08-14 10:17:17,20950.0,100,Sell,231478044
2024-08-14 10:17:19,21000.0,100,Buy,231478054
2024-08-14 10:17:31,21000.0,100,Buy,231478246
2024-08-14 10:17:35,21000.0,100,Buy,231478297
2024-08-14 10:17:50,20950.0,100,Sell,231478562
2024-08-14 10:17:51,21000.0,500,Buy,231478573
2024-08-14 10:17:53,21000.0,9000,Buy,231478601
2024-08-14 10:17:54,21000.0,800,Buy,231478617
2024-08-14 10:17:55,21000.0,100,Buy,231478624
2024-08-14 10:17:56,21000.0,1300,Buy,231478649
2024-08-14 10:17:56,21000.0,100,Buy,231478656
2024-08-14 10:17:56,21000.0,2000,Buy,231478657
2024-08-14 10:17:58,21000.0,500,Buy,231478679
2024-08-14 10:18:01,21000.0,200,Buy,231478738
2024-08-14 10:18:11,21000.0,100,Buy,231478889
2024-08-14 10:18:21,20950.0,100,Sell,231479077
2024-08-14 10:18:21,21000.0,100,Buy,231479070
2024-08-14 10:18:21,21000.0,4500,Buy,231479084
2024-08-14 10:18:24,21000.0,600,Buy,231479114
2024-08-14 10:18:26,21000.0,500,Buy,231479154
2024-08-14 10:18:32,21000.0,500,Buy,231479282
2024-08-14 10:18:39,21000.0,2000,Buy,231479403
2024-08-14 10:18:40,21000.0,300,Buy,231479413
2024-08-14 10:18:44,21000.0,1000,Buy,231479447
2024-08-14 10:18:46,21000.0,100,Buy,231479473
2024-08-14 10:18:47,21000.0,3000,Buy,231479493
2024-08-14 10:18:48,20950.0,100,Sell,231479504
2024-08-14 10:18:50,21000.0,400,Buy,231479522
2024-08-14 10:18:52,20950.0,100,Sell,231479593
2024-08-14 10:18:54,21000.0,800,Buy,231479616
2024-08-14 10:18:56,21000.0,100,Buy,231479654
2024-08-14 10:19:03,21000.0,1000,Buy,231479729
2024-08-14 10:19:04,21000.0,100,Buy,231479739
2024-08-14 10:19:09,21000.0,100,Buy,231479839
2024-08-14 10:19:15,21000.0,600,Buy,231479976
2024-08-14 10:19:22,20950.0,100,Sell,231480067
2024-08-14 10:19:32,21000.0,2000,Buy,231480226
2024-08-14 10:19:33,21000.0,300,Buy,231480230
2024-08-14 10:19:42,21000.0,3000,Buy,231480348
2024-08-14 10:19:44,21000.0,400,Buy,231480404
2024-08-14 10:19:53,20950.0,100,Sell,231480505
2024-08-14 10:19:58,21000.0,2000,Buy,231480588
2024-08-14 10:19:59,21000.0,100,Buy,231480591
2024-08-14 10:20:00,21000.0,300,Buy,231480605
2024-08-14 10:20:08,20950.0,900,Sell,231480778
2024-08-14 10:20:08,20950.0,6400,Sell,231480786
2024-08-14 10:20:08,20950.0,200,Sell,231480780
2024-08-14 10:20:08,20950.0,100,Sell,231480781
2024-08-14 10:20:08,20950.0,100,Sell,231480782
2024-08-14 10:20:08,20950.0,100,Sell,231480783
2024-08-14 10:20:08,20950.0,2000,Sell,231480784
2024-08-14 10:20:08,20950.0,100,Sell,231480785
2024-08-14 10:20:08,20950.0,100,Sell,231480779
2024-08-14 10:20:10,21000.0,700,Buy,231480829
2024-08-14 10:20:10,21000.0,800,Buy,231480828
2024-08-14 10:20:12,21000.0,200,Buy,231480845
2024-08-14 10:20:24,20950.0,100,Sell,231481022
2024-08-14 10:20:25,21000.0,100,Buy,231481039
2024-08-14 10:20:38,21000.0,900,Buy,231481276
2024-08-14 10:20:40,21000.0,100,Buy,231481305
2024-08-14 10:20:43,21000.0,1000,Buy,231481421
2024-08-14 10:20:44,21000.0,100,Buy,231481429
2024-08-14 10:20:48,21000.0,100,Buy,231481483
2024-08-14 10:20:51,21000.0,200,Buy,231481580
2024-08-14 10:20:55,20950.0,100,Sell,231481646
2024-08-14 10:21:13,21000.0,1000,Buy,231481866
2024-08-14 10:21:14,21000.0,100,Buy,231481882
2024-08-14 10:21:16,21000.0,2400,Buy,231481923
2024-08-14 10:21:17,21000.0,300,Buy,231481950
2024-08-14 10:21:20,21000.0,200,Buy,231481975
2024-08-14 10:21:26,20950.0,200,Sell,231482064
2024-08-14 10:21:27,20950.0,100,Sell,231482078
2024-08-14 10:21:28,21000.0,200,Buy,231482093
2024-08-14 10:21:37,21000.0,100,Buy,231482233
2024-08-14 10:21:39,21000.0,800,Buy,231482305
2024-08-14 10:21:39,21000.0,2300,Buy,231482304
2024-08-14 10:21:41,21000.0,300,Buy,231482331
2024-08-14 10:21:42,21000.0,400,Buy,231482335
2024-08-14 10:21:43,21000.0,100,Buy,231482357
2024-08-14 10:21:58,20950.0,100,Sell,231482558
2024-08-14 10:22:00,21000.0,500,Buy,231482579
2024-08-14 10:22:01,21000.0,2000,Buy,231482613
2024-08-14 10:22:04,21000.0,600,Buy,231482657
2024-08-14 10:22:04,21000.0,300,Buy,231482645
2024-08-14 10:22:04,21000.0,300,Buy,231482658
2024-08-14 10:22:06,21000.0,100,Buy,231482671
2024-08-14 10:22:26,21000.0,100,Buy,231482898
2024-08-14 10:22:27,21000.0,500,Buy,231482923
2024-08-14 10:22:27,21000.0,2500,Buy,231482924
2024-08-14 10:22:28,21000.0,400,Buy,231482936
2024-08-14 10:22:32,21000.0,100,Buy,231482988
2024-08-14 10:22:32,21000.0,400,Buy,231482989
2024-08-14 10:22:33,20950.0,100,Sell,231483014
2024-08-14 10:22:52,20950.0,10000,Sell,231483279
2024-08-14 10:22:54,21000.0,1500,Buy,231483291
2024-08-14 10:22:56,21000.0,200,Buy,231483317
2024-08-14 10:23:02,20950.0,100,Sell,231483372
2024-08-14 10:23:09,20950.0,400,Sell,231483577
2024-08-14 10:23:13,20950.0,100,Sell,231483647
2024-08-14 10:23:15,21000.0,100,Buy,231483667
2024-08-14 10:23:27,21000.0,300,Buy,231483830
2024-08-14 10:23:30,21000.0,200,Buy,231483877
2024-08-14 10:23:32,20950.0,100,Sell,231483919
2024-08-14 10:23:35,21000.0,1400,Buy,231483966
2024-08-14 10:23:36,21000.0,200,Buy,231483974
2024-08-14 10:23:59,21000.0,12000,Buy,231484314
2024-08-14 10:24:00,21000.0,2000,Buy,231484330
2024-08-14 10:24:02,21000.0,2100,Buy,231484345
2024-08-14 10:24:04,21000.0,300,Buy,231484371
2024-08-14 10:24:04,21000.0,100,Buy,231484373
2024-08-14 10:24:04,20950.0,100,Sell,231484376
2024-08-14 10:24:14,20950.0,900,Sell,231484484
2024-08-14 10:24:16,21000.0,100,Buy,231484502
2024-08-14 10:24:20,21000.0,1000,Buy,231484540
2024-08-14 10:24:22,21000.0,100,Buy,231484565
2024-08-14 10:24:37,20950.0,100,Sell,231484738
2024-08-14 10:24:38,21000.0,200,Buy,231484755
2024-08-14 10:24:40,21000.0,5000,Buy,231484791
2024-08-14 10:24:42,21000.0,700,Buy,231484816
2024-08-14 10:24:44,21000.0,100,Buy,231484849
2024-08-14 10:24:50,21000.0,300,Buy,231484943
2024-08-14 10:24:50,20950.0,500,Sell,231484944
2024-08-14 10:24:51,21000.0,100,Buy,231484963
2024-08-14 10:24:52,21000.0,100,Buy,231484982
2024-08-14 10:24:54,21000.0,100,Buy,231485004
2024-08-14 10:25:08,20950.0,100,Sell,231485201
2024-08-14 10:25:28,21000.0,300,Buy,231485392
2024-08-14 10:25:32,21000.0,100,Buy,231485464
2024-08-14 10:25:38,20950.0,100,Sell,231485537
2024-08-14 10:25:39,20950.0,100,Sell,231485539
2024-08-14 10:25:42,21000.0,100,Buy,231485567
2024-08-14 10:25:56,21000.0,100,Buy,231485852
2024-08-14 10:26:01,21000.0,1400,Buy,231485934
2024-08-14 10:26:01,21000.0,1500,Buy,231485946
2024-08-14 10:26:02,21000.0,100,Buy,231485959
2024-08-14 10:26:02,21000.0,200,Buy,231485960
2024-08-14 10:26:04,21000.0,200,Buy,231486003
2024-08-14 10:26:09,20950.0,100,Sell,231486098
2024-08-14 10:26:15,21000.0,100,Buy,231486198
2024-08-14 10:26:23,21000.0,1000,Buy,231486302
2024-08-14 10:26:26,21000.0,100,Buy,231486354
2024-08-14 10:26:30,21000.0,1000,Buy,231486449
2024-08-14 10:26:32,21000.0,100,Buy,231486490
2024-08-14 10:26:32,21000.0,100,Buy,231486491
2024-08-14 10:26:41,20950.0,100,Sell,231486631
2024-08-14 10:26:46,21000.0,500,Buy,231486698
2024-08-14 10:26:47,21000.0,400,Buy,231486706
2024-08-14 10:26:48,21000.0,200,Buy,231486720
2024-08-14 10:26:49,20950.0,100,Sell,231486732
2024-08-14 10:26:49,20950.0,100,Sell,231486733
2024-08-14 10:26:49,20950.0,100,Sell,231486734
2024-08-14 10:26:49,20950.0,500,Sell,231486735
2024-08-14 10:26:49,20950.0,200,Sell,231486736
2024-08-14 10:26:52,21000.0,100,Buy,231486760
2024-08-14 10:26:57,21000.0,1500,Buy,231486852
2024-08-14 10:27:00,21000.0,200,Buy,231486896
2024-08-14 10:27:02,21000.0,400,Buy,231486937
2024-08-14 10:27:02,20950.0,500,Sell,231486941
2024-08-14 10:27:04,21000.0,100,Buy,231486964
2024-08-14 10:27:12,20950.0,100,Sell,231487074
2024-08-14 10:27:17,20950.0,2200,Sell,231487228
2024-08-14 10:27:17,20950.0,500,Sell,231487229
2024-08-14 10:27:17,20950.0,100,Sell,231487230
2024-08-14 10:27:17,20950.0,500,Sell,231487231
2024-08-14 10:27:17,20950.0,1000,Sell,231487232
2024-08-14 10:27:18,21000.0,600,Buy,231487251
2024-08-14 10:27:21,21000.0,100,Buy,231487278
2024-08-14 10:27:45,20950.0,100,Sell,231487534
2024-08-14 10:27:47,21000.0,100,Buy,231487548
2024-08-14 10:27:52,21000.0,400,Buy,231487623
2024-08-14 10:27:55,20950.0,100,Sell,231487664
2024-08-14 10:27:55,20950.0,900,Sell,231487663
2024-08-14 10:27:58,21000.0,100,Buy,231487684
2024-08-14 10:28:02,21000.0,2500,Buy,231487727
2024-08-14 10:28:03,20950.0,100,Sell,231487730
2024-08-14 10:28:03,20950.0,300,Sell,231487735
2024-08-14 10:28:03,20950.0,100,Sell,231487734
2024-08-14 10:28:03,20950.0,200,Sell,231487729
2024-08-14 10:28:03,20950.0,100,Sell,231487732
2024-08-14 10:28:03,20950.0,5000,Sell,231487731
2024-08-14 10:28:03,20950.0,200,Sell,231487733
2024-08-14 10:28:04,21000.0,1200,Buy,231487747
2024-08-14 10:28:06,21000.0,100,Buy,231487758
2024-08-14 10:28:07,21000.0,100,Buy,231487776
2024-08-14 10:28:10,21000.0,100,Buy,231487821
2024-08-14 10:28:18,20950.0,100,Sell,231487952
2024-08-14 10:28:25,21000.0,100,Buy,231488049
2024-08-14 10:28:27,21000.0,100,Buy,231488069
2024-08-14 10:28:27,21000.0,1000,Buy,231488071
2024-08-14 10:28:30,21000.0,100,Buy,231488087
2024-08-14 10:28:31,21000.0,400,Buy,231488100
2024-08-14 10:28:39,21000.0,100,Buy,231488193
2024-08-14 10:28:50,20950.0,100,Sell,231488449
2024-08-14 10:28:59,21000.0,100,Buy,231488593
2024-08-14 10:29:07,20950.0,200,Sell,231488671
2024-08-14 10:29:22,20950.0,100,Sell,231488813
2024-08-14 10:29:30,20950.0,1700,Sell,231488947
2024-08-14 10:29:30,20950.0,100,Sell,231488946
2024-08-14 10:29:30,20950.0,200,Sell,231488945
2024-08-14 10:29:32,21000.0,300,Buy,231488976
2024-08-14 10:29:49,21000.0,100,Buy,231489163
2024-08-14 10:29:53,20950.0,100,Sell,231489205
2024-08-14 10:29:58,20950.0,100,Sell,231489252
2024-08-14 10:30:03,21000.0,1500,Buy,231489301
2024-08-14 10:30:05,21000.0,200,Buy,231489328
2024-08-14 10:30:08,21000.0,2000,Buy,231489350
2024-08-14 10:30:10,21000.0,300,Buy,231489377
2024-08-14 10:30:20,20950.0,200,Sell,231489486
2024-08-14 10:30:20,20950.0,100,Sell,231489485
2024-08-14 10:30:20,20950.0,1000,Sell,231489484
2024-08-14 10:30:20,20950.0,200,Sell,231489483
2024-08-14 10:30:20,20950.0,1000,Sell,231489481
2024-08-14 10:30:20,20950.0,200,Sell,231489479
2024-08-14 10:30:20,20950.0,1100,Sell,231489478
2024-08-14 10:30:20,20950.0,1000,Sell,231489482
2024-08-14 10:30:20,20950.0,200,Sell,231489480
2024-08-14 10:30:22,21000.0,700,Buy,231489499
2024-08-14 10:30:24,21000.0,100,Buy,231489514
2024-08-14 10:30:25,20950.0,100,Sell,231489531
2024-08-14 10:30:38,21000.0,100,Buy,231489700
2024-08-14 10:30:42,21000.0,100,Buy,231489718
2024-08-14 10:30:52,20950.0,3000,Sell,231489846
2024-08-14 10:30:52,20950.0,6200,Sell,231489848
2024-08-14 10:30:52,20950.0,700,Sell,231489845
2024-08-14 10:30:52,20950.0,100,Sell,231489847
2024-08-14 10:30:54,21000.0,1500,Buy,231489863
2024-08-14 10:30:55,21000.0,100,Buy,231489873
2024-08-14 10:30:56,21000.0,200,Buy,231489881
2024-08-14 10:30:57,20950.0,100,Sell,231489886
2024-08-14 10:31:11,21000.0,100,Buy,231490145
2024-08-14 10:31:27,21000.0,100,Buy,231490386
2024-08-14 10:31:28,20950.0,100,Sell,231490392
2024-08-14 10:31:40,21000.0,1000,Buy,231490615
2024-08-14 10:31:42,21000.0,100,Buy,231490627
2024-08-14 10:32:00,20950.0,100,Sell,231490984
2024-08-14 10:32:16,21000.0,100,Buy,231491117
2024-08-14 10:32:18,20950.0,1000,Sell,231491138
2024-08-14 10:32:20,21000.0,100,Buy,231491173
2024-08-14 10:32:20,21000.0,300,Buy,231491176
2024-08-14 10:32:21,21000.0,3000,Buy,231491182
2024-08-14 10:32:24,21000.0,400,Buy,231491218
2024-08-14 10:32:26,20950.0,200,Sell,231491241
2024-08-14 10:32:30,20950.0,100,Sell,231491290
2024-08-14 10:32:54,21000.0,14000,Buy,231491609
2024-08-14 10:32:54,21000.0,36000,Buy,231491608
2024-08-14 10:32:56,21000.0,3000,Buy,231491618
2024-08-14 10:32:56,21000.0,4500,Buy,231491619
2024-08-14 10:32:58,21000.0,1100,Buy,231491639
2024-08-14 10:33:00,21000.0,100,Buy,231491669
2024-08-14 10:33:00,20950.0,100,Sell,231491686
2024-08-14 10:33:02,20950.0,100,Sell,231491726
2024-08-14 10:33:06,21000.0,100,Buy,231491754
2024-08-14 10:33:07,21000.0,200,Buy,231491758
2024-08-14 10:33:07,21000.0,400,Buy,231491759
2024-08-14 10:33:08,21000.0,100,Buy,231491773
2024-08-14 10:33:13,21000.0,1000,Buy,231491812
2024-08-14 10:33:16,21000.0,100,Buy,231491830
2024-08-14 10:33:30,20950.0,100,Sell,231491993
2024-08-14 10:33:52,20950.0,2000,Sell,231492256
2024-08-14 10:33:54,21000.0,300,Buy,231492263
2024-08-14 10:33:55,21000.0,100,Buy,231492285
2024-08-14 10:34:03,20950.0,100,Sell,231492377
2024-08-14 10:34:05,21000.0,500,Buy,231492394
2024-08-14 10:34:05,21000.0,2000,Buy,231492398
2024-08-14 10:34:08,21000.0,300,Buy,231492415
2024-08-14 10:34:17,20950.0,100,Sell,231492536
2024-08-14 10:34:17,20950.0,300,Sell,231492535
2024-08-14 10:34:17,20950.0,500,Sell,231492534
2024-08-14 10:34:17,20950.0,500,Sell,231492531
2024-08-14 10:34:17,20950.0,100,Sell,231492532
2024-08-14 10:34:17,20950.0,1000,Sell,231492533
2024-08-14 10:34:17,20950.0,1000,Sell,231492530
2024-08-14 10:34:17,20950.0,6500,Sell,231492529
2024-08-14 10:34:18,21000.0,1500,Buy,231492541
2024-08-14 10:34:20,21000.0,200,Buy,231492561
2024-08-14 10:34:29,21000.0,2000,Buy,231492659
2024-08-14 10:34:30,21000.0,300,Buy,231492669
2024-08-14 10:34:31,21000.0,500,Buy,231492686
2024-08-14 10:34:32,21000.0,100,Buy,231492721
2024-08-14 10:34:34,20950.0,100,Sell,231492742
2024-08-14 10:34:35,20950.0,100,Sell,231492750
2024-08-14 10:34:42,20950.0,200,Sell,231492827
2024-08-14 10:34:42,20950.0,100,Sell,231492828
2024-08-14 10:34:45,21000.0,100,Buy,231492870
2024-08-14 10:34:56,21000.0,1000,Buy,231493072
2024-08-14 10:34:58,21000.0,100,Buy,231493085
2024-08-14 10:35:00,21000.0,100,Buy,231493125
2024-08-14 10:35:04,20950.0,100,Sell,231493170
2024-08-14 10:35:34,21000.0,100,Buy,231493612
2024-08-14 10:35:37,20950.0,100,Sell,231493644
2024-08-14 10:36:09,20950.0,100,Sell,231493999
2024-08-14 10:36:13,20950.0,1200,Sell,231494073
2024-08-14 10:36:16,21000.0,100,Buy,231494104
2024-08-14 10:36:24,21000.0,100,Buy,231494214
2024-08-14 10:36:25,21000.0,1000,Buy,231494242
2024-08-14 10:36:26,21000.0,100,Buy,231494258
2024-08-14 10:36:40,20950.0,100,Sell,231494566
2024-08-14 10:36:54,21000.0,7900,Buy,231494723
2024-08-14 10:36:54,21000.0,500,Buy,231494724
2024-08-14 10:36:54,21000.0,3400,Buy,231494725
2024-08-14 10:36:55,20950.0,2000,Sell,231494732
2024-08-14 10:36:56,21000.0,100,Buy,231494746
2024-08-14 10:36:56,21000.0,200,Buy,231494747
2024-08-14 10:36:56,21000.0,100,Buy,231494748
2024-08-14 10:36:56,21000.0,1600,Buy,231494745
2024-08-14 10:36:58,21000.0,300,Buy,231494783
2024-08-14 10:37:02,21000.0,600,Buy,231494862
2024-08-14 10:37:02,21000.0,100,Buy,231494863
2024-08-14 10:37:02,21000.0,300,Buy,231494864
2024-08-14 10:37:02,21000.0,200,Buy,231494865
2024-08-14 10:37:02,21000.0,100,Buy,231494866
2024-08-14 10:37:02,21000.0,200,Buy,231494867
2024-08-14 10:37:02,21000.0,500,Buy,231494868
2024-08-14 10:37:02,21000.0,400,Buy,231494869
2024-08-14 10:37:04,21000.0,300,Buy,231494897
2024-08-14 10:37:05,20950.0,5000,Sell,231494942
2024-08-14 10:37:05,20950.0,100,Sell,231494933
2024-08-14 10:37:05,20950.0,1000,Sell,231494941
2024-08-14 10:37:05,20950.0,500,Sell,231494940
2024-08-14 10:37:05,20950.0,200,Sell,231494939
2024-08-14 10:37:05,20950.0,1000,Sell,231494938
2024-08-14 10:37:05,20950.0,200,Sell,231494937
2024-08-14 10:37:05,20950.0,5000,Sell,231494936
2024-08-14 10:37:05,20950.0,100,Sell,231494935
2024-08-14 10:37:05,20950.0,100,Sell,231494934
2024-08-14 10:37:05,20950.0,11300,Sell,231494943
2024-08-14 10:37:05,20950.0,200,Sell,231494932
2024-08-14 10:37:05,20950.0,500,Sell,231494921
2024-08-14 10:37:05,20950.0,1000,Sell,231494930
2024-08-14 10:37:05,20950.0,5000,Sell,231494931
2024-08-14 10:37:05,20950.0,1600,Sell,231494919
2024-08-14 10:37:05,20950.0,100,Sell,231494922
2024-08-14 10:37:05,20950.0,100,Sell,231494923
2024-08-14 10:37:05,20950.0,200,Sell,231494924
2024-08-14 10:37:05,20950.0,100,Sell,231494920
2024-08-14 10:37:05,20950.0,5000,Sell,231494926
2024-08-14 10:37:05,20950.0,100,Sell,231494927
2024-08-14 10:37:05,20950.0,1900,Sell,231494925
2024-08-14 10:37:05,20950.0,200,Sell,231494928
2024-08-14 10:37:05,20950.0,500,Sell,231494929
2024-08-14 10:37:06,21000.0,6100,Buy,231494954
2024-08-14 10:37:08,21000.0,900,Buy,231494973
2024-08-14 10:37:10,21000.0,100,Buy,231494995
2024-08-14 10:37:11,20950.0,100,Sell,231495003
2024-08-14 10:37:11,21000.0,100,Buy,231495013
2024-08-14 10:37:13,21000.0,100,Buy,231495041
2024-08-14 10:37:16,21000.0,2000,Buy,231495085
2024-08-14 10:37:18,21000.0,300,Buy,231495229
2024-08-14 10:37:21,21000.0,100,Buy,231495261
2024-08-14 10:37:31,21000.0,100,Buy,231495438
2024-08-14 10:37:33,21000.0,1000,Buy,231495494
2024-08-14 10:37:36,21000.0,100,Buy,231495526
2024-08-14 10:37:41,20950.0,100,Sell,231495586
2024-08-14 10:37:58,20950.0,1000,Sell,231495927
2024-08-14 10:38:00,21000.0,100,Buy,231495944
2024-08-14 10:38:02,21000.0,100,Buy,231495984
2024-08-14 10:38:11,20950.0,100,Sell,231496129
2024-08-14 10:38:22,21000.0,1600,Buy,231496284
2024-08-14 10:38:23,21000.0,200,Buy,231496362
2024-08-14 10:38:43,20950.0,100,Sell,231496664
2024-08-14 10:38:52,21000.0,100,Buy,231496809
2024-08-14 10:39:10,21000.0,1000,Buy,231497103
2024-08-14 10:39:12,21000.0,100,Buy,231497130
2024-08-14 10:39:13,21000.0,500,Buy,231497141
2024-08-14 10:39:14,20950.0,3000,Sell,231497158
2024-08-14 10:39:15,20950.0,100,Sell,231497162
2024-08-14 10:39:16,21000.0,400,Buy,231497173
2024-08-14 10:39:20,21000.0,1800,Buy,231497256
2024-08-14 10:39:22,21000.0,200,Buy,231497269
2024-08-14 10:39:23,21000.0,1800,Buy,231497291
2024-08-14 10:39:26,21000.0,200,Buy,231497333
2024-08-14 10:39:41,21000.0,100,Buy,231497619
2024-08-14 10:39:46,21000.0,200,Buy,231497701
2024-08-14 10:39:47,20950.0,100,Sell,231497713
2024-08-14 10:39:55,21000.0,400,Buy,231497889
2024-08-14 10:40:09,20950.0,300,Sell,231498117
2024-08-14 10:40:18,20950.0,100,Sell,231498217
2024-08-14 10:40:31,21000.0,100,Buy,231498469
2024-08-14 10:40:44,20950.0,500,Sell,231498701
2024-08-14 10:40:50,20950.0,100,Sell,231498834
2024-08-14 10:41:15,20950.0,500,Sell,231499178
2024-08-14 10:41:20,21000.0,100,Buy,231499353
2024-08-14 10:41:22,20950.0,100,Sell,231499380
2024-08-14 10:41:35,20950.0,1500,Sell,231499579
2024-08-14 10:41:37,21000.0,200,Buy,231499602
2024-08-14 10:41:52,21000.0,1000,Buy,231499805
2024-08-14 10:41:52,20950.0,100,Sell,231499816
2024-08-14 10:41:54,21000.0,100,Buy,231499822
2024-08-14 10:42:10,21000.0,100,Buy,231500091
2024-08-14 10:42:21,20950.0,100,Sell,231500294
2024-08-14 10:42:21,20950.0,5900,Sell,231500293
2024-08-14 10:42:24,20950.0,100,Sell,231500339
2024-08-14 10:42:24,21000.0,900,Buy,231500323
2024-08-14 10:42:26,21000.0,100,Buy,231500369
2024-08-14 10:42:40,21000.0,100,Buy,231500725
2024-08-14 10:42:46,20950.0,800,Sell,231500887
2024-08-14 10:42:46,20950.0,100,Sell,231500888
2024-08-14 10:42:46,20950.0,100,Sell,231500889
2024-08-14 10:42:48,21000.0,100,Buy,231500922
2024-08-14 10:42:56,20950.0,100,Sell,231501122
2024-08-14 10:42:57,20950.0,2700,Sell,231501177
2024-08-14 10:42:57,20950.0,200,Sell,231501176
2024-08-14 10:42:57,20950.0,100,Sell,231501175
2024-08-14 10:42:59,21000.0,100,Buy,231501240
2024-08-14 10:43:00,21000.0,400,Buy,231501241
2024-08-14 10:43:05,21000.0,2600,Buy,231501313
2024-08-14 10:43:06,21000.0,300,Buy,231501318
2024-08-14 10:43:18,21000.0,2000,Buy,231501441
2024-08-14 10:43:19,21000.0,300,Buy,231501463
2024-08-14 10:43:26,20950.0,100,Sell,231501532
2024-08-14 10:43:29,20950.0,100,Sell,231501573
2024-08-14 10:43:30,21000.0,500,Buy,231501607
2024-08-14 10:43:49,21000.0,100,Buy,231501855
2024-08-14 10:43:49,20950.0,1400,Sell,231501854
2024-08-14 10:43:49,20950.0,100,Sell,231501853
2024-08-14 10:43:49,20950.0,3900,Sell,231501852
2024-08-14 10:43:49,20950.0,2000,Sell,231501851
2024-08-14 10:43:49,20950.0,7100,Sell,231501843
2024-08-14 10:43:49,20950.0,100,Sell,231501849
2024-08-14 10:43:49,20950.0,5000,Sell,231501848
2024-08-14 10:43:49,20950.0,1000,Sell,231501847
2024-08-14 10:43:49,20950.0,100,Sell,231501846
2024-08-14 10:43:49,20950.0,100,Sell,231501845
2024-08-14 10:43:49,20950.0,300,Sell,231501850
2024-08-14 10:43:50,21000.0,3100,Buy,231501863
2024-08-14 10:43:52,21000.0,400,Buy,231501903
2024-08-14 10:44:01,20950.0,100,Sell,231502014
2024-08-14 10:44:03,21000.0,1500,Buy,231502032
2024-08-14 10:44:03,21000.0,200,Buy,231502039
2024-08-14 10:44:04,21000.0,100,Buy,231502048
2024-08-14 10:44:06,20950.0,300,Sell,231502076
2024-08-14 10:44:06,20950.0,100,Sell,231502074
2024-08-14 10:44:06,20950.0,200,Sell,231502075
2024-08-14 10:44:06,20950.0,100,Sell,231502072
2024-08-14 10:44:06,20950.0,500,Sell,231502071
2024-08-14 10:44:06,20950.0,100,Sell,231502073
2024-08-14 10:44:08,21000.0,100,Buy,231502086
2024-08-14 10:44:32,20950.0,100,Sell,231502385
2024-08-14 10:44:39,21000.0,100,Buy,231502469
2024-08-14 10:44:39,21000.0,200,Buy,231502477
2024-08-14 10:44:42,21000.0,500,Buy,231502506
2024-08-14 10:44:50,20950.0,400,Sell,231502583
2024-08-14 10:45:04,20950.0,100,Sell,231502772
2024-08-14 10:45:07,21000.0,1000,Buy,231502810
2024-08-14 10:45:10,21000.0,100,Buy,231502836
2024-08-14 10:45:25,21000.0,100,Buy,231503050
2024-08-14 10:45:28,21000.0,100,Buy,231503111
2024-08-14 10:45:36,20950.0,100,Sell,231503224
2024-08-14 10:45:51,20950.0,500,Sell,231503437
2024-08-14 10:46:00,20950.0,1000,Sell,231503547
2024-08-14 10:46:02,21000.0,100,Buy,231503575
2024-08-14 10:46:05,20950.0,1000,Sell,231503607
2024-08-14 10:46:07,20950.0,100,Sell,231503616
2024-08-14 10:46:07,20950.0,400,Sell,231503620
2024-08-14 10:46:08,21000.0,200,Buy,231503626
2024-08-14 10:46:17,20950.0,400,Sell,231503769
2024-08-14 10:46:17,20950.0,100,Sell,231503768
2024-08-14 10:46:17,20950.0,1000,Sell,231503767
2024-08-14 10:46:17,20950.0,1000,Sell,231503765
2024-08-14 10:46:17,20950.0,1000,Sell,231503764
2024-08-14 10:46:17,20950.0,100,Sell,231503766
2024-08-14 10:46:18,21000.0,500,Buy,231503771
2024-08-14 10:46:18,21000.0,100,Buy,231503775
2024-08-14 10:46:20,20950.0,100,Sell,231503833
2024-08-14 10:46:23,20950.0,500,Sell,231503867
2024-08-14 10:46:34,20950.0,100,Sell,231504120
2024-08-14 10:46:34,20950.0,100,Sell,231504121
2024-08-14 10:46:34,20950.0,20000,Sell,231504122
2024-08-14 10:46:34,20950.0,5000,Sell,231504123
2024-08-14 10:46:34,20950.0,100,Sell,231504124
2024-08-14 10:46:34,20950.0,1000,Sell,231504125
2024-08-14 10:46:34,20950.0,100,Sell,231504126
2024-08-14 10:46:34,20950.0,500,Sell,231504127
2024-08-14 10:46:34,20950.0,300,Sell,231504128
2024-08-14 10:46:34,20950.0,300,Sell,231504131
2024-08-14 10:46:34,20950.0,100,Sell,231504130
2024-08-14 10:46:34,20950.0,1000,Sell,231504119
2024-08-14 10:46:34,20950.0,200,Sell,231504132
2024-08-14 10:46:34,20950.0,400,Sell,231504133
2024-08-14 10:46:34,20950.0,500,Sell,231504134
2024-08-14 10:46:34,20950.0,100,Sell,231504135
2024-08-14 10:46:34,20950.0,300,Sell,231504136
2024-08-14 10:46:34,20950.0,1000,Sell,231504137
2024-08-14 10:46:34,20950.0,100,Sell,231504129
2024-08-14 10:46:34,20950.0,100,Sell,231504118
2024-08-14 10:46:34,20950.0,1000,Sell,231504115
2024-08-14 10:46:34,20950.0,100,Sell,231504116
2024-08-14 10:46:34,20950.0,1500,Sell,231504097
2024-08-14 10:46:34,20950.0,100,Sell,231504098
2024-08-14 10:46:34,20950.0,100,Sell,231504099
2024-08-14 10:46:34,20950.0,1000,Sell,231504100
2024-08-14 10:46:34,20950.0,300,Sell,231504101
2024-08-14 10:46:34,20950.0,100,Sell,231504102
2024-08-14 10:46:34,20950.0,100,Sell,231504103
2024-08-14 10:46:34,20950.0,100,Sell,231504104
2024-08-14 10:46:34,20950.0,5000,Sell,231504105
2024-08-14 10:46:34,20950.0,100,Sell,231504106
2024-08-14 10:46:34,20950.0,3000,Sell,231504107
2024-08-14 10:46:34,20950.0,100,Sell,231504108
2024-08-14 10:46:34,20950.0,50000,Sell,231504109
2024-08-14 10:46:34,20950.0,1000,Sell,231504110
2024-08-14 10:46:34,20950.0,1000,Sell,231504111
2024-08-14 10:46:34,20950.0,500,Sell,231504112
2024-08-14 10:46:34,20950.0,1000,Sell,231504113
2024-08-14 10:46:34,20950.0,100,Sell,231504114
2024-08-14 10:46:34,20950.0,1000,Sell,231504138
2024-08-14 10:46:34,20950.0,100,Sell,231504117
2024-08-14 10:46:34,20950.0,700,Sell,231504139
2024-08-14 10:46:34,20950.0,5000,Sell,231504141
2024-08-14 10:46:34,20950.0,100,Sell,231504096
2024-08-14 10:46:34,20950.0,200,Sell,231504166
2024-08-14 10:46:34,20950.0,1400,Sell,231504167
2024-08-14 10:46:34,20950.0,100,Sell,231504168
2024-08-14 10:46:34,20950.0,2000,Sell,231504169
2024-08-14 10:46:34,20950.0,2000,Sell,231504170
2024-08-14 10:46:34,20950.0,2000,Sell,231504171
2024-08-14 10:46:34,20950.0,100,Sell,231504172
2024-08-14 10:46:34,20950.0,2000,Sell,231504173
2024-08-14 10:46:34,20950.0,100,Sell,231504165
2024-08-14 10:46:34,20950.0,1000,Sell,231504174
2024-08-14 10:46:34,20950.0,600,Sell,231504176
2024-08-14 10:46:34,20950.0,500,Sell,231504177
2024-08-14 10:46:34,20950.0,200,Sell,231504178
2024-08-14 10:46:34,20950.0,3000,Sell,231504179
2024-08-14 10:46:34,20950.0,200,Sell,231504180
2024-08-14 10:46:34,20950.0,500,Sell,231504181
2024-08-14 10:46:34,20950.0,5000,Sell,231504182
2024-08-14 10:46:34,20950.0,300,Sell,231504183
2024-08-14 10:46:34,20950.0,200,Sell,231504175
2024-08-14 10:46:34,20950.0,100,Sell,231504163
2024-08-14 10:46:34,20950.0,1000,Sell,231504162
2024-08-14 10:46:34,20950.0,200,Sell,231504161
2024-08-14 10:46:34,20950.0,300,Sell,231504142
2024-08-14 10:46:34,20950.0,1000,Sell,231504143
2024-08-14 10:46:34,20950.0,100,Sell,231504144
2024-08-14 10:46:34,20950.0,2400,Sell,231504145
2024-08-14 10:46:34,20950.0,100,Sell,231504146
2024-08-14 10:46:34,20950.0,800,Sell,231504147
2024-08-14 10:46:34,20950.0,1000,Sell,231504148
2024-08-14 10:46:34,20950.0,100,Sell,231504149
2024-08-14 10:46:34,20950.0,700,Sell,231504150
2024-08-14 10:46:34,20950.0,100,Sell,231504151
2024-08-14 10:46:34,20950.0,200,Sell,231504152
2024-08-14 10:46:34,20950.0,100,Sell,231504153
2024-08-14 10:46:34,20950.0,400,Sell,231504154
2024-08-14 10:46:34,20950.0,200,Sell,231504155
2024-08-14 10:46:34,20950.0,2000,Sell,231504156
2024-08-14 10:46:34,20950.0,1000,Sell,231504157
2024-08-14 10:46:34,20950.0,100,Sell,231504158
2024-08-14 10:46:34,20950.0,100,Sell,231504159
2024-08-14 10:46:34,20950.0,1000,Sell,231504160
2024-08-14 10:46:34,20950.0,100,Sell,231504140
2024-08-14 10:46:34,20950.0,1000,Sell,231504095
2024-08-14 10:46:34,20950.0,100,Sell,231504047
2024-08-14 10:46:34,20950.0,500,Sell,231504093
2024-08-14 10:46:34,20950.0,5000,Sell,231504029
2024-08-14 10:46:34,20950.0,200,Sell,231504030
2024-08-14 10:46:34,20950.0,1000,Sell,231504031
2024-08-14 10:46:34,20950.0,300,Sell,231504032
2024-08-14 10:46:34,20950.0,300,Sell,231504033
2024-08-14 10:46:34,20950.0,100,Sell,231504034
2024-08-14 10:46:34,20950.0,100,Sell,231504035
2024-08-14 10:46:34,20950.0,200,Sell,231504036
2024-08-14 10:46:34,20950.0,500,Sell,231504028
2024-08-14 10:46:34,20950.0,800,Sell,231504037
2024-08-14 10:46:34,20950.0,1000,Sell,231504039
2024-08-14 10:46:34,20950.0,400,Sell,231504040
2024-08-14 10:46:34,20950.0,300,Sell,231504041
2024-08-14 10:46:34,20950.0,800,Sell,231504042
2024-08-14 10:46:34,20950.0,200,Sell,231504043
2024-08-14 10:46:34,20950.0,200,Sell,231504044
2024-08-14 10:46:34,20950.0,500,Sell,231504045
2024-08-14 10:46:34,20950.0,300,Sell,231504046
2024-08-14 10:46:34,20950.0,1800,Sell,231504038
2024-08-14 10:46:34,20950.0,600,Sell,231504027
2024-08-14 10:46:34,20950.0,100,Sell,231504026
2024-08-14 10:46:34,20950.0,1000,Sell,231504025
2024-08-14 10:46:34,20950.0,4000,Sell,231504005
2024-08-14 10:46:34,20950.0,400,Sell,231504006
2024-08-14 10:46:34,20950.0,100,Sell,231504007
2024-08-14 10:46:34,20950.0,4100,Sell,231504008
2024-08-14 10:46:34,20950.0,1000,Sell,231504009
2024-08-14 10:46:34,20950.0,100,Sell,231504010
2024-08-14 10:46:34,20950.0,1000,Sell,231504011
2024-08-14 10:46:34,20950.0,200,Sell,231504012
2024-08-14 10:46:34,20950.0,1000,Sell,231504013
2024-08-14 10:46:34,20950.0,1000,Sell,231504014
2024-08-14 10:46:34,20950.0,100,Sell,231504015
2024-08-14 10:46:34,20950.0,1800,Sell,231504016
2024-08-14 10:46:34,20950.0,1000,Sell,231504017
2024-08-14 10:46:34,20950.0,300,Sell,231504018
2024-08-14 10:46:34,20950.0,100,Sell,231504019
2024-08-14 10:46:34,20950.0,100,Sell,231504020
2024-08-14 10:46:34,20950.0,1000,Sell,231504022
2024-08-14 10:46:34,20950.0,100,Sell,231504023
2024-08-14 10:46:34,20950.0,300,Sell,231504024
2024-08-14 10:46:34,20950.0,100,Sell,231504048
2024-08-14 10:46:34,20950.0,400,Sell,231504049
2024-08-14 10:46:34,20950.0,100,Sell,231504021
2024-08-14 10:46:34,20950.0,500,Sell,231504051
2024-08-14 10:46:34,20950.0,500,Sell,231504075
2024-08-14 10:46:34,20950.0,100,Sell,231504076
2024-08-14 10:46:34,20950.0,3000,Sell,231504077
2024-08-14 10:46:34,20950.0,300,Sell,231504078
2024-08-14 10:46:34,20950.0,5200,Sell,231504079
2024-08-14 10:46:34,20950.0,500,Sell,231504080
2024-08-14 10:46:34,20950.0,100,Sell,231504081
2024-08-14 10:46:34,20950.0,100,Sell,231504082
2024-08-14 10:46:34,20950.0,1000,Sell,231504083
2024-08-14 10:46:34,20950.0,200,Sell,231504084
2024-08-14 10:46:34,20950.0,100,Sell,231504085
2024-08-14 10:46:34,20950.0,100,Sell,231504086
2024-08-14 10:46:34,20950.0,300,Sell,231504087
2024-08-14 10:46:34,20950.0,100,Sell,231504088
2024-08-14 10:46:34,20950.0,100,Sell,231504089
2024-08-14 10:46:34,20950.0,1000,Sell,231504090
2024-08-14 10:46:34,20950.0,2000,Sell,231504091
2024-08-14 10:46:34,20950.0,100,Sell,231504092
2024-08-14 10:46:34,20950.0,300,Sell,231504050
2024-08-14 10:46:34,20950.0,100,Sell,231504074
2024-08-14 10:46:34,20950.0,100,Sell,231504073
2024-08-14 10:46:34,20950.0,2000,Sell,231504094
2024-08-14 10:46:34,20950.0,800,Sell,231504071
2024-08-14 10:46:34,20950.0,100,Sell,231504053
2024-08-14 10:46:34,20950.0,200,Sell,231504054
2024-08-14 10:46:34,20950.0,100,Sell,231504055
2024-08-14 10:46:34,20950.0,200,Sell,231504056
2024-08-14 10:46:34,20950.0,100,Sell,231504057
2024-08-14 10:46:34,20950.0,200,Sell,231504058
2024-08-14 10:46:34,20950.0,500,Sell,231504059
2024-08-14 10:46:34,20950.0,100,Sell,231504052
2024-08-14 10:46:34,20950.0,100,Sell,231504061
2024-08-14 10:46:34,20950.0,5000,Sell,231504060
2024-08-14 10:46:34,20950.0,500,Sell,231504063
2024-08-14 10:46:34,20950.0,100,Sell,231504064
2024-08-14 10:46:34,20950.0,1000,Sell,231504065
2024-08-14 10:46:34,20950.0,500,Sell,231504066
2024-08-14 10:46:34,20950.0,500,Sell,231504067
2024-08-14 10:46:34,20950.0,1000,Sell,231504068
2024-08-14 10:46:34,20950.0,100,Sell,231504072
2024-08-14 10:46:34,20950.0,6300,Sell,231504069
2024-08-14 10:46:34,20950.0,100,Sell,231504070
2024-08-14 10:46:34,20950.0,300,Sell,231504062
2024-08-14 10:46:36,20950.0,24800,Buy,231504206
2024-08-14 10:46:36,21000.0,5200,Buy,231504207
2024-08-14 10:46:36,21000.0,1500,Buy,231504208
2024-08-14 10:46:38,21000.0,800,Buy,231504246
2024-08-14 10:46:38,21000.0,1400,Buy,231504247
2024-08-14 10:46:38,21000.0,1500,Buy,231504244
2024-08-14 10:46:38,21000.0,1000,Buy,231504245
2024-08-14 10:46:39,20900.0,100,Sell,231504295
2024-08-14 10:46:39,20950.0,700,Buy,231504299
2024-08-14 10:46:42,20950.0,100,Buy,231504320
2024-08-14 10:46:55,20950.0,100,Buy,231504505
2024-08-14 10:46:56,20950.0,20000,Buy,231504519
2024-08-14 10:46:58,20950.0,3000,Buy,231504559
2024-08-14 10:47:00,20950.0,1000,Buy,231504576
2024-08-14 10:47:00,20950.0,400,Buy,231504579
2024-08-14 10:47:02,20950.0,200,Buy,231504600
2024-08-14 10:47:04,20950.0,100,Buy,231504666
2024-08-14 10:47:05,20950.0,500,Buy,231504691
2024-08-14 10:47:08,20950.0,100,Buy,231504721
2024-08-14 10:47:10,20900.0,100,Sell,231504738
2024-08-14 10:47:12,20950.0,100,Buy,231504753
2024-08-14 10:47:13,20900.0,500,Sell,231504762
2024-08-14 10:47:18,20950.0,100,Buy,231504849
2024-08-14 10:47:29,20950.0,200,Buy,231505002
2024-08-14 10:47:42,20900.0,100,Sell,231505218
2024-08-14 10:47:57,20950.0,100,Buy,231505564
2024-08-14 10:48:09,20950.0,100,Buy,231505716
2024-08-14 10:48:10,20950.0,500,Buy,231505731
2024-08-14 10:48:13,20900.0,100,Sell,231505828
2024-08-14 10:48:24,20950.0,200,Buy,231506016
2024-08-14 10:48:36,20950.0,200,Buy,231506206
2024-08-14 10:48:41,20950.0,100,Buy,231506263
2024-08-14 10:48:42,20900.0,18600,Sell,231506285
2024-08-14 10:48:43,20900.0,100,Sell,231506318
2024-08-14 10:48:44,20950.0,2700,Buy,231506336
2024-08-14 10:48:46,20950.0,400,Buy,231506373
2024-08-14 10:48:47,20950.0,100,Buy,231506378
2024-08-14 10:49:02,20950.0,100,Buy,231506579
2024-08-14 10:49:11,20950.0,100,Buy,231506877
2024-08-14 10:49:14,20900.0,100,Sell,231506909
2024-08-14 10:49:16,20950.0,1000,Buy,231506928
2024-08-14 10:49:16,20950.0,200,Buy,231506929
2024-08-14 10:49:18,20950.0,100,Buy,231506951
2024-08-14 10:49:22,20950.0,100,Buy,231507025
2024-08-14 10:49:27,20950.0,100,Buy,231507075
2024-08-14 10:49:29,20950.0,2000,Buy,231507102
2024-08-14 10:49:31,20950.0,100,Buy,231507146
2024-08-14 10:49:32,20950.0,300,Buy,231507151
2024-08-14 10:49:37,20950.0,100,Buy,231507212
2024-08-14 10:49:47,20900.0,100,Sell,231507390
2024-08-14 10:49:48,20950.0,200,Buy,231507422
2024-08-14 10:49:48,20950.0,100,Buy,231507426
2024-08-14 10:49:48,20950.0,8100,Buy,231507425
2024-08-14 10:49:48,20950.0,5000,Buy,231507424
2024-08-14 10:49:48,20950.0,500,Buy,231507423
2024-08-14 10:49:48,20950.0,500,Buy,231507421
2024-08-14 10:49:48,20950.0,200,Buy,231507419
2024-08-14 10:49:48,20950.0,14800,Buy,231507415
2024-08-14 10:49:48,20950.0,23000,Buy,231507416
2024-08-14 10:49:48,20950.0,10000,Buy,231507420
2024-08-14 10:49:48,20950.0,25000,Buy,231507418
2024-08-14 10:49:48,20950.0,500,Buy,231507417
2024-08-14 10:49:50,21000.0,13200,Buy,231507433
2024-08-14 10:49:52,21000.0,1900,Buy,231507450
2024-08-14 10:49:54,21000.0,200,Buy,231507473
2024-08-14 10:50:20,20950.0,100,Sell,231507896
2024-08-14 10:50:20,20950.0,6000,Sell,231507919
2024-08-14 10:50:21,20950.0,100,Sell,231507933
2024-08-14 10:50:22,21000.0,900,Buy,231507939
2024-08-14 10:50:24,21000.0,100,Buy,231507952
2024-08-14 10:50:25,20950.0,1700,Sell,231507982
2024-08-14 10:50:25,20950.0,5000,Sell,231507981
2024-08-14 10:50:25,20950.0,2200,Buy,231507985
2024-08-14 10:50:25,20950.0,600,Sell,231507979
2024-08-14 10:50:25,20950.0,100,Sell,231507980
2024-08-14 10:50:25,20950.0,5900,Sell,231507977
2024-08-14 10:50:25,20950.0,500,Sell,231507983
2024-08-14 10:50:25,20950.0,1200,Sell,231507978
2024-08-14 10:50:27,20950.0,100,Buy,231507991
2024-08-14 10:50:27,20950.0,300,Buy,231508002
2024-08-14 10:50:31,20950.0,300,Buy,231508089
2024-08-14 10:50:35,20950.0,100,Buy,231508214
2024-08-14 10:50:38,20950.0,1000,Buy,231508258
2024-08-14 10:50:40,20950.0,100,Buy,231508278
2024-08-14 10:50:42,20950.0,100,Buy,231508321
2024-08-14 10:50:43,20950.0,300,Buy,231508346
2024-08-14 10:50:50,20950.0,1000,Buy,231508450
2024-08-14 10:50:50,20900.0,100,Sell,231508461
2024-08-14 10:50:52,20950.0,100,Buy,231508478
2024-08-14 10:51:05,20950.0,1000,Buy,231508774
2024-08-14 10:51:08,20950.0,100,Buy,231508821
2024-08-14 10:51:16,20950.0,100,Buy,231509012
2024-08-14 10:51:21,20900.0,100,Sell,231509079
2024-08-14 10:51:30,20950.0,4000,Buy,231509201
2024-08-14 10:51:31,20950.0,600,Buy,231509215
2024-08-14 10:51:35,20950.0,500,Buy,231509291
2024-08-14 10:51:41,20900.0,1000,Sell,231509449
2024-08-14 10:51:44,20950.0,100,Buy,231509466
2024-08-14 10:51:48,20900.0,1000,Sell,231509517
2024-08-14 10:51:49,20900.0,100,Sell,231509541
2024-08-14 10:51:50,20950.0,100,Buy,231509552
2024-08-14 10:51:52,20900.0,100,Sell,231509567
2024-08-14 10:51:52,20950.0,200,Buy,231509571
2024-08-14 10:52:06,20950.0,100,Buy,231509851
2024-08-14 10:52:25,20900.0,100,Sell,231510136
2024-08-14 10:52:27,20900.0,100,Sell,231510167
2024-08-14 10:52:27,20950.0,1000,Buy,231510166
2024-08-14 10:52:30,20950.0,100,Buy,231510234
2024-08-14 10:52:56,20900.0,100,Sell,231510631
2024-08-14 10:52:56,20950.0,100,Buy,231510635
2024-08-14 10:53:08,20950.0,100,Buy,231510802
2024-08-14 10:53:08,20950.0,1000,Buy,231510800
2024-08-14 10:53:08,20950.0,800,Buy,231510801
2024-08-14 10:53:08,20950.0,23400,Buy,231510799
2024-08-14 10:53:08,20950.0,5000,Buy,231510794
2024-08-14 10:53:08,20950.0,29500,Buy,231510797
2024-08-14 10:53:08,20950.0,1500,Buy,231510796
2024-08-14 10:53:08,20950.0,2000,Buy,231510795
2024-08-14 10:53:08,20950.0,1400,Buy,231510793
2024-08-14 10:53:08,20950.0,6000,Buy,231510798
2024-08-14 10:53:10,21000.0,10600,Buy,231510813
2024-08-14 10:53:12,21000.0,1500,Buy,231510835
2024-08-14 10:53:14,21000.0,200,Buy,231510854
2024-08-14 10:53:26,20950.0,100,Sell,231510979
2024-08-14 10:53:46,21000.0,100,Buy,231511221
2024-08-14 10:53:56,20950.0,15000,Sell,231511341
2024-08-14 10:53:56,20950.0,100,Sell,231511346
2024-08-14 10:53:58,21000.0,2200,Buy,231511362
2024-08-14 10:53:59,21000.0,300,Buy,231511382
2024-08-14 10:54:22,21000.0,200,Buy,231511695
2024-08-14 10:54:27,20950.0,100,Sell,231511731
2024-08-14 10:54:36,21000.0,100,Buy,231511845
2024-08-14 10:54:57,20950.0,100,Sell,231512113
2024-08-14 10:55:26,21000.0,100,Buy,231512551
2024-08-14 10:55:31,20950.0,100,Sell,231512627
2024-08-14 10:55:43,20950.0,3300,Sell,231512831
2024-08-14 10:55:44,20950.0,200,Sell,231512841
2024-08-14 10:55:58,20950.0,200,Sell,231512977
2024-08-14 10:56:01,20950.0,100,Sell,231513005
2024-08-14 10:56:13,20950.0,10000,Sell,231513154
2024-08-14 10:56:16,21000.0,100,Buy,231513177
2024-08-14 10:56:32,20950.0,100,Sell,231513484
2024-08-14 10:56:48,20950.0,300,Sell,231513652
2024-08-14 10:57:04,20950.0,100,Sell,231513852
2024-08-14 10:57:05,20950.0,500,Sell,231513869
2024-08-14 10:57:05,20950.0,600,Sell,231513870
2024-08-14 10:57:05,20950.0,3400,Sell,231513871
2024-08-14 10:57:06,21000.0,600,Buy,231513882
2024-08-14 10:57:06,21000.0,100,Buy,231513878
2024-08-14 10:57:27,21000.0,100,Buy,231514180
2024-08-14 10:57:34,20950.0,100,Sell,231514246
2024-08-14 10:57:36,20950.0,3000,Sell,231514265
2024-08-14 10:57:45,20950.0,200,Sell,231514367
2024-08-14 10:57:54,20950.0,5000,Sell,231514478
2024-08-14 10:57:55,20950.0,500,Sell,231514494
2024-08-14 10:57:56,21000.0,100,Buy,231514495
2024-08-14 10:58:04,20950.0,100,Sell,231514671
2024-08-14 10:58:08,21000.0,7900,Buy,231514749
2024-08-14 10:58:08,21000.0,1100,Buy,231514777
2024-08-14 10:58:09,21000.0,7000,Buy,231514795
2024-08-14 10:58:09,21000.0,900,Buy,231514803
2024-08-14 10:58:10,21000.0,600,Buy,231514840
2024-08-14 10:58:10,21000.0,7300,Buy,231514841
2024-08-14 10:58:10,21000.0,2500,Buy,231514859
2024-08-14 10:58:12,21000.0,100,Buy,231514890
2024-08-14 10:58:12,21000.0,200,Buy,231514889
2024-08-14 10:58:15,20950.0,5000,Sell,231514922
2024-08-14 10:58:25,20950.0,2700,Sell,231515062
2024-08-14 10:58:25,20950.0,200,Sell,231515063
2024-08-14 10:58:25,20950.0,200,Sell,231515064
2024-08-14 10:58:25,20950.0,100,Sell,231515065
2024-08-14 10:58:25,20950.0,500,Sell,231515066
2024-08-14 10:58:25,20950.0,800,Sell,231515067
2024-08-14 10:58:25,20950.0,100,Sell,231515068
2024-08-14 10:58:25,20950.0,400,Sell,231515069
2024-08-14 10:58:34,20950.0,100,Sell,231515276
2024-08-14 10:58:34,20950.0,100,Sell,231515273
2024-08-14 10:58:34,20950.0,100,Sell,231515274
2024-08-14 10:58:34,20950.0,300,Sell,231515275
2024-08-14 10:58:36,20950.0,100,Sell,231515294
2024-08-14 10:58:45,21000.0,100,Buy,231515441
2024-08-14 10:58:56,20950.0,3000,Sell,231515572
2024-08-14 10:59:00,20950.0,200,Sell,231515664
2024-08-14 10:59:00,20950.0,500,Sell,231515663
2024-08-14 10:59:00,20950.0,2000,Sell,231515661
2024-08-14 10:59:00,20950.0,1800,Sell,231515660
2024-08-14 10:59:00,20950.0,500,Sell,231515662
2024-08-14 10:59:07,20950.0,1300,Sell,231515755
2024-08-14 10:59:07,20950.0,500,Sell,231515756
2024-08-14 10:59:07,20950.0,200,Sell,231515757
2024-08-14 10:59:07,20950.0,100,Sell,231515758
2024-08-14 10:59:11,20950.0,100,Sell,231515838
2024-08-14 10:59:36,21000.0,100,Buy,231516078
2024-08-14 10:59:39,20950.0,100,Sell,231516127
2024-08-14 11:00:10,20950.0,100,Sell,231516541
2024-08-14 11:00:13,20950.0,5000,Sell,231516594
2024-08-14 11:00:25,21000.0,100,Buy,231516729
2024-08-14 11:00:42,20950.0,100,Sell,231517032
2024-08-14 11:00:46,20950.0,2000,Sell,231517091
2024-08-14 11:00:51,21000.0,600,Buy,231517190
2024-08-14 11:00:51,21000.0,1000,Buy,231517191
2024-08-14 11:00:51,21000.0,200,Buy,231517188
2024-08-14 11:00:51,21000.0,2500,Buy,231517189
2024-08-14 11:00:51,21000.0,3600,Buy,231517187
2024-08-14 11:00:52,21000.0,1100,Buy,231517244
2024-08-14 11:00:53,21000.0,6500,Buy,231517270
2024-08-14 11:00:53,21000.0,1400,Buy,231517269
2024-08-14 11:00:54,21000.0,1300,Buy,231517290
2024-08-14 11:00:56,21000.0,100,Buy,231517314
2024-08-14 11:01:14,20950.0,100,Sell,231517618
2024-08-14 11:01:15,21000.0,2100,Buy,231517629
2024-08-14 11:01:15,21000.0,7000,Buy,231517630
2024-08-14 11:01:15,21000.0,900,Buy,231517631
2024-08-14 11:01:16,21000.0,200,Buy,231517660
2024-08-14 11:01:16,21000.0,100,Buy,231517661
2024-08-14 11:01:16,21000.0,1000,Buy,231517658
2024-08-14 11:01:16,21000.0,100,Buy,231517644
2024-08-14 11:01:16,21000.0,200,Buy,231517659
2024-08-14 11:01:19,21000.0,200,Buy,231517718
2024-08-14 11:01:46,20950.0,100,Sell,231518143
2024-08-14 11:02:01,21000.0,200,Buy,231518565
2024-08-14 11:02:06,21000.0,100,Buy,231518634
2024-08-14 11:02:17,20950.0,100,Sell,231518807
2024-08-14 11:02:25,20950.0,1000,Sell,231518959
2024-08-14 11:02:36,20950.0,100,Sell,231519103
2024-08-14 11:02:48,20950.0,100,Sell,231519314
2024-08-14 11:02:50,20950.0,100,Sell,231519346
2024-08-14 11:02:56,21000.0,100,Buy,231519421
2024-08-14 11:03:10,21000.0,200,Buy,231519621
2024-08-14 11:03:10,21000.0,4300,Buy,231519620
2024-08-14 11:03:10,21000.0,3400,Buy,231519622
2024-08-14 11:03:12,21000.0,1100,Buy,231519697
2024-08-14 11:03:13,21000.0,1500,Buy,231519719
2024-08-14 11:03:13,21000.0,6400,Buy,231519720
2024-08-14 11:03:14,20950.0,5500,Sell,231519731
2024-08-14 11:03:14,21000.0,1300,Buy,231519737
2024-08-14 11:03:16,21000.0,1000,Buy,231519766
2024-08-14 11:03:19,21000.0,100,Buy,231519793
2024-08-14 11:03:19,20950.0,100,Sell,231519870
2024-08-14 11:03:46,21000.0,100,Buy,231520331
2024-08-14 11:03:49,20950.0,100,Sell,231520394
2024-08-14 11:03:52,20950.0,100,Sell,231520436
2024-08-14 11:04:24,20950.0,100,Sell,231521046
2024-08-14 11:04:34,20950.0,100,Sell,231521249
2024-08-14 11:04:36,21000.0,100,Buy,231521281
2024-08-14 11:04:56,21000.0,100,Buy,231521611
2024-08-14 11:04:56,20950.0,100,Sell,231521612
2024-08-14 11:04:56,21000.0,100,Buy,231521616
2024-08-14 11:05:09,20950.0,700,Sell,231521868
2024-08-14 11:05:26,21000.0,100,Buy,231522207
2024-08-14 11:05:29,20950.0,100,Sell,231522253
2024-08-14 11:06:01,20950.0,100,Sell,231522708
2024-08-14 11:06:16,21000.0,100,Buy,231522955
2024-08-14 11:06:25,21000.0,500,Buy,231523016
2024-08-14 11:06:33,20950.0,100,Sell,231523108
2024-08-14 11:06:52,21000.0,100,Buy,231523345
2024-08-14 11:06:52,21000.0,700,Buy,231523346
2024-08-14 11:06:52,21000.0,7100,Buy,231523347
2024-08-14 11:06:55,21000.0,1100,Buy,231523368
2024-08-14 11:06:56,21000.0,100,Buy,231523413
2024-08-14 11:07:06,20950.0,100,Sell,231523526
2024-08-14 11:07:06,21000.0,100,Buy,231523540
2024-08-14 11:07:25,21000.0,100,Buy,231523791
2024-08-14 11:07:35,20950.0,900,Sell,231523952
2024-08-14 11:07:35,20950.0,500,Sell,231523950
2024-08-14 11:07:35,20950.0,100,Sell,231523951
2024-08-14 11:07:35,20950.0,3500,Sell,231523949
2024-08-14 11:07:36,20950.0,100,Sell,231523992
2024-08-14 11:07:51,20950.0,100,Sell,231524216
2024-08-14 11:07:57,21000.0,100,Buy,231524278
2024-08-14 11:08:05,21000.0,200,Buy,231524386
2024-08-14 11:08:05,21000.0,100,Buy,231524388
2024-08-14 11:08:05,21000.0,2000,Buy,231524387
2024-08-14 11:08:05,21000.0,300,Buy,231524385
2024-08-14 11:08:05,21000.0,3000,Buy,231524383
2024-08-14 11:08:05,21000.0,3000,Buy,231524384
2024-08-14 11:08:05,21000.0,1400,Buy,231524382
2024-08-14 11:08:06,21000.0,1500,Buy,231524398
2024-08-14 11:08:07,20950.0,100,Sell,231524412
2024-08-14 11:08:39,20950.0,100,Sell,231524974
2024-08-14 11:08:47,21000.0,100,Buy,231525127
2024-08-14 11:08:52,21000.0,3000,Buy,231525227
2024-08-14 11:08:54,21000.0,400,Buy,231525269
2024-08-14 11:09:07,20950.0,1000,Sell,231525452
2024-08-14 11:09:10,20950.0,100,Sell,231525504
2024-08-14 11:09:15,21000.0,1000,Buy,231525587
2024-08-14 11:09:16,21000.0,100,Buy,231525603
2024-08-14 11:09:18,21000.0,100,Buy,231525634
2024-08-14 11:09:19,21000.0,500,Buy,231525663
2024-08-14 11:09:42,20950.0,100,Sell,231525964
2024-08-14 11:09:47,21000.0,3000,Buy,231526012
2024-08-14 11:09:47,20950.0,500,Sell,231526016
2024-08-14 11:09:47,20950.0,1000,Sell,231526017
2024-08-14 11:09:49,21000.0,100,Buy,231526046
2024-08-14 11:09:55,20950.0,300,Sell,231526120
2024-08-14 11:10:03,20950.0,100,Sell,231526210
2024-08-14 11:10:03,21000.0,100,Buy,231526225
2024-08-14 11:10:03,20950.0,100,Sell,231526209
2024-08-14 11:10:03,20950.0,2800,Sell,231526212
2024-08-14 11:10:04,21000.0,400,Buy,231526231
2024-08-14 11:10:06,21000.0,100,Buy,231526249
2024-08-14 11:10:14,20950.0,100,Sell,231526422
2024-08-14 11:10:22,21000.0,100,Buy,231526543
