time,price,volume,match_type,id
2024-08-19 09:14:37,21550.0,119200,ATO/ATC,232510250
2024-08-19 09:14:38,21550.0,10000,Sell,232510471
2024-08-19 09:14:38,21550.0,9000,Sell,232510472
2024-08-19 09:14:39,21550.0,500,Sell,232510589
2024-08-19 09:14:39,21550.0,500,Sell,232510588
2024-08-19 09:14:39,21550.0,5000,Sell,232510587
2024-08-19 09:14:39,21550.0,300,Sell,232510586
2024-08-19 09:14:39,21550.0,200,Sell,232510585
2024-08-19 09:14:39,21550.0,100,Sell,232510584
2024-08-19 09:14:39,21550.0,100,Sell,232510583
2024-08-19 09:14:39,21550.0,500,Sell,232510582
2024-08-19 09:14:39,21550.0,500,Sell,232510581
2024-08-19 09:14:39,21550.0,1000,Sell,232510567
2024-08-19 09:14:39,21550.0,2300,Sell,232510579
2024-08-19 09:14:39,21550.0,500,Sell,232510568
2024-08-19 09:14:39,21550.0,1000,Sell,232510569
2024-08-19 09:14:39,21550.0,2000,Sell,232510570
2024-08-19 09:14:39,21550.0,300,Sell,232510580
2024-08-19 09:14:39,21550.0,100,Sell,232510572
2024-08-19 09:14:39,21550.0,500,Sell,232510574
2024-08-19 09:14:39,21550.0,100,Sell,232510571
2024-08-19 09:14:39,21550.0,1000,Sell,232510573
2024-08-19 09:14:42,21600.0,1300,Buy,232510748
2024-08-19 09:14:42,21550.0,13300,Buy,232510745
2024-08-19 09:14:42,21550.0,3000,Buy,232510746
2024-08-19 09:14:42,21600.0,100,Buy,232510747
2024-08-19 09:14:55,21550.0,8800,Buy,232511219
2024-08-19 09:14:55,21550.0,2600,Buy,232511220
2024-08-19 09:14:57,21550.0,2800,Sell,232511261
2024-08-19 09:14:57,21550.0,800,Sell,232511263
2024-08-19 09:15:10,21550.0,900,Buy,232511688
2024-08-19 09:15:16,21550.0,100,Buy,232511964
2024-08-19 09:15:18,21550.0,100,Buy,232512019
2024-08-19 09:15:30,21550.0,300,Buy,232512521
2024-08-19 09:15:35,21550.0,300,Buy,232512751
2024-08-19 09:15:42,21550.0,200,Buy,232513070
2024-08-19 09:15:42,21550.0,300,Buy,232513071
2024-08-19 09:15:43,21550.0,200,Buy,232513119
2024-08-19 09:15:43,21550.0,200,Buy,232513120
2024-08-19 09:15:43,21550.0,100,Buy,232513121
2024-08-19 09:15:44,21550.0,600,Buy,232513171
2024-08-19 09:15:49,21550.0,1000,Buy,232513437
2024-08-19 09:15:50,21500.0,1000,Sell,232513499
2024-08-19 09:15:50,21500.0,2500,Sell,232513500
2024-08-19 09:15:50,21500.0,200,Sell,232513501
2024-08-19 09:15:50,21500.0,100,Sell,232513502
2024-08-19 09:15:50,21500.0,100,Sell,232513503
2024-08-19 09:15:50,21500.0,200,Sell,232513504
2024-08-19 09:15:50,21500.0,800,Sell,232513505
2024-08-19 09:15:50,21500.0,100,Sell,232513498
2024-08-19 09:15:52,21550.0,1500,Buy,232513611
2024-08-19 09:15:54,21550.0,100,Buy,232513716
2024-08-19 09:15:55,21500.0,1200,Sell,232513788
2024-08-19 09:15:56,21550.0,1800,Buy,232513875
2024-08-19 09:15:56,21550.0,400,Buy,232513876
2024-08-19 09:15:57,21500.0,100,Sell,232513888
2024-08-19 09:15:57,21500.0,300,Sell,232513899
2024-08-19 09:15:57,21550.0,100,Buy,232513900
2024-08-19 09:15:57,21550.0,100,Buy,232513901
2024-08-19 09:15:57,21550.0,100,Buy,232513902
2024-08-19 09:15:57,21550.0,100,Buy,232513903
2024-08-19 09:15:57,21550.0,200,Buy,232513904
2024-08-19 09:15:57,21550.0,300,Buy,232513905
2024-08-19 09:15:57,21550.0,100,Sell,232513913
2024-08-19 09:16:08,21550.0,1000,Buy,232514490
2024-08-19 09:16:08,21550.0,400,Buy,232514488
2024-08-19 09:16:08,21550.0,300,Buy,232514489
2024-08-19 09:16:09,21550.0,400,Sell,232514530
2024-08-19 09:16:10,21550.0,100,Sell,232514585
2024-08-19 09:16:12,21550.0,14500,Sell,232514717
2024-08-19 09:16:13,21550.0,3600,Sell,232514844
2024-08-19 09:16:14,21550.0,900,Sell,232514932
2024-08-19 09:16:15,21550.0,200,Sell,232514963
2024-08-19 09:16:17,21550.0,500,Sell,232515027
2024-08-19 09:16:17,21550.0,200,Sell,232515053
2024-08-19 09:16:18,21550.0,100,Sell,232515085
2024-08-19 09:16:22,21600.0,1000,Buy,232515295
2024-08-19 09:16:22,21600.0,100,Buy,232515294
2024-08-19 09:16:22,21600.0,400,Buy,232515292
2024-08-19 09:16:22,21600.0,1000,Buy,232515293
2024-08-19 09:16:27,21550.0,7800,Sell,232515621
2024-08-19 09:16:27,21550.0,600,Sell,232515622
2024-08-19 09:16:27,21550.0,8400,Sell,232515623
2024-08-19 09:16:29,21550.0,1600,Sell,232515694
2024-08-19 09:16:29,21550.0,2600,Sell,232515695
2024-08-19 09:16:29,21550.0,1400,Sell,232515710
2024-08-19 09:16:29,21550.0,300,Sell,232515711
2024-08-19 09:16:32,21550.0,3300,Buy,232515839
2024-08-19 09:16:32,21550.0,900,Buy,232515840
2024-08-19 09:16:33,21550.0,1000,Buy,232515906
2024-08-19 09:16:33,21550.0,500,Buy,232515905
2024-08-19 09:16:35,21550.0,300,Buy,232515988
2024-08-19 09:16:38,21550.0,100,Sell,232516184
2024-08-19 09:16:42,21550.0,100,Sell,232516373
2024-08-19 09:16:42,21550.0,5900,Sell,232516374
2024-08-19 09:16:43,21550.0,1500,Sell,232516466
2024-08-19 09:16:44,21550.0,300,Sell,232516566
2024-08-19 09:16:50,21550.0,1500,Sell,232516940
2024-08-19 09:16:50,21550.0,2000,Sell,232516954
2024-08-19 09:16:51,21550.0,800,Sell,232516988
2024-08-19 09:16:51,21550.0,600,Sell,232517036
2024-08-19 09:16:52,21550.0,200,Sell,232517051
2024-08-19 09:16:53,21550.0,100,Sell,232517097
2024-08-19 09:16:53,21550.0,200,Sell,232517109
2024-08-19 09:16:56,21550.0,5000,Sell,232517246
2024-08-19 09:16:57,21550.0,1200,Sell,232517289
2024-08-19 09:16:58,21550.0,700,Sell,232517322
2024-08-19 09:16:58,21550.0,100,Sell,232517323
2024-08-19 09:16:58,21550.0,1000,Sell,232517360
2024-08-19 09:16:58,21550.0,400,Sell,232517361
2024-08-19 09:16:58,21550.0,300,Sell,232517362
2024-08-19 09:16:58,21500.0,13300,Sell,232517363
2024-08-19 09:16:59,21500.0,3900,Sell,232517415
2024-08-19 09:16:59,21500.0,3000,Sell,232517450
2024-08-19 09:17:00,21500.0,400,Sell,232517493
2024-08-19 09:17:00,21500.0,900,Sell,232517484
2024-08-19 09:17:01,21500.0,1000,Sell,232517521
2024-08-19 09:17:01,21500.0,300,Sell,232517551
2024-08-19 09:17:02,21500.0,300,Sell,232517577
2024-08-19 09:17:04,21550.0,300,Buy,232517677
2024-08-19 09:17:04,21550.0,1000,Sell,232517707
2024-08-19 09:17:04,21550.0,300,Buy,232517676
2024-08-19 09:17:05,21550.0,100,Sell,232517735
2024-08-19 09:17:05,21550.0,100,Sell,232517762
2024-08-19 09:17:06,21550.0,300,Sell,232517809
2024-08-19 09:17:07,21550.0,200,Sell,232517835
2024-08-19 09:17:18,21550.0,100,Sell,232518408
2024-08-19 09:17:18,21550.0,700,Sell,232518406
2024-08-19 09:17:18,21550.0,100,Sell,232518407
2024-08-19 09:17:19,21550.0,2000,Sell,232518481
2024-08-19 09:17:19,21550.0,200,Sell,232518474
2024-08-19 09:17:20,21550.0,100,Sell,232518499
2024-08-19 09:17:20,21550.0,500,Sell,232518512
2024-08-19 09:17:20,21550.0,300,Sell,232518535
2024-08-19 09:17:21,21550.0,100,Sell,232518558
2024-08-19 09:17:21,21550.0,100,Sell,232518591
2024-08-19 09:17:22,21600.0,6700,Buy,232518607
2024-08-19 09:17:22,21550.0,100,Buy,232518661
2024-08-19 09:17:23,21550.0,400,Sell,232518696
2024-08-19 09:17:24,21550.0,200,Sell,232518815
2024-08-19 09:17:24,21550.0,1300,Buy,232518777
2024-08-19 09:17:24,21550.0,100,Sell,232518797
2024-08-19 09:17:25,21550.0,300,Sell,232518831
2024-08-19 09:17:26,21550.0,100,Sell,232518879
2024-08-19 09:17:26,21550.0,100,Sell,232518901
2024-08-19 09:17:37,21550.0,1000,Sell,232519408
2024-08-19 09:17:39,21550.0,200,Sell,232519514
2024-08-19 09:17:39,21550.0,100,Sell,232519515
2024-08-19 09:17:46,21550.0,4500,Sell,232519902
2024-08-19 09:17:46,21550.0,100,Sell,232519903
2024-08-19 09:17:53,21550.0,700,Buy,232520253
2024-08-19 09:17:53,21550.0,100,Buy,232520255
2024-08-19 09:17:53,21550.0,400,Buy,232520251
2024-08-19 09:17:53,21550.0,1100,Buy,232520252
2024-08-19 09:17:53,21550.0,1000,Buy,232520254
2024-08-19 09:17:55,21550.0,500,Sell,232520308
2024-08-19 09:17:55,21550.0,900,Sell,232520320
2024-08-19 09:17:55,21550.0,200,Sell,232520360
2024-08-19 09:17:56,21550.0,1000,Sell,232520376
2024-08-19 09:17:56,21550.0,200,Sell,232520378
2024-08-19 09:17:56,21550.0,200,Sell,232520405
2024-08-19 09:17:57,21550.0,400,Sell,232520422
2024-08-19 09:17:58,21550.0,100,Sell,232520458
2024-08-19 09:17:59,21550.0,400,Sell,232520494
2024-08-19 09:17:59,21550.0,1100,Sell,232520493
2024-08-19 09:18:01,21550.0,200,Sell,232520586
2024-08-19 09:18:01,21550.0,300,Sell,232520585
2024-08-19 09:18:02,21550.0,100,Sell,232520666
2024-08-19 09:18:04,21550.0,500,Sell,232520781
2024-08-19 09:18:04,21550.0,500,Sell,232520768
2024-08-19 09:18:05,21550.0,3000,Sell,232520850
2024-08-19 09:18:05,21550.0,200,Sell,232520851
2024-08-19 09:18:06,21550.0,800,Sell,232520921
2024-08-19 09:18:06,21550.0,500,Sell,232520951
2024-08-19 09:18:07,21550.0,300,Sell,232520964
2024-08-19 09:18:07,21550.0,200,Sell,232520971
2024-08-19 09:18:08,21550.0,100,Sell,232521017
2024-08-19 09:18:17,21550.0,200,Sell,232521564
2024-08-19 09:18:19,21550.0,200,Sell,232521664
2024-08-19 09:18:27,21550.0,500,Sell,232522111
2024-08-19 09:18:28,21550.0,500,Sell,232522231
2024-08-19 09:18:28,21550.0,200,Sell,232522232
2024-08-19 09:18:28,21550.0,100,Sell,232522215
2024-08-19 09:18:29,21550.0,15900,Sell,232522269
2024-08-19 09:18:29,21550.0,200,Sell,232522283
2024-08-19 09:18:29,21550.0,2600,Sell,232522324
2024-08-19 09:18:30,21550.0,4600,Sell,232522386
2024-08-19 09:18:31,21550.0,1100,Sell,232522421
2024-08-19 09:18:31,21550.0,1100,Sell,232522427
2024-08-19 09:18:32,21550.0,300,Sell,232522485
2024-08-19 09:18:32,21550.0,500,Sell,232522486
2024-08-19 09:18:33,21550.0,200,Sell,232522555
2024-08-19 09:18:33,21550.0,100,Sell,232522564
2024-08-19 09:18:39,21550.0,100,Sell,232522836
2024-08-19 09:18:40,21550.0,2000,Sell,232522885
2024-08-19 09:18:40,21550.0,5000,Sell,232522910
2024-08-19 09:18:40,21550.0,300,Sell,232522917
2024-08-19 09:18:41,21550.0,1000,Sell,232522937
2024-08-19 09:18:41,21550.0,1800,Sell,232522942
2024-08-19 09:18:42,21550.0,1200,Sell,232522971
2024-08-19 09:18:42,21550.0,700,Sell,232523036
2024-08-19 09:18:42,21550.0,100,Sell,232523041
2024-08-19 09:18:43,21550.0,500,Sell,232523060
2024-08-19 09:18:44,21550.0,100,Sell,232523108
2024-08-19 09:18:44,21550.0,100,Sell,232523107
2024-08-19 09:18:45,21550.0,100,Sell,232523121
2024-08-19 09:18:47,21550.0,1000,Sell,232523272
2024-08-19 09:18:47,21550.0,100,Sell,232523284
2024-08-19 09:18:47,21550.0,500,Sell,232523294
2024-08-19 09:18:47,21550.0,300,Sell,232523303
2024-08-19 09:18:47,21550.0,8600,Sell,232523304
2024-08-19 09:18:47,21550.0,100,Sell,232523305
2024-08-19 09:18:47,21550.0,1900,Sell,232523306
2024-08-19 09:18:48,21550.0,500,Sell,232523395
2024-08-19 09:18:48,21550.0,100,Sell,232523396
2024-08-19 09:18:48,21550.0,100,Sell,232523394
2024-08-19 09:18:48,21550.0,1700,Sell,232523397
2024-08-19 09:18:48,21550.0,100,Sell,232523348
2024-08-19 09:18:48,21550.0,1100,Sell,232523346
2024-08-19 09:18:48,21550.0,400,Sell,232523349
2024-08-19 09:18:48,21550.0,1500,Sell,232523347
2024-08-19 09:18:49,21550.0,1300,Sell,232523446
2024-08-19 09:18:49,21550.0,500,Sell,232523470
2024-08-19 09:18:50,21550.0,300,Sell,232523503
2024-08-19 09:18:51,21550.0,200,Sell,232523543
2024-08-19 09:18:52,21550.0,1900,Sell,232523596
2024-08-19 09:18:52,21550.0,300,Sell,232523650
2024-08-19 09:18:53,21550.0,400,Sell,232523664
2024-08-19 09:18:53,21550.0,100,Sell,232523680
2024-08-19 09:18:54,21550.0,100,Sell,232523725
2024-08-19 09:18:54,21550.0,200,Sell,232523718
2024-08-19 09:18:57,21550.0,1000,Sell,232523833
2024-08-19 09:18:57,21550.0,600,Sell,232523854
2024-08-19 09:18:57,21550.0,3000,Sell,232523832
2024-08-19 09:18:58,21550.0,1100,Sell,232523874
2024-08-19 09:18:59,21550.0,200,Sell,232523917
2024-08-19 09:18:59,21550.0,900,Sell,232523942
2024-08-19 09:18:59,21550.0,200,Sell,232523943
2024-08-19 09:18:59,21550.0,1900,Sell,232523944
2024-08-19 09:19:00,21550.0,1000,Sell,232524001
2024-08-19 09:19:00,21550.0,200,Sell,232523961
2024-08-19 09:19:01,21550.0,500,Sell,232524015
2024-08-19 09:19:01,21550.0,100,Sell,232524020
2024-08-19 09:19:01,21550.0,300,Sell,232524024
2024-08-19 09:19:01,21550.0,100,Sell,232524025
2024-08-19 09:19:01,21550.0,400,Sell,232524026
2024-08-19 09:19:01,21550.0,200,Sell,232524027
2024-08-19 09:19:01,21550.0,1000,Sell,232524028
2024-08-19 09:19:02,21600.0,200,Buy,232524081
2024-08-19 09:19:02,21600.0,50000,Buy,232524082
2024-08-19 09:19:02,21600.0,1000,Buy,232524083
2024-08-19 09:19:02,21600.0,1000,Buy,232524085
2024-08-19 09:19:02,21600.0,3000,Buy,232524089
2024-08-19 09:19:02,21600.0,5000,Buy,232524087
2024-08-19 09:19:02,21600.0,600,Buy,232524088
2024-08-19 09:19:02,21600.0,2800,Buy,232524080
2024-08-19 09:19:02,21550.0,400,Sell,232524092
2024-08-19 09:19:02,21600.0,5000,Buy,232524086
2024-08-19 09:19:02,21600.0,4400,Buy,232524079
2024-08-19 09:19:02,21600.0,8600,Buy,232524091
2024-08-19 09:19:02,21600.0,100,Buy,232524077
2024-08-19 09:19:02,21600.0,5000,Buy,232524078
2024-08-19 09:19:02,21550.0,200,Sell,232524055
2024-08-19 09:19:02,21550.0,600,Sell,232524064
2024-08-19 09:19:02,21600.0,2300,Buy,232524069
2024-08-19 09:19:02,21600.0,200,Buy,232524070
2024-08-19 09:19:02,21600.0,2000,Buy,232524090
2024-08-19 09:19:02,21600.0,4000,Buy,232524072
2024-08-19 09:19:02,21600.0,900,Buy,232524073
2024-08-19 09:19:02,21600.0,100,Buy,232524071
2024-08-19 09:19:02,21600.0,3000,Buy,232524074
2024-08-19 09:19:02,21600.0,700,Buy,232524075
2024-08-19 09:19:02,21600.0,100,Buy,232524076
2024-08-19 09:19:03,21550.0,3600,Sell,232524120
2024-08-19 09:19:04,21550.0,200,Buy,232524178
2024-08-19 09:19:07,21550.0,500,Buy,232524305
2024-08-19 09:19:14,21550.0,200,Buy,232524601
2024-08-19 09:19:23,21550.0,100,Buy,232525008
2024-08-19 09:19:29,21550.0,500,Buy,232525259
2024-08-19 09:19:33,21550.0,100,Buy,232525416
2024-08-19 09:19:33,21550.0,100,Buy,232525419
2024-08-19 09:19:33,21550.0,1000,Buy,232525418
2024-08-19 09:19:33,21550.0,200,Buy,232525417
2024-08-19 09:19:33,21550.0,2000,Buy,232525415
2024-08-19 09:19:33,21550.0,100,Buy,232525420
2024-08-19 09:19:33,21550.0,100,Buy,232525413
2024-08-19 09:19:33,21550.0,900,Buy,232525412
2024-08-19 09:19:33,21550.0,16600,Buy,232525411
2024-08-19 09:19:33,21550.0,5000,Buy,232525410
2024-08-19 09:19:33,21550.0,19400,Buy,232525409
2024-08-19 09:19:33,21550.0,800,Buy,232525405
2024-08-19 09:19:33,21550.0,100,Buy,232525414
2024-08-19 09:19:38,21550.0,100,Sell,232525672
2024-08-19 09:19:39,21550.0,4900,Buy,232525723
2024-08-19 09:19:39,21550.0,100,Buy,232525722
2024-08-19 09:19:39,21550.0,2900,Buy,232525721
2024-08-19 09:19:39,21550.0,4300,Sell,232525704
2024-08-19 09:19:48,21550.0,6700,Buy,232526091
2024-08-19 09:19:48,21550.0,700,Buy,232526092
2024-08-19 09:19:48,21550.0,2600,Buy,232526093
2024-08-19 09:19:53,21550.0,400,Buy,232526304
2024-08-19 09:19:53,21550.0,500,Buy,232526305
2024-08-19 09:19:54,21550.0,200,Buy,232526386
2024-08-19 09:19:54,21550.0,100,Buy,232526385
2024-08-19 09:19:54,21550.0,2500,Buy,232526384
2024-08-19 09:19:54,21550.0,2700,Buy,232526382
2024-08-19 09:19:54,21550.0,200,Buy,232526381
2024-08-19 09:19:54,21550.0,700,Buy,232526380
2024-08-19 09:19:54,21550.0,1600,Buy,232526383
2024-08-19 09:19:55,21550.0,1600,Sell,232526425
2024-08-19 09:19:55,21550.0,2000,Sell,232526411
2024-08-19 09:19:56,21550.0,500,Sell,232526441
2024-08-19 09:19:57,21550.0,300,Sell,232526456
2024-08-19 09:19:57,21550.0,500,Sell,232526469
2024-08-19 09:19:58,21550.0,100,Sell,232526514
2024-08-19 09:19:58,21550.0,200,Sell,232526525
2024-08-19 09:20:01,21550.0,100,Sell,232526668
2024-08-19 09:20:20,21550.0,1700,Sell,232527467
2024-08-19 09:20:20,21550.0,1000,Sell,232527473
2024-08-19 09:20:21,21550.0,500,Sell,232527504
2024-08-19 09:20:21,21550.0,100,Sell,232527492
2024-08-19 09:20:21,21550.0,500,Sell,232527493
2024-08-19 09:20:22,21550.0,100,Sell,232527526
2024-08-19 09:20:23,21550.0,100,Sell,232527612
2024-08-19 09:20:32,21550.0,100,Sell,232528069
2024-08-19 09:20:36,21550.0,200,Sell,232528180
2024-08-19 09:20:45,21550.0,300,Sell,232528567
2024-08-19 09:20:55,21550.0,200,Sell,232528893
2024-08-19 09:20:56,21600.0,100,Buy,232529034
2024-08-19 09:21:01,21600.0,3800,Buy,232529200
2024-08-19 09:21:01,21600.0,400,Buy,232529198
2024-08-19 09:21:01,21600.0,1000,Buy,232529199
2024-08-19 09:21:01,21600.0,1000,Buy,232529196
2024-08-19 09:21:01,21600.0,1300,Buy,232529195
2024-08-19 09:21:01,21600.0,500,Buy,232529197
2024-08-19 09:21:08,21600.0,1400,Buy,232529555
2024-08-19 09:21:11,21550.0,2000,Sell,232529635
2024-08-19 09:21:11,21550.0,300,Sell,232529662
2024-08-19 09:21:12,21550.0,500,Sell,232529690
2024-08-19 09:21:13,21550.0,200,Sell,232529713
2024-08-19 09:21:18,21550.0,100,Sell,232529940
2024-08-19 09:21:18,21600.0,200,Buy,232529999
2024-08-19 09:21:18,21550.0,100,Sell,232529939
2024-08-19 09:21:18,21500.0,6000,Sell,232529941
2024-08-19 09:21:18,21550.0,200,Sell,232529937
2024-08-19 09:21:18,21550.0,100,Sell,232529936
2024-08-19 09:21:18,21550.0,15500,Sell,232529934
2024-08-19 09:21:18,21550.0,200,Sell,232529935
2024-08-19 09:21:18,21550.0,1500,Sell,232529938
2024-08-19 09:21:19,21500.0,5900,Sell,232530048
2024-08-19 09:21:20,21550.0,1500,Sell,232530082
2024-08-19 09:21:20,21550.0,1100,Sell,232530097
2024-08-19 09:21:21,21550.0,300,Sell,232530113
2024-08-19 09:21:22,21550.0,200,Sell,232530168
2024-08-19 09:21:22,21550.0,300,Sell,232530175
2024-08-19 09:21:23,21550.0,100,Sell,232530215
2024-08-19 09:21:34,21550.0,2000,Sell,232530588
2024-08-19 09:21:35,21550.0,300,Sell,232530598
2024-08-19 09:21:35,21550.0,500,Sell,232530626
2024-08-19 09:21:36,21550.0,100,Sell,232530661
2024-08-19 09:21:36,21550.0,200,Sell,232530672
2024-08-19 09:21:36,21550.0,1000,Sell,232530698
2024-08-19 09:21:37,21550.0,100,Sell,232530729
2024-08-19 09:21:38,21550.0,200,Sell,232530744
2024-08-19 09:21:38,21550.0,100,Sell,232530757
2024-08-19 09:21:45,21600.0,21400,Buy,232531003
2024-08-19 09:21:45,21600.0,100,Buy,232530999
2024-08-19 09:21:45,21600.0,100,Buy,232531001
2024-08-19 09:21:45,21600.0,200,Buy,232531000
2024-08-19 09:21:45,21600.0,1200,Buy,232530998
2024-08-19 09:21:45,21600.0,100,Buy,232531002
2024-08-19 09:21:45,21600.0,100,Buy,232530996
2024-08-19 09:21:45,21600.0,100,Buy,232530995
2024-08-19 09:21:45,21600.0,100,Buy,232530994
2024-08-19 09:21:45,21600.0,1000,Buy,232530993
2024-08-19 09:21:45,21600.0,4600,Buy,232530992
2024-08-19 09:21:45,21600.0,1000,Buy,232530997
2024-08-19 09:21:46,21550.0,100,Sell,232531024
2024-08-19 09:21:47,21550.0,4500,Sell,232531057
2024-08-19 09:21:48,21550.0,600,Sell,232531093
2024-08-19 09:21:48,21550.0,1100,Sell,232531110
2024-08-19 09:21:49,21550.0,200,Sell,232531140
2024-08-19 09:21:49,21550.0,200,Sell,232531139
2024-08-19 09:21:49,21550.0,100,Sell,232531137
2024-08-19 09:21:49,21550.0,1000,Sell,232531138
2024-08-19 09:21:49,21550.0,7500,Sell,232531135
2024-08-19 09:21:49,21550.0,400,Sell,232531134
2024-08-19 09:21:49,21550.0,200,Sell,232531133
2024-08-19 09:21:49,21550.0,300,Sell,232531136
2024-08-19 09:21:52,21500.0,5000,Sell,232531254
2024-08-19 09:21:53,21500.0,1200,Sell,232531314
2024-08-19 09:21:53,21550.0,1100,Buy,232531323
2024-08-19 09:21:54,21500.0,900,Sell,232531329
2024-08-19 09:21:54,21550.0,1000,Buy,232531330
2024-08-19 09:21:55,21550.0,2400,Buy,232531357
2024-08-19 09:21:57,21550.0,2000,Buy,232531450
2024-08-19 09:22:11,21550.0,5000,Buy,232531904
2024-08-19 09:22:21,21550.0,200,Buy,232532218
2024-08-19 09:22:21,21500.0,4000,Sell,232532250
2024-08-19 09:22:23,21500.0,100,Sell,232532326
2024-08-19 09:22:23,21500.0,600,Sell,232532317
2024-08-19 09:22:23,21500.0,900,Sell,232532325
2024-08-19 09:22:24,21500.0,200,Sell,232532342
2024-08-19 09:22:24,21500.0,200,Sell,232532347
2024-08-19 09:22:24,21500.0,100,Sell,232532348
2024-08-19 09:22:24,21500.0,100,Sell,232532349
2024-08-19 09:22:25,21500.0,100,Sell,232532385
2024-08-19 09:22:25,21550.0,2000,Buy,232532401
2024-08-19 09:22:31,21550.0,10000,Buy,232532597
2024-08-19 09:22:32,21550.0,200,Buy,232532617
2024-08-19 09:22:37,21550.0,1000,Buy,232532786
2024-08-19 09:22:37,21550.0,3000,Buy,232532787
2024-08-19 09:22:41,21550.0,2000,Buy,232532918
2024-08-19 09:22:41,21550.0,200,Buy,232532926
2024-08-19 09:22:45,21550.0,100,Buy,232533095
2024-08-19 09:22:57,21550.0,100,Buy,232533501
2024-08-19 09:23:01,21550.0,200,Buy,232533713
2024-08-19 09:23:02,21500.0,200,Sell,232533819
2024-08-19 09:23:02,21500.0,46800,Sell,232533828
2024-08-19 09:23:02,21500.0,1000,Sell,232533826
2024-08-19 09:23:02,21500.0,1000,Sell,232533825
2024-08-19 09:23:02,21500.0,500,Sell,232533824
2024-08-19 09:23:02,21500.0,3000,Sell,232533823
2024-08-19 09:23:02,21500.0,500,Sell,232533822
2024-08-19 09:23:02,21500.0,1500,Sell,232533821
2024-08-19 09:23:02,21500.0,1000,Sell,232533820
2024-08-19 09:23:02,21500.0,5000,Sell,232533818
2024-08-19 09:23:02,21500.0,500,Sell,232533827
2024-08-19 09:23:02,21500.0,300,Sell,232533816
2024-08-19 09:23:02,21500.0,100,Sell,232533815
2024-08-19 09:23:02,21500.0,100,Sell,232533814
2024-08-19 09:23:02,21500.0,600,Sell,232533813
2024-08-19 09:23:02,21500.0,200,Sell,232533812
2024-08-19 09:23:02,21500.0,2700,Sell,232533811
2024-08-19 09:23:02,21500.0,100,Sell,232533810
2024-08-19 09:23:02,21500.0,12700,Sell,232533809
2024-08-19 09:23:02,21500.0,5000,Sell,232533817
2024-08-19 09:23:02,21500.0,1000,Sell,232533808
2024-08-19 09:23:02,21500.0,300,Sell,232533807
2024-08-19 09:23:03,21500.0,4300,Sell,232533839
2024-08-19 09:23:03,21500.0,22100,Sell,232533857
2024-08-19 09:23:03,21500.0,12100,Sell,232533881
2024-08-19 09:23:04,21500.0,3000,Sell,232533920
2024-08-19 09:23:04,21500.0,8500,Sell,232533894
2024-08-19 09:23:05,21500.0,2100,Sell,232533951
2024-08-19 09:23:06,21500.0,400,Sell,232533997
2024-08-19 09:23:06,21500.0,200,Sell,232533998
2024-08-19 09:23:06,21500.0,500,Sell,232533999
2024-08-19 09:23:06,21500.0,300,Sell,232534000
2024-08-19 09:23:06,21500.0,700,Sell,232533975
2024-08-19 09:23:07,21500.0,300,Sell,232534018
2024-08-19 09:23:07,21500.0,300,Sell,232534033
2024-08-19 09:23:08,21500.0,100,Sell,232534085
2024-08-19 09:23:10,21500.0,3500,Sell,232534130
2024-08-19 09:23:10,21500.0,100,Sell,232534129
2024-08-19 09:23:10,21500.0,100,Sell,232534128
2024-08-19 09:23:10,21500.0,1000,Sell,232534127
2024-08-19 09:23:10,21500.0,300,Sell,232534126
2024-08-19 09:23:11,21500.0,500,Sell,232534261
2024-08-19 09:23:11,21500.0,20000,Sell,232534262
2024-08-19 09:23:11,21500.0,200,Sell,232534263
2024-08-19 09:23:11,21500.0,3000,Sell,232534264
2024-08-19 09:23:11,21500.0,2400,Sell,232534265
2024-08-19 09:23:11,21500.0,1000,Sell,232534266
2024-08-19 09:23:11,21500.0,200,Sell,232534272
2024-08-19 09:23:11,21500.0,200,Sell,232534268
2024-08-19 09:23:11,21500.0,1000,Sell,232534269
2024-08-19 09:23:11,21500.0,1000,Sell,232534270
2024-08-19 09:23:11,21500.0,1000,Sell,232534271
2024-08-19 09:23:11,21500.0,500,Sell,232534260
2024-08-19 09:23:11,21500.0,1000,Sell,232534273
2024-08-19 09:23:11,21500.0,300,Sell,232534274
2024-08-19 09:23:11,21500.0,100,Sell,232534267
2024-08-19 09:23:11,21500.0,100,Sell,232534259
2024-08-19 09:23:11,21500.0,100,Sell,232534251
2024-08-19 09:23:11,21500.0,300,Sell,232534257
2024-08-19 09:23:11,21500.0,700,Sell,232534200
2024-08-19 09:23:11,21500.0,800,Sell,232534226
2024-08-19 09:23:11,21500.0,100,Sell,232534227
2024-08-19 09:23:11,21500.0,300,Sell,232534228
2024-08-19 09:23:11,21500.0,400,Sell,232534242
2024-08-19 09:23:11,21500.0,100,Sell,232534258
2024-08-19 09:23:11,21500.0,1000,Sell,232534244
2024-08-19 09:23:11,21500.0,500,Sell,232534243
2024-08-19 09:23:11,21500.0,3000,Sell,232534246
2024-08-19 09:23:11,21500.0,200,Sell,232534247
2024-08-19 09:23:11,21500.0,200,Sell,232534248
2024-08-19 09:23:11,21500.0,300,Sell,232534249
2024-08-19 09:23:11,21500.0,200,Sell,232534250
2024-08-19 09:23:11,21500.0,100,Sell,232534255
2024-08-19 09:23:11,21500.0,100,Sell,232534256
2024-08-19 09:23:11,21500.0,500,Sell,232534245
2024-08-19 09:23:12,21500.0,500,Sell,232534316
2024-08-19 09:23:12,21500.0,100,Sell,232534315
2024-08-19 09:23:12,21500.0,300,Sell,232534314
2024-08-19 09:23:12,21500.0,900,Sell,232534313
2024-08-19 09:23:12,21500.0,1000,Sell,232534312
2024-08-19 09:23:12,21500.0,1000,Sell,232534309
2024-08-19 09:23:12,21500.0,500,Sell,232534310
2024-08-19 09:23:12,21500.0,100,Sell,232534311
2024-08-19 09:23:12,21500.0,200,Sell,232534282
2024-08-19 09:23:12,21500.0,1000,Sell,232534308
2024-08-19 09:23:12,21500.0,100,Sell,232534307
2024-08-19 09:23:12,21500.0,2300,Sell,232534306
2024-08-19 09:23:19,21500.0,200,Buy,232534585
2024-08-19 09:23:36,21500.0,1600,Buy,232535255
2024-08-19 09:23:47,21500.0,100,Buy,232535760
2024-08-19 09:23:49,21500.0,100,Buy,232535821
2024-08-19 09:23:57,21450.0,100,Sell,232536135
2024-08-19 09:23:57,21450.0,100,Sell,232536136
2024-08-19 09:23:57,21450.0,1300,Sell,232536137
2024-08-19 09:23:57,21450.0,500,Sell,232536138
2024-08-19 09:23:57,21450.0,100,Sell,232536139
2024-08-19 09:23:57,21450.0,100,Sell,232536142
2024-08-19 09:23:57,21450.0,100,Sell,232536141
2024-08-19 09:23:57,21450.0,100,Sell,232536143
2024-08-19 09:23:57,21450.0,1000,Sell,232536144
2024-08-19 09:23:57,21450.0,100,Sell,232536145
2024-08-19 09:23:57,21450.0,400,Sell,232536146
2024-08-19 09:23:57,21450.0,3300,Sell,232536140
2024-08-19 09:23:57,21450.0,500,Sell,232536133
2024-08-19 09:23:57,21450.0,100,Sell,232536134
2024-08-19 09:23:57,21450.0,200,Sell,232536119
2024-08-19 09:23:57,21450.0,1000,Sell,232536117
2024-08-19 09:23:57,21450.0,100,Sell,232536118
2024-08-19 09:23:57,21450.0,100,Sell,232536131
2024-08-19 09:23:57,21450.0,1000,Sell,232536120
2024-08-19 09:23:57,21450.0,100,Sell,232536121
2024-08-19 09:23:57,21450.0,200,Sell,232536122
2024-08-19 09:23:57,21450.0,1000,Sell,232536123
2024-08-19 09:23:57,21450.0,500,Sell,232536132
2024-08-19 09:23:57,21450.0,100,Sell,232536125
2024-08-19 09:23:57,21450.0,100,Sell,232536126
2024-08-19 09:23:57,21450.0,2300,Sell,232536127
2024-08-19 09:23:57,21450.0,100,Sell,232536128
2024-08-19 09:23:57,21450.0,100,Sell,232536129
2024-08-19 09:23:57,21450.0,200,Sell,232536130
2024-08-19 09:23:57,21450.0,100,Sell,232536124
2024-08-19 09:23:58,21450.0,2200,Sell,232536173
2024-08-19 09:23:59,21450.0,300,Sell,232536213
2024-08-19 09:24:00,21450.0,1100,Sell,232536323
2024-08-19 09:24:00,21450.0,100,Sell,232536324
2024-08-19 09:24:00,21450.0,100,Sell,232536325
2024-08-19 09:24:00,21450.0,200,Sell,232536326
2024-08-19 09:24:00,21450.0,200,Sell,232536327
2024-08-19 09:24:00,21450.0,1300,Sell,232536328
2024-08-19 09:24:02,21450.0,400,Sell,232536400
2024-08-19 09:24:06,21450.0,100,Sell,232536579
2024-08-19 09:24:06,21450.0,100,Sell,232536580
2024-08-19 09:24:08,21500.0,19300,Buy,232536652
2024-08-19 09:24:08,21500.0,600,Buy,232536651
2024-08-19 09:24:08,21500.0,500,Buy,232536647
2024-08-19 09:24:08,21500.0,2000,Buy,232536649
2024-08-19 09:24:08,21500.0,7100,Buy,232536648
2024-08-19 09:24:08,21500.0,500,Buy,232536650
2024-08-19 09:24:15,21450.0,100,Sell,232536892
2024-08-19 09:24:19,21450.0,200,Sell,232537018
2024-08-19 09:24:19,21450.0,100,Sell,232537016
2024-08-19 09:24:19,21450.0,400,Sell,232537015
2024-08-19 09:24:19,21450.0,100,Sell,232537014
2024-08-19 09:24:19,21450.0,5000,Sell,232537013
2024-08-19 09:24:19,21450.0,7000,Sell,232537012
2024-08-19 09:24:19,21450.0,200,Sell,232537011
2024-08-19 09:24:19,21450.0,2300,Sell,232537010
2024-08-19 09:24:19,21450.0,16900,Sell,232537019
2024-08-19 09:24:19,21450.0,500,Sell,232537008
2024-08-19 09:24:19,21450.0,300,Sell,232537009
2024-08-19 09:24:19,21450.0,4800,Sell,232537000
2024-08-19 09:24:19,21450.0,1000,Sell,232537001
2024-08-19 09:24:19,21450.0,2000,Sell,232537002
2024-08-19 09:24:19,21450.0,5000,Sell,232537017
2024-08-19 09:24:19,21450.0,100,Sell,232537004
2024-08-19 09:24:19,21450.0,100,Sell,232537003
2024-08-19 09:24:19,21450.0,1000,Sell,232537005
2024-08-19 09:24:19,21450.0,1000,Sell,232537006
2024-08-19 09:24:19,21450.0,2000,Sell,232537007
2024-08-19 09:24:20,21450.0,1100,Sell,232537038
2024-08-19 09:24:20,21450.0,100,Sell,232537039
2024-08-19 09:24:20,21450.0,1000,Sell,232537040
2024-08-19 09:24:20,21450.0,100,Sell,232537041
2024-08-19 09:24:20,21450.0,5200,Sell,232537042
2024-08-19 09:24:21,21450.0,100,Sell,232537104
2024-08-19 09:24:21,21450.0,1100,Sell,232537083
2024-08-19 09:24:25,21450.0,3600,Sell,232537256
2024-08-19 09:24:25,21450.0,2000,Sell,232537257
2024-08-19 09:24:25,21450.0,1000,Sell,232537259
2024-08-19 09:24:25,21450.0,7900,Sell,232537260
2024-08-19 09:24:25,21450.0,200,Sell,232537261
2024-08-19 09:24:25,21450.0,100,Sell,232537262
2024-08-19 09:24:25,21450.0,500,Sell,232537263
2024-08-19 09:24:25,21450.0,1000,Sell,232537264
2024-08-19 09:24:25,21450.0,1000,Sell,232537265
2024-08-19 09:24:25,21450.0,500,Sell,232537266
2024-08-19 09:24:25,21450.0,100,Sell,232537258
2024-08-19 09:24:29,21450.0,100,Buy,232537387
2024-08-19 09:24:32,21450.0,300,Buy,232537536
2024-08-19 09:24:41,21450.0,100,Buy,232537816
2024-08-19 09:24:45,21450.0,500,Buy,232537943
2024-08-19 09:24:46,21450.0,500,Buy,232537986
2024-08-19 09:24:46,21450.0,300,Buy,232537972
2024-08-19 09:24:48,21400.0,100,Sell,232538089
2024-08-19 09:24:48,21400.0,900,Sell,232538090
2024-08-19 09:24:49,21450.0,30000,Buy,232538102
2024-08-19 09:24:52,21450.0,300,Buy,232538243
2024-08-19 09:25:16,21450.0,100,Buy,232539276
2024-08-19 09:25:17,21450.0,2200,Buy,232539320
2024-08-19 09:25:20,21450.0,200,Buy,232539450
2024-08-19 09:25:21,21450.0,300,Buy,232539493
2024-08-19 09:25:23,21450.0,700,Buy,232539538
2024-08-19 09:25:27,21450.0,500,Buy,232539704
2024-08-19 09:25:27,21400.0,1900,Sell,232539689
2024-08-19 09:25:27,21400.0,500,Sell,232539688
2024-08-19 09:25:27,21400.0,200,Sell,232539686
2024-08-19 09:25:27,21400.0,200,Sell,232539687
2024-08-19 09:25:27,21450.0,200,Buy,232539710
2024-08-19 09:25:27,21400.0,500,Sell,232539685
2024-08-19 09:25:27,21400.0,300,Sell,232539680
2024-08-19 09:25:27,21400.0,100,Sell,232539683
2024-08-19 09:25:27,21400.0,100,Sell,232539682
2024-08-19 09:25:27,21400.0,200,Sell,232539681
2024-08-19 09:25:27,21400.0,100,Sell,232539679
2024-08-19 09:25:27,21400.0,100,Sell,232539678
2024-08-19 09:25:27,21400.0,200,Sell,232539677
2024-08-19 09:25:27,21400.0,100,Sell,232539676
2024-08-19 09:25:27,21400.0,500,Sell,232539684
2024-08-19 09:25:28,21400.0,700,Sell,232539724
2024-08-19 09:25:28,21400.0,1100,Sell,232539722
2024-08-19 09:25:28,21400.0,600,Sell,232539723
2024-08-19 09:25:29,21400.0,400,Sell,232539750
2024-08-19 09:25:35,21400.0,3300,Sell,232539986
2024-08-19 09:25:35,21400.0,500,Sell,232539987
2024-08-19 09:25:35,21400.0,200,Sell,232539988
2024-08-19 09:25:37,21400.0,600,Sell,232540006
2024-08-19 09:25:37,21400.0,200,Sell,232540015
2024-08-19 09:25:37,21400.0,300,Sell,232540016
2024-08-19 09:25:37,21400.0,100,Sell,232540017
2024-08-19 09:25:37,21400.0,3000,Sell,232540018
2024-08-19 09:25:37,21400.0,1400,Sell,232540019
2024-08-19 09:25:38,21400.0,100,Sell,232540169
2024-08-19 09:25:38,21400.0,400,Sell,232540161
2024-08-19 09:25:38,21400.0,800,Sell,232540082
2024-08-19 09:25:40,21400.0,1100,Sell,232540213
2024-08-19 09:25:41,21400.0,100,Sell,232540253
2024-08-19 09:25:41,21400.0,1100,Sell,232540259
2024-08-19 09:25:41,21400.0,2900,Sell,232540260
2024-08-19 09:25:41,21400.0,2100,Sell,232540282
2024-08-19 09:25:41,21400.0,300,Sell,232540283
2024-08-19 09:25:42,21400.0,600,Sell,232540287
2024-08-19 09:25:43,21400.0,600,Sell,232540350
2024-08-19 09:25:43,21450.0,11400,Buy,232540340
2024-08-19 09:25:43,21450.0,7800,Buy,232540338
2024-08-19 09:25:43,21400.0,300,Sell,232540332
2024-08-19 09:25:43,21400.0,100,Sell,232540331
2024-08-19 09:25:43,21450.0,800,Buy,232540339
2024-08-19 09:25:46,21450.0,500,Buy,232540536
2024-08-19 09:25:47,21400.0,100,Sell,232540555
2024-08-19 09:25:47,21400.0,900,Sell,232540556
2024-08-19 09:25:47,21450.0,100,Buy,232540567
2024-08-19 09:25:48,21400.0,200,Sell,232540572
2024-08-19 09:25:49,21400.0,100,Sell,232540582
2024-08-19 09:25:52,21400.0,200,Sell,232540710
2024-08-19 09:25:52,21400.0,100,Sell,232540708
2024-08-19 09:25:52,21400.0,100,Sell,232540709
2024-08-19 09:25:55,21400.0,200,Sell,232540811
2024-08-19 09:25:57,21400.0,100,Sell,232540877
2024-08-19 09:26:01,21400.0,100,Sell,232541093
2024-08-19 09:26:02,21400.0,400,Sell,232541111
2024-08-19 09:26:02,21400.0,100,Sell,232541112
2024-08-19 09:26:03,21400.0,100,Sell,232541211
2024-08-19 09:26:03,21400.0,200,Sell,232541208
2024-08-19 09:26:03,21400.0,200,Sell,232541209
2024-08-19 09:26:03,21400.0,100,Sell,232541210
2024-08-19 09:26:09,21400.0,200,Sell,232541437
2024-08-19 09:26:11,21400.0,700,Sell,232541494
2024-08-19 09:26:11,21400.0,100,Sell,232541523
2024-08-19 09:26:25,21400.0,200,Sell,232541989
2024-08-19 09:26:31,21400.0,3000,Sell,232542232
2024-08-19 09:26:32,21400.0,400,Sell,232542261
2024-08-19 09:26:50,21400.0,900,Sell,232543123
2024-08-19 09:26:50,21400.0,1000,Sell,232543127
2024-08-19 09:26:50,21400.0,500,Sell,232543126
2024-08-19 09:26:50,21400.0,1000,Sell,232543125
2024-08-19 09:26:50,21400.0,100,Sell,232543124
2024-08-19 09:26:50,21400.0,200,Sell,232543122
2024-08-19 09:26:50,21400.0,200,Sell,232543117
2024-08-19 09:26:50,21400.0,1000,Sell,232543120
2024-08-19 09:26:50,21400.0,500,Sell,232543119
2024-08-19 09:26:50,21400.0,1500,Sell,232543118
2024-08-19 09:26:50,21400.0,300,Sell,232543114
2024-08-19 09:26:50,21400.0,100,Sell,232543116
2024-08-19 09:26:50,21400.0,2800,Sell,232543115
2024-08-19 09:26:50,21400.0,100,Sell,232543121
2024-08-19 09:26:52,21400.0,1000,Sell,232543229
2024-08-19 09:26:52,21400.0,200,Sell,232543230
2024-08-19 09:26:52,21400.0,100,Sell,232543231
2024-08-19 09:26:52,21400.0,200,Sell,232543232
2024-08-19 09:26:52,21400.0,100,Sell,232543233
2024-08-19 09:26:53,21400.0,200,Sell,232543252
2024-08-19 09:26:55,21450.0,100,Buy,232543350
2024-08-19 09:26:57,21400.0,700,Sell,232543410
2024-08-19 09:26:58,21400.0,100,Sell,232543487
2024-08-19 09:27:09,21400.0,100,Sell,232543991
2024-08-19 09:27:10,21450.0,200,Buy,232544007
2024-08-19 09:27:10,21450.0,19800,Buy,232544008
2024-08-19 09:27:11,21400.0,300,Sell,232544078
2024-08-19 09:27:11,21400.0,800,Sell,232544082
2024-08-19 09:27:11,21400.0,200,Sell,232544081
2024-08-19 09:27:11,21400.0,300,Sell,232544080
2024-08-19 09:27:11,21400.0,100,Sell,232544079
2024-08-19 09:27:11,21400.0,500,Sell,232544077
2024-08-19 09:27:11,21400.0,4100,Sell,232544070
2024-08-19 09:27:11,21400.0,200,Sell,232544075
2024-08-19 09:27:11,21400.0,100,Sell,232544071
2024-08-19 09:27:11,21400.0,3000,Sell,232544072
2024-08-19 09:27:11,21400.0,200,Sell,232544076
2024-08-19 09:27:11,21400.0,100,Sell,232544074
2024-08-19 09:27:11,21400.0,100,Sell,232544073
2024-08-19 09:27:12,21400.0,1200,Sell,232544104
2024-08-19 09:27:12,21400.0,400,Sell,232544176
2024-08-19 09:27:33,21450.0,200,Buy,232544956
2024-08-19 09:27:33,21450.0,800,Buy,232544957
2024-08-19 09:27:34,21400.0,1000,Sell,232544978
2024-08-19 09:27:35,21400.0,100,Sell,232544999
2024-08-19 09:27:35,21400.0,200,Sell,232545010
2024-08-19 09:27:40,21400.0,100,Sell,232545224
2024-08-19 09:27:42,21400.0,200,Sell,232545277
2024-08-19 09:27:42,21400.0,500,Sell,232545278
2024-08-19 09:27:42,21400.0,700,Sell,232545279
2024-08-19 09:27:44,21400.0,100,Sell,232545310
2024-08-19 09:27:45,21450.0,100,Buy,232545389
2024-08-19 09:28:01,21450.0,1000,Buy,232546039
2024-08-19 09:28:05,21450.0,100,Buy,232546129
2024-08-19 09:28:10,21450.0,3100,Buy,232546310
2024-08-19 09:28:10,21450.0,1800,Buy,232546308
2024-08-19 09:28:10,21450.0,100,Buy,232546309
2024-08-19 09:28:15,21450.0,100,Buy,232546515
2024-08-19 09:28:19,21450.0,1200,Buy,232546720
2024-08-19 09:28:25,21400.0,200,Sell,232546899
2024-08-19 09:28:25,21400.0,100,Sell,232546900
2024-08-19 09:28:25,21400.0,500,Sell,232546901
2024-08-19 09:28:25,21400.0,1200,Sell,232546902
2024-08-19 09:28:25,21450.0,200,Buy,232546903
2024-08-19 09:28:27,21450.0,1000,Buy,232546965
2024-08-19 09:28:35,21450.0,600,Buy,232547290
2024-08-19 09:28:41,21450.0,100,Buy,232547487
2024-08-19 09:28:44,21450.0,300,Buy,232547565
2024-08-19 09:28:50,21400.0,2700,Sell,232547721
2024-08-19 09:28:53,21450.0,100,Buy,232547783
2024-08-19 09:28:54,21400.0,2200,Sell,232547809
2024-08-19 09:28:55,21400.0,200,Sell,232547860
2024-08-19 09:28:56,21400.0,200,Sell,232547867
2024-08-19 09:29:18,21400.0,6800,Sell,232548696
2024-08-19 09:29:18,21400.0,100,Sell,232548695
2024-08-19 09:29:18,21400.0,500,Sell,232548694
2024-08-19 09:29:18,21400.0,2000,Sell,232548686
2024-08-19 09:29:18,21400.0,400,Sell,232548687
2024-08-19 09:29:18,21400.0,2000,Sell,232548685
2024-08-19 09:29:18,21400.0,100,Sell,232548693
2024-08-19 09:29:18,21400.0,2000,Sell,232548683
2024-08-19 09:29:18,21400.0,3500,Sell,232548677
2024-08-19 09:29:18,21400.0,400,Sell,232548678
2024-08-19 09:29:18,21400.0,500,Sell,232548679
2024-08-19 09:29:18,21400.0,500,Sell,232548684
2024-08-19 09:29:18,21400.0,100,Sell,232548681
2024-08-19 09:29:18,21400.0,600,Sell,232548682
2024-08-19 09:29:18,21400.0,500,Sell,232548680
2024-08-19 09:29:19,21400.0,2000,Sell,232548712
2024-08-19 09:29:19,21400.0,200,Sell,232548760
2024-08-19 09:29:20,21450.0,15000,Buy,232548775
2024-08-19 09:29:23,21400.0,500,Sell,232548858
2024-08-19 09:29:28,21400.0,500,Sell,232549031
2024-08-19 09:29:28,21400.0,300,Sell,232549039
2024-08-19 09:29:28,21400.0,100,Sell,232549041
2024-08-19 09:29:28,21400.0,800,Sell,232549043
2024-08-19 09:29:28,21400.0,500,Sell,232549046
2024-08-19 09:29:28,21400.0,500,Sell,232549045
2024-08-19 09:29:28,21400.0,1000,Sell,232549030
2024-08-19 09:29:28,21400.0,100,Sell,232549047
2024-08-19 09:29:28,21400.0,700,Sell,232549048
2024-08-19 09:29:28,21400.0,300,Sell,232549044
2024-08-19 09:29:28,21400.0,500,Sell,232549029
2024-08-19 09:29:28,21400.0,100,Sell,232549042
2024-08-19 09:29:28,21400.0,1000,Sell,232549027
2024-08-19 09:29:28,21400.0,200,Sell,232549028
2024-08-19 09:29:28,21400.0,500,Sell,232549016
2024-08-19 09:29:28,21400.0,100,Sell,232549017
2024-08-19 09:29:28,21400.0,2000,Sell,232549018
2024-08-19 09:29:28,21400.0,15000,Sell,232549019
2024-08-19 09:29:28,21400.0,1000,Sell,232549020
2024-08-19 09:29:28,21400.0,100,Sell,232549040
2024-08-19 09:29:28,21400.0,300,Sell,232549022
2024-08-19 09:29:28,21400.0,200,Sell,232549023
2024-08-19 09:29:28,21400.0,20000,Sell,232549021
2024-08-19 09:29:28,21400.0,200,Sell,232549024
2024-08-19 09:29:28,21400.0,1000,Sell,232549025
2024-08-19 09:29:28,21400.0,3000,Sell,232549026
2024-08-19 09:29:29,21400.0,4300,Sell,232549070
2024-08-19 09:29:29,21400.0,100,Sell,232549071
2024-08-19 09:29:29,21400.0,600,Sell,232549072
2024-08-19 09:29:34,21400.0,200,Buy,232549294
2024-08-19 09:29:35,21400.0,100,Buy,232549363
2024-08-19 09:29:35,21400.0,300,Buy,232549362
2024-08-19 09:29:43,21400.0,100,Sell,232549617
2024-08-19 09:29:43,21400.0,100,Sell,232549625
2024-08-19 09:29:43,21400.0,900,Sell,232549618
2024-08-19 09:29:46,21400.0,9000,Sell,232549723
2024-08-19 09:29:48,21400.0,500,Sell,232549801
2024-08-19 09:29:50,21400.0,400,Buy,232549886
2024-08-19 09:29:50,21400.0,2000,Buy,232549887
2024-08-19 09:29:51,21400.0,200,Sell,232549917
2024-08-19 09:29:51,21400.0,100,Sell,232549956
2024-08-19 09:29:52,21400.0,7300,Sell,232549996
2024-08-19 09:29:54,21400.0,100,Buy,232550034
2024-08-19 09:29:57,21400.0,100,Buy,232550133
2024-08-19 09:30:04,21400.0,100,Buy,232550336
2024-08-19 09:30:06,21400.0,100,Buy,232550433
2024-08-19 09:30:07,21400.0,500,Buy,232550462
2024-08-19 09:30:10,21400.0,100,Buy,232550501
2024-08-19 09:30:11,21400.0,700,Buy,232550523
2024-08-19 09:30:11,21400.0,200,Buy,232550524
2024-08-19 09:30:11,21400.0,1700,Buy,232550522
2024-08-19 09:30:12,21400.0,200,Sell,232550586
2024-08-19 09:30:16,21400.0,100,Sell,232550791
2024-08-19 09:30:19,21400.0,100,Sell,232550984
2024-08-19 09:30:22,21400.0,500,Sell,232551076
2024-08-19 09:30:28,21400.0,100,Sell,232551298
2024-08-19 09:30:29,21400.0,200,Sell,232551320
2024-08-19 09:30:35,21450.0,200,Buy,232551475
2024-08-19 09:30:45,21450.0,100,Buy,232551743
2024-08-19 09:30:57,21400.0,500,Sell,232552351
2024-08-19 09:31:04,21400.0,200,Sell,232552558
2024-08-19 09:31:04,21400.0,100,Sell,232552557
2024-08-19 09:31:05,21400.0,400,Sell,232552641
2024-08-19 09:31:05,21400.0,100,Sell,232552642
2024-08-19 09:31:07,21400.0,400,Sell,232552707
2024-08-19 09:31:07,21400.0,100,Sell,232552712
2024-08-19 09:31:07,21400.0,10000,Sell,232552713
2024-08-19 09:31:07,21400.0,1000,Sell,232552714
2024-08-19 09:31:07,21400.0,900,Sell,232552715
2024-08-19 09:31:07,21400.0,100,Sell,232552716
2024-08-19 09:31:07,21400.0,500,Sell,232552717
2024-08-19 09:31:07,21400.0,7000,Sell,232552718
2024-08-19 09:31:07,21400.0,1300,Sell,232552724
2024-08-19 09:31:09,21400.0,800,Sell,232552803
2024-08-19 09:31:11,21450.0,500,Buy,232552895
2024-08-19 09:31:38,21400.0,9100,Sell,232553645
2024-08-19 09:31:38,21400.0,900,Sell,232553644
2024-08-19 09:31:39,21400.0,900,Sell,232553697
2024-08-19 09:31:39,21400.0,100,Sell,232553698
2024-08-19 09:31:40,21400.0,100,Sell,232553732
2024-08-19 09:31:49,21400.0,1500,Sell,232553986
2024-08-19 09:31:49,21400.0,100,Sell,232554019
2024-08-19 09:32:08,21400.0,1000,Sell,232554556
2024-08-19 09:32:09,21400.0,100,Sell,232554597
2024-08-19 09:32:14,21400.0,200,Sell,232554680
2024-08-19 09:32:18,21450.0,500,Buy,232554830
2024-08-19 09:32:26,21450.0,100,Buy,232555162
2024-08-19 09:32:39,21450.0,2000,Buy,232555509
2024-08-19 09:32:39,21450.0,300,Buy,232555514
2024-08-19 09:32:47,21450.0,200,Buy,232555833
2024-08-19 09:32:52,21450.0,100,Buy,232556005
2024-08-19 09:33:05,21450.0,38300,Buy,232556460
2024-08-19 09:33:05,21450.0,1600,Buy,232556461
2024-08-19 09:33:05,21450.0,200,Buy,232556462
2024-08-19 09:33:05,21450.0,9900,Buy,232556463
2024-08-19 09:33:06,21450.0,100,Buy,232556533
2024-08-19 09:33:07,21450.0,1200,Buy,232556565
2024-08-19 09:33:23,21450.0,2600,Buy,232556983
2024-08-19 09:33:33,21450.0,1000,Buy,232557218
2024-08-19 09:33:38,21450.0,10000,Buy,232557344
2024-08-19 09:33:41,21450.0,200,Buy,232557434
2024-08-19 09:33:46,21450.0,100,Buy,232557632
2024-08-19 09:33:49,21450.0,300,Buy,232557734
2024-08-19 09:33:51,21450.0,500,Buy,232557801
2024-08-19 09:33:57,21450.0,1000,Buy,232557968
2024-08-19 09:34:02,21400.0,300,Sell,232558156
2024-08-19 09:34:03,21450.0,1000,Buy,232558211
2024-08-19 09:34:06,21450.0,100,Buy,232558287
2024-08-19 09:34:12,21450.0,1100,Buy,232558449
2024-08-19 09:34:39,21400.0,200,Sell,232559239
2024-08-19 09:34:55,21400.0,1500,Sell,232559787
2024-08-19 09:34:56,21400.0,100,Sell,232559823
2024-08-19 09:35:01,21400.0,100,Sell,232559916
2024-08-19 09:35:01,21400.0,100,Sell,232559911
2024-08-19 09:35:09,21400.0,200,Sell,232560059
2024-08-19 09:35:30,21400.0,100,Sell,232560690
2024-08-19 09:35:33,21450.0,500,Buy,232560758
2024-08-19 09:35:37,21450.0,4000,Buy,232560845
2024-08-19 09:35:47,21450.0,1000,Buy,232561118
2024-08-19 09:35:49,21450.0,500,Buy,232561250
2024-08-19 09:36:19,21450.0,500,Buy,232562465
2024-08-19 09:36:28,21450.0,5000,Buy,232562720
2024-08-19 09:36:29,21400.0,2000,Sell,232562813
2024-08-19 09:36:31,21400.0,200,Sell,232562868
2024-08-19 09:36:32,21450.0,100,Buy,232562885
2024-08-19 09:36:46,21450.0,200,Buy,232563454
2024-08-19 09:36:49,21450.0,2000,Buy,232563550
2024-08-19 09:37:11,21450.0,5000,Buy,232564406
2024-08-19 09:37:33,21450.0,300,Buy,232565365
2024-08-19 09:37:34,21450.0,100,Buy,232565447
2024-08-19 09:37:36,21400.0,500,Sell,232565531
2024-08-19 09:37:38,21450.0,300,Buy,232565587
2024-08-19 09:37:41,21450.0,3000,Buy,232565728
2024-08-19 09:37:46,21450.0,37300,Buy,232565910
2024-08-19 09:37:46,21450.0,12400,Buy,232565908
2024-08-19 09:37:46,21450.0,300,Buy,232565909
2024-08-19 09:37:48,21450.0,200,Buy,232565966
2024-08-19 09:37:56,21450.0,50000,Buy,232566266
2024-08-19 09:37:57,21450.0,2000,Buy,232566278
2024-08-19 09:38:00,21450.0,10000,Buy,232566392
2024-08-19 09:38:03,21450.0,100,Buy,232566521
2024-08-19 09:38:03,21450.0,500,Buy,232566520
2024-08-19 09:38:03,21450.0,200,Buy,232566522
2024-08-19 09:38:03,21450.0,100,Buy,232566518
2024-08-19 09:38:03,21450.0,600,Buy,232566519
2024-08-19 09:38:03,21450.0,500,Buy,232566517
2024-08-19 09:38:15,21450.0,300,Buy,232566988
2024-08-19 09:38:15,21450.0,200,Buy,232566995
2024-08-19 09:38:15,21450.0,1000,Buy,232566994
2024-08-19 09:38:15,21450.0,100,Buy,232566993
2024-08-19 09:38:15,21450.0,600,Buy,232566996
2024-08-19 09:38:15,21450.0,100,Buy,232566991
2024-08-19 09:38:15,21450.0,2300,Buy,232566990
2024-08-19 09:38:15,21450.0,200,Buy,232566989
2024-08-19 09:38:15,21450.0,200,Buy,232566992
2024-08-19 09:38:22,21450.0,100,Buy,232567338
2024-08-19 09:38:23,21450.0,800,Buy,232567362
2024-08-19 09:38:27,21450.0,900,Buy,232567544
2024-08-19 09:38:27,21450.0,100,Buy,232567545
2024-08-19 09:38:40,21450.0,100,Buy,232568063
2024-08-19 09:38:40,21450.0,100,Buy,232568064
2024-08-19 09:38:40,21450.0,1600,Buy,232568065
2024-08-19 09:38:42,21450.0,2000,Buy,232568122
2024-08-19 09:38:48,21450.0,200,Buy,232568309
2024-08-19 09:38:49,21450.0,1000,Buy,232568313
2024-08-19 09:38:49,21450.0,900,Buy,232568312
2024-08-19 09:38:49,21450.0,4100,Buy,232568311
2024-08-19 09:38:52,21450.0,2000,Buy,232568476
2024-08-19 09:38:53,21450.0,2000,Buy,232568528
2024-08-19 09:38:53,21450.0,1000,Buy,232568529
2024-08-19 09:38:55,21450.0,100,Buy,232568585
2024-08-19 09:38:58,21450.0,500,Buy,232568718
2024-08-19 09:38:59,21450.0,800,Buy,232568809
2024-08-19 09:38:59,21450.0,1800,Buy,232568810
2024-08-19 09:39:08,21450.0,1000,Buy,232569260
2024-08-19 09:39:14,21450.0,1000,Buy,232569499
2024-08-19 09:39:14,21450.0,200,Buy,232569500
2024-08-19 09:39:14,21450.0,100,Buy,232569501
2024-08-19 09:39:14,21450.0,100,Buy,232569502
2024-08-19 09:39:14,21450.0,100,Buy,232569503
2024-08-19 09:39:14,21450.0,200,Buy,232569508
2024-08-19 09:39:14,21450.0,200,Buy,232569505
2024-08-19 09:39:14,21450.0,6000,Buy,232569506
2024-08-19 09:39:14,21450.0,100,Buy,232569509
2024-08-19 09:39:14,21450.0,100,Buy,232569498
2024-08-19 09:39:14,21450.0,100,Buy,232569504
2024-08-19 09:39:14,21450.0,200,Buy,232569497
2024-08-19 09:39:14,21450.0,400,Buy,232569507
2024-08-19 09:39:14,21450.0,100,Buy,232569495
2024-08-19 09:39:14,21450.0,200,Buy,232569496
2024-08-19 09:39:14,21450.0,200,Buy,232569475
2024-08-19 09:39:14,21450.0,100,Buy,232569476
2024-08-19 09:39:14,21450.0,5100,Buy,232569474
2024-08-19 09:39:14,21450.0,100,Buy,232569478
2024-08-19 09:39:14,21450.0,200,Buy,232569479
2024-08-19 09:39:14,21450.0,10000,Buy,232569477
2024-08-19 09:39:14,21450.0,7900,Buy,232569481
2024-08-19 09:39:14,21450.0,2000,Buy,232569482
2024-08-19 09:39:14,21450.0,5000,Buy,232569483
2024-08-19 09:39:14,21450.0,100,Buy,232569484
2024-08-19 09:39:14,21450.0,10000,Buy,232569494
2024-08-19 09:39:14,21450.0,200,Buy,232569480
2024-08-19 09:39:19,21450.0,500,Buy,232569668
2024-08-19 09:39:19,21450.0,1100,Buy,232569671
2024-08-19 09:39:19,21450.0,300,Buy,232569670
2024-08-19 09:39:19,21450.0,100,Buy,232569669
2024-08-19 09:39:19,21450.0,100,Buy,232569667
2024-08-19 09:39:19,21450.0,1500,Buy,232569672
2024-08-19 09:39:19,21450.0,200,Buy,232569665
2024-08-19 09:39:19,21450.0,500,Buy,232569664
2024-08-19 09:39:19,21450.0,100,Buy,232569663
2024-08-19 09:39:19,21450.0,300,Buy,232569662
2024-08-19 09:39:19,21450.0,100,Buy,232569661
2024-08-19 09:39:19,21450.0,200,Buy,232569666
2024-08-19 09:39:21,21450.0,400,Buy,232569746
2024-08-19 09:39:21,21450.0,200,Buy,232569745
2024-08-19 09:39:21,21450.0,200,Buy,232569744
2024-08-19 09:39:21,21450.0,100,Buy,232569742
2024-08-19 09:39:21,21450.0,5200,Buy,232569741
2024-08-19 09:39:21,21450.0,5000,Buy,232569740
2024-08-19 09:39:21,21450.0,3500,Buy,232569739
2024-08-19 09:39:21,21450.0,1000,Buy,232569743
2024-08-19 09:39:25,21450.0,100,Buy,232569924
2024-08-19 09:39:25,21450.0,6000,Buy,232569926
2024-08-19 09:39:25,21450.0,100,Buy,232569925
2024-08-19 09:39:25,21450.0,900,Buy,232569923
2024-08-19 09:39:25,21450.0,500,Buy,232569914
2024-08-19 09:39:25,21450.0,500,Buy,232569916
2024-08-19 09:39:25,21450.0,500,Buy,232569915
2024-08-19 09:39:25,21450.0,100,Buy,232569913
2024-08-19 09:39:25,21450.0,500,Buy,232569922
2024-08-19 09:39:26,21500.0,14300,Buy,232569986
2024-08-19 09:39:26,21450.0,1500,Buy,232569985
2024-08-19 09:39:26,21450.0,500,Buy,232569984
2024-08-19 09:39:26,21450.0,1000,Buy,232569983
2024-08-19 09:39:26,21450.0,5000,Buy,232569981
2024-08-19 09:39:26,21450.0,100,Buy,232569980
2024-08-19 09:39:26,21450.0,400,Buy,232569982
2024-08-19 09:39:26,21450.0,200,Buy,232569978
2024-08-19 09:39:26,21450.0,1900,Buy,232569972
2024-08-19 09:39:26,21450.0,100,Buy,232569973
2024-08-19 09:39:26,21450.0,200,Buy,232569974
2024-08-19 09:39:26,21450.0,100,Buy,232569979
2024-08-19 09:39:26,21450.0,200,Buy,232569976
2024-08-19 09:39:26,21450.0,300,Buy,232569977
2024-08-19 09:39:26,21450.0,600,Buy,232569975
2024-08-19 09:39:27,21450.0,200,Buy,232570032
2024-08-19 09:39:27,21450.0,700,Buy,232570042
2024-08-19 09:39:28,21450.0,2600,Sell,232570047
2024-08-19 09:39:29,21450.0,300,Sell,232570074
2024-08-19 09:39:37,21450.0,200,Sell,232570323
2024-08-19 09:39:38,21500.0,100,Buy,232570371
2024-08-19 09:39:59,21500.0,100,Buy,232571291
2024-08-19 09:40:13,21500.0,300,Buy,232571789
2024-08-19 09:40:16,21500.0,5000,Buy,232571947
2024-08-19 09:40:42,21500.0,100,Buy,232573140
2024-08-19 09:40:50,21500.0,300,Buy,232573554
2024-08-19 09:40:50,21500.0,400,Buy,232573555
2024-08-19 09:40:50,21500.0,300,Buy,232573556
2024-08-19 09:40:59,21500.0,100,Buy,232574194
2024-08-19 09:41:02,21500.0,500,Buy,232574303
2024-08-19 09:41:20,21500.0,100,Buy,232574943
2024-08-19 09:41:20,21500.0,100,Buy,232574944
2024-08-19 09:41:20,21500.0,800,Buy,232574945
2024-08-19 09:41:45,21500.0,1500,Buy,232575767
2024-08-19 09:41:50,21500.0,200,Buy,232575909
2024-08-19 09:41:52,21500.0,1000,Buy,232575973
2024-08-19 09:42:01,21500.0,200,Buy,232576325
2024-08-19 09:42:16,21500.0,500,Buy,232576727
2024-08-19 09:42:16,21500.0,700,Buy,232576728
2024-08-19 09:42:16,21500.0,100,Buy,232576729
2024-08-19 09:42:16,21500.0,3700,Buy,232576730
2024-08-19 09:42:17,21500.0,3800,Buy,232576766
2024-08-19 09:42:17,21500.0,1200,Buy,232576767
2024-08-19 09:42:19,21500.0,100,Buy,232576829
2024-08-19 09:42:21,21500.0,5000,Buy,232576901
2024-08-19 09:42:21,21500.0,1000,Buy,232576903
2024-08-19 09:42:29,21450.0,1200,Sell,232577094
2024-08-19 09:42:29,21450.0,5000,Sell,232577095
2024-08-19 09:42:29,21450.0,5000,Sell,232577096
2024-08-19 09:42:29,21450.0,8000,Sell,232577097
2024-08-19 09:42:30,21450.0,1900,Sell,232577144
2024-08-19 09:42:30,21450.0,100,Sell,232577200
2024-08-19 09:42:39,21500.0,22700,Buy,232577496
2024-08-19 09:42:39,21500.0,300,Buy,232577497
2024-08-19 09:42:39,21500.0,7000,Buy,232577498
2024-08-19 09:42:40,21500.0,1000,Buy,232577542
2024-08-19 09:42:41,21450.0,1000,Sell,232577566
2024-08-19 09:42:42,21450.0,200,Sell,232577575
2024-08-19 09:42:43,21450.0,100,Sell,232577620
2024-08-19 09:42:46,21500.0,200,Buy,232577734
2024-08-19 09:42:46,21500.0,3300,Buy,232577736
2024-08-19 09:42:46,21500.0,200,Buy,232577735
2024-08-19 09:42:46,21500.0,100,Buy,232577733
2024-08-19 09:42:46,21500.0,200,Buy,232577729
2024-08-19 09:42:46,21500.0,5000,Buy,232577731
2024-08-19 09:42:46,21500.0,4400,Buy,232577730
2024-08-19 09:42:46,21500.0,4500,Buy,232577727
2024-08-19 09:42:46,21500.0,1800,Buy,232577728
2024-08-19 09:42:46,21500.0,300,Buy,232577732
2024-08-19 09:42:54,21500.0,1000,Buy,232577985
2024-08-19 09:42:55,21450.0,6000,Sell,232578013
2024-08-19 09:42:55,21450.0,600,Sell,232578047
2024-08-19 09:42:57,21450.0,100,Sell,232578101
2024-08-19 09:42:59,21500.0,400,Buy,232578164
2024-08-19 09:43:20,21500.0,2800,Buy,232579135
2024-08-19 09:43:20,21500.0,500,Buy,232579136
2024-08-19 09:43:20,21500.0,100,Buy,232579137
2024-08-19 09:43:20,21500.0,100,Buy,232579138
2024-08-19 09:43:20,21500.0,1300,Buy,232579139
2024-08-19 09:43:20,21500.0,200,Buy,232579140
2024-08-19 09:43:21,21500.0,500,Buy,232579190
2024-08-19 09:43:21,21500.0,400,Buy,232579188
2024-08-19 09:43:21,21500.0,100,Buy,232579189
2024-08-19 09:43:22,21500.0,100,Buy,232579219
2024-08-19 09:44:01,21500.0,100,Buy,232580809
2024-08-19 09:44:01,21500.0,200,Buy,232580810
2024-08-19 09:44:01,21500.0,1700,Buy,232580811
2024-08-19 09:44:01,21500.0,3300,Buy,232580827
2024-08-19 09:44:01,21500.0,2500,Buy,232580828
2024-08-19 09:44:01,21500.0,300,Buy,232580829
2024-08-19 09:44:01,21500.0,100,Buy,232580830
2024-08-19 09:44:01,21500.0,200,Buy,232580832
2024-08-19 09:44:01,21500.0,300,Buy,232580833
2024-08-19 09:44:01,21500.0,100,Buy,232580834
2024-08-19 09:44:01,21500.0,200,Buy,232580836
2024-08-19 09:44:01,21500.0,200,Buy,232580837
2024-08-19 09:44:01,21500.0,1200,Buy,232580838
2024-08-19 09:44:01,21500.0,300,Buy,232580839
2024-08-19 09:44:01,21500.0,200,Buy,232580831
2024-08-19 09:44:01,21500.0,400,Buy,232580808
2024-08-19 09:44:01,21500.0,1000,Buy,232580835
2024-08-19 09:44:01,21500.0,800,Buy,232580806
2024-08-19 09:44:01,21500.0,2500,Buy,232580807
2024-08-19 09:44:01,21500.0,1400,Buy,232580791
2024-08-19 09:44:01,21500.0,200,Buy,232580792
2024-08-19 09:44:01,21500.0,100,Buy,232580793
2024-08-19 09:44:01,21500.0,200,Buy,232580794
2024-08-19 09:44:01,21500.0,400,Buy,232580790
2024-08-19 09:44:01,21500.0,1600,Buy,232580795
2024-08-19 09:44:01,21500.0,100,Buy,232580796
2024-08-19 09:44:01,21500.0,100,Buy,232580798
2024-08-19 09:44:01,21500.0,200,Buy,232580799
2024-08-19 09:44:01,21500.0,100,Buy,232580800
2024-08-19 09:44:01,21500.0,100,Buy,232580802
2024-08-19 09:44:01,21500.0,400,Buy,232580803
2024-08-19 09:44:01,21500.0,100,Buy,232580804
2024-08-19 09:44:01,21500.0,100,Buy,232580805
2024-08-19 09:44:01,21500.0,5200,Buy,232580797
2024-08-19 09:44:02,21500.0,200,Buy,232580845
2024-08-19 09:44:02,21500.0,500,Buy,232580844
2024-08-19 09:44:02,21500.0,200,Buy,232580841
2024-08-19 09:44:02,21500.0,100,Buy,232580842
2024-08-19 09:44:02,21500.0,500,Buy,232580840
2024-08-19 09:44:02,21500.0,600,Buy,232580843
2024-08-19 09:44:04,21500.0,800,Buy,232580932
2024-08-19 09:44:04,21500.0,200,Buy,232580933
2024-08-19 09:44:21,21500.0,100,Buy,232581398
2024-08-19 09:44:22,21500.0,300,Buy,232581441
2024-08-19 09:44:35,21500.0,100,Buy,232581833
2024-08-19 09:44:39,21500.0,100,Buy,232581951
2024-08-19 09:44:41,21500.0,1000,Buy,232582000
2024-08-19 09:44:42,21500.0,900,Buy,232582082
2024-08-19 09:44:46,21500.0,100,Buy,232582210
2024-08-19 09:44:46,21500.0,200,Buy,232582213
2024-08-19 09:44:46,21500.0,2500,Buy,232582212
2024-08-19 09:44:46,21500.0,2000,Buy,232582211
2024-08-19 09:44:46,21500.0,1200,Buy,232582209
2024-08-19 09:44:46,21500.0,2300,Buy,232582203
2024-08-19 09:44:46,21500.0,11200,Buy,232582207
2024-08-19 09:44:46,21500.0,100,Buy,232582206
2024-08-19 09:44:46,21500.0,3700,Buy,232582205
2024-08-19 09:44:46,21500.0,500,Buy,232582204
2024-08-19 09:44:46,21500.0,1200,Buy,232582208
2024-08-19 09:44:54,21450.0,23700,Sell,232582518
2024-08-19 09:44:55,21450.0,2300,Sell,232582586
2024-08-19 09:44:56,21450.0,200,Sell,232582639
2024-08-19 09:45:00,21500.0,100,Buy,232582745
2024-08-19 09:45:04,21450.0,200,Sell,232582840
2024-08-19 09:45:11,21450.0,200,Sell,232583156
2024-08-19 09:45:14,21450.0,200,Sell,232583229
2024-08-19 09:45:14,21500.0,100,Buy,232583226
2024-08-19 09:45:30,21500.0,1000,Buy,232583649
2024-08-19 09:45:33,21500.0,100,Buy,232583826
2024-08-19 09:45:33,21500.0,100,Buy,232583825
2024-08-19 09:45:33,21500.0,300,Buy,232583824
2024-08-19 09:45:33,21500.0,500,Buy,232583823
2024-08-19 09:45:33,21500.0,200,Buy,232583822
2024-08-19 09:45:33,21500.0,200,Buy,232583818
2024-08-19 09:45:33,21500.0,2500,Buy,232583821
2024-08-19 09:45:33,21500.0,1000,Buy,232583820
2024-08-19 09:45:33,21500.0,100,Buy,232583819
2024-08-19 09:45:33,21500.0,5300,Buy,232583817
2024-08-19 09:45:33,21500.0,100,Buy,232583809
2024-08-19 09:45:33,21500.0,7000,Buy,232583815
2024-08-19 09:45:33,21500.0,1000,Buy,232583804
2024-08-19 09:45:33,21500.0,600,Buy,232583806
2024-08-19 09:45:33,21500.0,1800,Buy,232583807
2024-08-19 09:45:33,21500.0,3000,Buy,232583808
2024-08-19 09:45:33,21500.0,100,Buy,232583805
2024-08-19 09:45:33,21500.0,200,Buy,232583811
2024-08-19 09:45:33,21500.0,100,Buy,232583812
2024-08-19 09:45:33,21500.0,100,Buy,232583814
2024-08-19 09:45:33,21500.0,600,Buy,232583810
2024-08-19 09:45:33,21500.0,100,Buy,232583816
2024-08-19 09:45:39,21500.0,100,Buy,232583963
2024-08-19 09:45:39,21500.0,100,Buy,232583964
2024-08-19 09:45:39,21500.0,100,Buy,232583965
2024-08-19 09:45:45,21500.0,400,Buy,232584113
2024-08-19 09:45:45,21500.0,100,Buy,232584114
2024-08-19 09:46:11,21500.0,1000,Buy,232584855
2024-08-19 09:46:26,21500.0,500,Buy,232585229
2024-08-19 09:46:26,21500.0,200,Buy,232585254
2024-08-19 09:46:31,21500.0,100,Buy,232585505
2024-08-19 09:46:33,21500.0,500,Buy,232585644
2024-08-19 09:46:33,21500.0,8000,Buy,232585643
2024-08-19 09:46:33,21500.0,500,Buy,232585642
2024-08-19 09:46:33,21500.0,100,Buy,232585641
2024-08-19 09:46:33,21500.0,100,Buy,232585640
2024-08-19 09:46:33,21500.0,1500,Buy,232585639
2024-08-19 09:46:33,21500.0,200,Buy,232585637
2024-08-19 09:46:33,21500.0,200,Buy,232585631
2024-08-19 09:46:33,21500.0,100,Buy,232585636
2024-08-19 09:46:33,21500.0,5000,Buy,232585635
2024-08-19 09:46:33,21500.0,2000,Buy,232585634
2024-08-19 09:46:33,21500.0,200,Buy,232585633
2024-08-19 09:46:33,21500.0,100,Buy,232585632
2024-08-19 09:46:33,21500.0,7500,Buy,232585630
2024-08-19 09:46:33,21500.0,1000,Buy,232585620
2024-08-19 09:46:33,21500.0,400,Buy,232585628
2024-08-19 09:46:33,21500.0,100,Buy,232585614
2024-08-19 09:46:33,21500.0,100,Buy,232585615
2024-08-19 09:46:33,21500.0,200,Buy,232585616
2024-08-19 09:46:33,21500.0,26100,Buy,232585617
2024-08-19 09:46:33,21500.0,1200,Buy,232585618
2024-08-19 09:46:33,21500.0,100,Buy,232585619
2024-08-19 09:46:33,21500.0,3000,Buy,232585629
2024-08-19 09:46:33,21500.0,1200,Buy,232585645
2024-08-19 09:46:33,21500.0,500,Buy,232585622
2024-08-19 09:46:33,21500.0,1200,Buy,232585623
2024-08-19 09:46:33,21500.0,100,Buy,232585624
2024-08-19 09:46:33,21500.0,200,Buy,232585625
2024-08-19 09:46:33,21500.0,100,Buy,232585626
2024-08-19 09:46:33,21500.0,4800,Buy,232585627
2024-08-19 09:46:33,21500.0,1200,Buy,232585621
2024-08-19 09:46:33,21500.0,1000,Buy,232585646
2024-08-19 09:46:33,21500.0,100,Buy,232585656
2024-08-19 09:46:33,21500.0,200,Buy,232585648
2024-08-19 09:46:33,21500.0,100,Buy,232585679
2024-08-19 09:46:33,21500.0,100,Buy,232585678
2024-08-19 09:46:33,21500.0,100,Buy,232585677
2024-08-19 09:46:33,21500.0,200,Buy,232585676
2024-08-19 09:46:33,21500.0,200,Buy,232585675
2024-08-19 09:46:33,21500.0,100,Buy,232585674
2024-08-19 09:46:33,21500.0,6200,Buy,232585673
2024-08-19 09:46:33,21500.0,2500,Buy,232585672
2024-08-19 09:46:33,21500.0,200,Buy,232585671
2024-08-19 09:46:33,21500.0,100,Buy,232585670
2024-08-19 09:46:33,21500.0,100,Buy,232585613
2024-08-19 09:46:33,21500.0,200,Buy,232585668
2024-08-19 09:46:33,21500.0,100,Buy,232585667
2024-08-19 09:46:33,21500.0,500,Buy,232585666
2024-08-19 09:46:33,21500.0,100,Buy,232585647
2024-08-19 09:46:33,21500.0,5900,Buy,232585665
2024-08-19 09:46:33,21500.0,2500,Buy,232585663
2024-08-19 09:46:33,21500.0,6200,Buy,232585662
2024-08-19 09:46:33,21500.0,200,Buy,232585661
2024-08-19 09:46:33,21500.0,200,Buy,232585660
2024-08-19 09:46:33,21500.0,100,Buy,232585659
2024-08-19 09:46:33,21500.0,200,Buy,232585658
2024-08-19 09:46:33,21500.0,200,Buy,232585657
2024-08-19 09:46:33,21500.0,200,Buy,232585655
2024-08-19 09:46:33,21500.0,900,Buy,232585654
2024-08-19 09:46:33,21500.0,1200,Buy,232585653
2024-08-19 09:46:33,21500.0,6100,Buy,232585652
2024-08-19 09:46:33,21500.0,1600,Buy,232585651
2024-08-19 09:46:33,21500.0,100,Buy,232585650
2024-08-19 09:46:33,21500.0,200,Buy,232585649
2024-08-19 09:46:33,21500.0,200,Buy,232585664
2024-08-19 09:46:33,21500.0,300,Buy,232585612
2024-08-19 09:46:33,21500.0,100,Buy,232585669
2024-08-19 09:46:33,21500.0,1000,Buy,232585610
2024-08-19 09:46:33,21500.0,1200,Buy,232585575
2024-08-19 09:46:33,21500.0,500,Buy,232585574
2024-08-19 09:46:33,21500.0,2500,Buy,232585573
2024-08-19 09:46:33,21500.0,13000,Buy,232585572
2024-08-19 09:46:33,21500.0,9000,Buy,232585571
2024-08-19 09:46:33,21500.0,12500,Buy,232585570
2024-08-19 09:46:33,21500.0,700,Buy,232585569
2024-08-19 09:46:33,21500.0,100,Buy,232585568
2024-08-19 09:46:33,21500.0,1200,Buy,232585567
2024-08-19 09:46:33,21500.0,200,Buy,232585566
2024-08-19 09:46:33,21500.0,500,Buy,232585565
2024-08-19 09:46:33,21500.0,500,Buy,232585564
2024-08-19 09:46:33,21500.0,1200,Buy,232585563
2024-08-19 09:46:33,21500.0,100,Buy,232585562
2024-08-19 09:46:33,21500.0,200,Buy,232585576
2024-08-19 09:46:33,21500.0,100,Buy,232585561
2024-08-19 09:46:33,21500.0,1000,Buy,232585559
2024-08-19 09:46:33,21500.0,100,Buy,232585558
2024-08-19 09:46:33,21500.0,300,Buy,232585557
2024-08-19 09:46:33,21500.0,10000,Buy,232585556
2024-08-19 09:46:33,21500.0,200,Buy,232585555
2024-08-19 09:46:33,21500.0,300,Buy,232585554
2024-08-19 09:46:33,21500.0,200,Buy,232585553
2024-08-19 09:46:33,21500.0,100,Buy,232585552
2024-08-19 09:46:33,21500.0,1000,Buy,232585551
2024-08-19 09:46:33,21500.0,2500,Buy,232585550
2024-08-19 09:46:33,21500.0,1000,Buy,232585548
2024-08-19 09:46:33,21500.0,600,Buy,232585547
2024-08-19 09:46:33,21500.0,300,Buy,232585546
2024-08-19 09:46:33,21500.0,10600,Buy,232585545
2024-08-19 09:46:33,21500.0,200,Buy,232585560
2024-08-19 09:46:33,21500.0,200,Buy,232585577
2024-08-19 09:46:33,21500.0,200,Buy,232585549
2024-08-19 09:46:33,21500.0,500,Buy,232585579
2024-08-19 09:46:33,21500.0,400,Buy,232585578
2024-08-19 09:46:33,21500.0,400,Buy,232585609
2024-08-19 09:46:33,21500.0,200,Buy,232585608
2024-08-19 09:46:33,21500.0,200,Buy,232585607
2024-08-19 09:46:33,21500.0,200,Buy,232585606
2024-08-19 09:46:33,21500.0,100,Buy,232585605
2024-08-19 09:46:33,21500.0,7900,Buy,232585604
2024-08-19 09:46:33,21500.0,100,Buy,232585603
2024-08-19 09:46:33,21500.0,200,Buy,232585602
2024-08-19 09:46:33,21500.0,200,Buy,232585601
2024-08-19 09:46:33,21500.0,100,Buy,232585600
2024-08-19 09:46:33,21500.0,100,Buy,232585599
2024-08-19 09:46:33,21500.0,500,Buy,232585598
2024-08-19 09:46:33,21500.0,200,Buy,232585597
2024-08-19 09:46:33,21500.0,1200,Buy,232585596
2024-08-19 09:46:33,21500.0,5000,Buy,232585611
2024-08-19 09:46:33,21500.0,5000,Buy,232585594
2024-08-19 09:46:33,21500.0,500,Buy,232585581
2024-08-19 09:46:33,21500.0,200,Buy,232585583
2024-08-19 09:46:33,21500.0,100,Buy,232585584
2024-08-19 09:46:33,21500.0,500,Buy,232585595
2024-08-19 09:46:33,21500.0,600,Buy,232585585
2024-08-19 09:46:33,21500.0,200,Buy,232585586
2024-08-19 09:46:33,21500.0,500,Buy,232585582
2024-08-19 09:46:33,21500.0,1200,Buy,232585588
2024-08-19 09:46:33,21500.0,12500,Buy,232585587
2024-08-19 09:46:33,21500.0,800,Buy,232585593
2024-08-19 09:46:33,21500.0,4400,Buy,232585592
2024-08-19 09:46:33,21500.0,1500,Buy,232585580
2024-08-19 09:46:33,21500.0,2300,Buy,232585590
2024-08-19 09:46:33,21500.0,3900,Buy,232585589
2024-08-19 09:46:33,21500.0,2100,Buy,232585591
2024-08-19 09:46:34,21500.0,23300,Sell,232585705
2024-08-19 09:46:34,21500.0,13600,Sell,232585712
2024-08-19 09:46:40,21500.0,700,Buy,232585983
2024-08-19 09:46:40,21500.0,4700,Buy,232585984
2024-08-19 09:46:40,21500.0,44600,Buy,232585982
2024-08-19 09:46:45,21500.0,200,Buy,232586258
2024-08-19 09:46:50,21500.0,1000,Buy,232586512
2024-08-19 09:46:50,21500.0,500,Buy,232586530
2024-08-19 09:46:50,21500.0,2800,Buy,232586580
2024-08-19 09:46:50,21500.0,1200,Buy,232586581
2024-08-19 09:46:51,21500.0,2300,Buy,232586589
2024-08-19 09:46:53,21500.0,500,Buy,232586730
2024-08-19 09:46:59,21500.0,200,Buy,232586870
2024-08-19 09:47:02,21500.0,2000,Buy,232586969
2024-08-19 09:47:02,21450.0,400,Sell,232586986
2024-08-19 09:47:02,21500.0,200,Buy,232586967
2024-08-19 09:47:05,21500.0,100,Buy,232587070
2024-08-19 09:47:08,21500.0,100,Buy,232587170
2024-08-19 09:47:09,21500.0,1000,Buy,232587196
2024-08-19 09:47:14,21500.0,200,Buy,232587423
2024-08-19 09:47:14,21500.0,2500,Buy,232587422
2024-08-19 09:47:14,21500.0,600,Buy,232587421
2024-08-19 09:47:14,21500.0,5000,Buy,232587420
2024-08-19 09:47:14,21500.0,7900,Buy,232587416
2024-08-19 09:47:14,21500.0,1500,Buy,232587418
2024-08-19 09:47:14,21500.0,300,Buy,232587417
2024-08-19 09:47:14,21500.0,100,Buy,232587419
2024-08-19 09:47:14,21500.0,4900,Buy,232587415
2024-08-19 09:47:15,21500.0,5700,Sell,232587438
2024-08-19 09:47:16,21500.0,1300,Sell,232587478
2024-08-19 09:47:16,21500.0,100,Buy,232587479
2024-08-19 09:47:17,21500.0,300,Sell,232587510
2024-08-19 09:47:20,21500.0,200,Sell,232587689
2024-08-19 09:47:24,21500.0,1000,Sell,232587811
2024-08-19 09:47:25,21500.0,5000,Sell,232587885
2024-08-19 09:47:25,21500.0,100,Sell,232587871
2024-08-19 09:47:25,21500.0,200,Sell,232587869
2024-08-19 09:47:26,21500.0,1300,Sell,232587910
2024-08-19 09:47:27,21500.0,300,Sell,232587951
2024-08-19 09:47:36,21500.0,3400,Sell,232588340
2024-08-19 09:47:36,21500.0,1600,Sell,232588339
2024-08-19 09:47:37,21500.0,1200,Sell,232588382
2024-08-19 09:47:38,21500.0,300,Sell,232588410
2024-08-19 09:47:41,21550.0,2400,Buy,232588496
2024-08-19 09:47:41,21550.0,500,Buy,232588497
2024-08-19 09:47:41,21550.0,400,Buy,232588498
2024-08-19 09:47:41,21550.0,400,Buy,232588499
2024-08-19 09:47:53,21500.0,15900,Sell,232588961
2024-08-19 09:47:54,21500.0,3900,Sell,232589024
2024-08-19 09:47:55,21500.0,900,Sell,232589067
2024-08-19 09:47:56,21500.0,200,Sell,232589098
2024-08-19 09:48:25,21500.0,400,Sell,232590000
2024-08-19 09:48:26,21500.0,100,Sell,232590019
2024-08-19 09:48:31,21500.0,200,Sell,232590138
2024-08-19 09:48:32,21500.0,200,Sell,232590169
2024-08-19 09:48:40,21500.0,5000,Sell,232590560
2024-08-19 09:48:41,21500.0,1200,Sell,232590628
2024-08-19 09:48:42,21500.0,300,Sell,232590667
2024-08-19 09:48:53,21500.0,100,Sell,232591094
2024-08-19 09:48:53,21500.0,100,Sell,232591121
2024-08-19 09:49:29,21500.0,3500,Sell,232592404
2024-08-19 09:49:30,21500.0,800,Sell,232592460
2024-08-19 09:49:31,21500.0,200,Sell,232592507
2024-08-19 09:49:32,21550.0,35500,Buy,232592543
2024-08-19 09:49:32,21550.0,600,Buy,232592542
2024-08-19 09:49:32,21550.0,200,Buy,232592539
2024-08-19 09:49:32,21550.0,5000,Buy,232592538
2024-08-19 09:49:32,21550.0,200,Buy,232592537
2024-08-19 09:49:32,21550.0,500,Buy,232592536
2024-08-19 09:49:32,21550.0,19200,Buy,232592541
2024-08-19 09:49:32,21550.0,2500,Buy,232592534
2024-08-19 09:49:32,21550.0,1000,Buy,232592535
2024-08-19 09:49:32,21550.0,200,Buy,232592529
2024-08-19 09:49:32,21550.0,500,Buy,232592530
2024-08-19 09:49:32,21550.0,1000,Buy,232592540
2024-08-19 09:49:32,21550.0,1200,Buy,232592532
2024-08-19 09:49:32,21550.0,500,Buy,232592533
2024-08-19 09:49:32,21550.0,1900,Buy,232592531
2024-08-19 09:49:34,21500.0,2000,Sell,232592629
2024-08-19 09:49:35,21500.0,500,Sell,232592660
2024-08-19 09:49:36,21500.0,100,Sell,232592697
2024-08-19 09:49:39,21500.0,200,Sell,232592855
2024-08-19 09:49:41,21500.0,200,Sell,232592934
2024-08-19 09:49:48,21500.0,2000,Sell,232593190
2024-08-19 09:49:49,21500.0,500,Sell,232593247
2024-08-19 09:49:50,21500.0,100,Sell,232593272
2024-08-19 09:50:00,21550.0,2300,Buy,232593543
2024-08-19 09:50:08,21550.0,300,Buy,232593759
2024-08-19 09:50:10,21500.0,1000,Sell,232593831
2024-08-19 09:50:11,21500.0,200,Sell,232593887
2024-08-19 09:50:21,21500.0,1000,Sell,232594271
2024-08-19 09:50:22,21500.0,200,Sell,232594293
2024-08-19 09:50:24,21500.0,1000,Sell,232594350
2024-08-19 09:50:25,21500.0,200,Sell,232594373
2024-08-19 09:50:26,21500.0,1000,Sell,232594398
2024-08-19 09:50:27,21500.0,200,Sell,232594424
2024-08-19 09:50:36,21500.0,600,Sell,232594698
2024-08-19 09:50:36,21500.0,1000,Sell,232594721
2024-08-19 09:50:37,21500.0,100,Sell,232594728
2024-08-19 09:50:37,21500.0,100,Sell,232594729
2024-08-19 09:50:37,21500.0,200,Sell,232594730
2024-08-19 09:50:37,21550.0,400,Buy,232594741
2024-08-19 09:50:38,21500.0,100,Sell,232594769
2024-08-19 09:50:38,21500.0,1000,Sell,232594778
2024-08-19 09:50:39,21500.0,300,Sell,232594803
2024-08-19 09:50:45,21550.0,25000,Buy,232594976
2024-08-19 09:50:55,21500.0,1500,Sell,232595353
2024-08-19 09:50:56,21500.0,300,Sell,232595397
2024-08-19 09:50:59,21500.0,200,Sell,232595480
2024-08-19 09:51:09,21500.0,200,Sell,232595857
2024-08-19 09:51:23,21500.0,500,Sell,232596393
2024-08-19 09:51:24,21500.0,100,Sell,232596428
2024-08-19 09:51:25,21500.0,600,Sell,232596448
2024-08-19 09:51:25,21500.0,500,Sell,232596449
2024-08-19 09:51:25,21500.0,2400,Sell,232596450
2024-08-19 09:51:26,21500.0,800,Sell,232596477
2024-08-19 09:51:27,21500.0,200,Sell,232596518
2024-08-19 09:51:53,21500.0,100,Sell,232597566
2024-08-19 09:51:59,21500.0,200,Sell,232597745
2024-08-19 09:52:05,21550.0,100,Buy,232597904
2024-08-19 09:52:11,21550.0,100,Buy,232598230
2024-08-19 09:52:13,21550.0,100,Buy,232598294
2024-08-19 09:52:19,21500.0,100,Sell,232598462
2024-08-19 09:52:26,21550.0,2000,Buy,232598688
2024-08-19 09:52:31,21550.0,500,Buy,232598821
2024-08-19 09:52:36,21550.0,1000,Buy,232599036
2024-08-19 09:52:38,21550.0,5900,Buy,232599162
2024-08-19 09:52:38,21500.0,300,Sell,232599104
2024-08-19 09:52:38,21500.0,300,Sell,232599103
2024-08-19 09:52:38,21500.0,500,Sell,232599102
2024-08-19 09:52:38,21500.0,500,Sell,232599101
2024-08-19 09:52:38,21500.0,100,Sell,232599100
2024-08-19 09:52:38,21500.0,10000,Sell,232599098
2024-08-19 09:52:38,21500.0,1000,Sell,232599097
2024-08-19 09:52:38,21500.0,5000,Sell,232599099
2024-08-19 09:52:38,21500.0,100,Sell,232599095
2024-08-19 09:52:38,21500.0,200,Sell,232599094
2024-08-19 09:52:38,21500.0,100,Sell,232599093
2024-08-19 09:52:38,21500.0,500,Sell,232599092
2024-08-19 09:52:38,21500.0,800,Sell,232599091
2024-08-19 09:52:38,21500.0,100,Sell,232599090
2024-08-19 09:52:38,21500.0,1000,Sell,232599089
2024-08-19 09:52:38,21500.0,2000,Sell,232599096
2024-08-19 09:52:38,21500.0,1200,Sell,232599088
2024-08-19 09:52:39,21550.0,200,Buy,232599230
2024-08-19 09:52:39,21550.0,100,Buy,232599231
2024-08-19 09:52:39,21550.0,100,Buy,232599232
2024-08-19 09:52:39,21550.0,1000,Buy,232599233
2024-08-19 09:52:39,21550.0,900,Buy,232599237
2024-08-19 09:52:39,21550.0,100,Buy,232599235
2024-08-19 09:52:39,21550.0,100,Buy,232599236
2024-08-19 09:52:39,21550.0,1000,Buy,232599238
2024-08-19 09:52:39,21550.0,100,Buy,232599229
2024-08-19 09:52:39,21550.0,200,Buy,232599234
2024-08-19 09:52:39,21550.0,1000,Buy,232599224
2024-08-19 09:52:39,21550.0,1000,Buy,232599217
2024-08-19 09:52:39,21550.0,900,Buy,232599222
2024-08-19 09:52:39,21550.0,17000,Buy,232599221
2024-08-19 09:52:39,21550.0,1000,Buy,232599220
2024-08-19 09:52:39,21550.0,200,Buy,232599219
2024-08-19 09:52:39,21550.0,100,Buy,232599218
2024-08-19 09:52:39,21550.0,100,Buy,232599216
2024-08-19 09:52:39,21550.0,400,Buy,232599215
2024-08-19 09:52:39,21550.0,500,Buy,232599214
2024-08-19 09:52:39,21550.0,1000,Buy,232599213
2024-08-19 09:52:39,21550.0,26800,Buy,232599212
2024-08-19 09:52:39,21550.0,1000,Buy,232599223
2024-08-19 09:52:40,21550.0,1500,Buy,232599249
2024-08-19 09:52:40,21550.0,18600,Buy,232599248
2024-08-19 09:52:40,21550.0,2000,Buy,232599247
2024-08-19 09:52:40,21550.0,500,Buy,232599246
2024-08-19 09:52:40,21550.0,500,Buy,232599242
2024-08-19 09:52:40,21550.0,100,Buy,232599244
2024-08-19 09:52:40,21550.0,100,Buy,232599243
2024-08-19 09:52:40,21550.0,4400,Buy,232599241
2024-08-19 09:52:40,21550.0,17500,Buy,232599245
2024-08-19 09:52:43,21550.0,300,Buy,232599342
2024-08-19 09:52:45,21550.0,300,Buy,232599416
2024-08-19 09:52:46,21550.0,1900,Buy,232599467
2024-08-19 09:52:46,21550.0,2900,Buy,232599465
2024-08-19 09:52:46,21550.0,200,Buy,232599466
2024-08-19 09:52:49,21550.0,800,Buy,232599594
2024-08-19 09:52:49,21550.0,3000,Buy,232599595
2024-08-19 09:52:53,21500.0,4700,Sell,232599718
2024-08-19 09:52:53,21500.0,200,Sell,232599716
2024-08-19 09:52:53,21500.0,100,Sell,232599717
2024-08-19 09:52:54,21500.0,1200,Sell,232599745
2024-08-19 09:52:54,21550.0,500,Buy,232599788
2024-08-19 09:52:54,21550.0,100,Buy,232599789
2024-08-19 09:52:54,21550.0,300,Buy,232599790
2024-08-19 09:52:55,21550.0,700,Buy,232599812
2024-08-19 09:52:55,21550.0,200,Buy,232599806
2024-08-19 09:52:55,21550.0,100,Buy,232599805
2024-08-19 09:52:55,21550.0,13400,Buy,232599813
2024-08-19 09:52:55,21550.0,100,Buy,232599803
2024-08-19 09:52:55,21550.0,700,Buy,232599802
2024-08-19 09:52:55,21550.0,1700,Buy,232599801
2024-08-19 09:52:55,21550.0,500,Buy,232599804
2024-08-19 09:52:55,21550.0,6700,Buy,232599807
2024-08-19 09:52:57,21550.0,200,Buy,232599854
2024-08-19 09:53:02,21550.0,100,Buy,232600003
2024-08-19 09:53:03,21550.0,600,Buy,232600033
2024-08-19 09:53:04,21550.0,100,Buy,232600038
2024-08-19 09:53:04,21550.0,100,Buy,232600055
2024-08-19 09:53:06,21550.0,800,Buy,232600096
2024-08-19 09:53:07,21550.0,100,Buy,232600118
2024-08-19 09:53:08,21550.0,100,Buy,232600127
2024-08-19 09:53:08,21550.0,9500,Buy,232600145
2024-08-19 09:53:08,21550.0,500,Buy,232600146
2024-08-19 09:53:09,21550.0,100,Buy,232600168
2024-08-19 09:53:10,21550.0,300,Buy,232600209
2024-08-19 09:53:11,21550.0,900,Buy,232600246
2024-08-19 09:53:11,21550.0,100,Buy,232600250
2024-08-19 09:53:11,21550.0,900,Buy,232600245
2024-08-19 09:53:11,21550.0,200,Buy,232600247
2024-08-19 09:53:13,21550.0,200,Buy,232600292
2024-08-19 09:53:13,21550.0,1800,Buy,232600293
2024-08-19 09:53:14,21550.0,100,Buy,232600310
2024-08-19 09:53:14,21550.0,100,Buy,232600320
2024-08-19 09:53:14,21550.0,100,Buy,232600332
2024-08-19 09:53:15,21550.0,500,Buy,232600372
2024-08-19 09:53:15,21550.0,200,Buy,232600371
2024-08-19 09:53:15,21550.0,200,Buy,232600373
2024-08-19 09:53:15,21550.0,100,Buy,232600369
2024-08-19 09:53:15,21550.0,3900,Buy,232600368
2024-08-19 09:53:15,21550.0,100,Buy,232600370
2024-08-19 09:53:16,21550.0,200,Buy,232600429
2024-08-19 09:53:16,21550.0,800,Buy,232600430
2024-08-19 09:53:18,21550.0,100,Buy,232600515
2024-08-19 09:53:27,21550.0,200,Buy,232600700
2024-08-19 09:53:27,21550.0,1400,Buy,232600717
2024-08-19 09:53:27,21550.0,500,Buy,232600718
2024-08-19 09:53:27,21550.0,8100,Buy,232600719
2024-08-19 09:53:27,21550.0,300,Buy,232600723
2024-08-19 09:53:30,21500.0,1000,Sell,232600795
2024-08-19 09:53:31,21500.0,200,Sell,232600902
2024-08-19 09:53:32,21550.0,500,Buy,232600933
2024-08-19 09:53:32,21550.0,3200,Sell,232600940
2024-08-19 09:53:32,21550.0,2600,Buy,232600934
2024-08-19 09:53:32,21550.0,200,Buy,232600932
2024-08-19 09:53:32,21550.0,1200,Buy,232600930
2024-08-19 09:53:32,21550.0,1600,Buy,232600928
2024-08-19 09:53:32,21550.0,200,Buy,232600931
2024-08-19 09:53:32,21550.0,500,Buy,232600929
2024-08-19 09:53:35,21550.0,1000,Buy,232601070
2024-08-19 09:53:45,21550.0,800,Buy,232601413
2024-08-19 09:53:48,21550.0,200,Buy,232601492
2024-08-19 09:53:48,21550.0,500,Buy,232601500
2024-08-19 09:53:56,21550.0,1000,Buy,232601719
2024-08-19 09:54:02,21550.0,1000,Buy,232601899
2024-08-19 09:54:05,21550.0,200,Buy,232601992
2024-08-19 09:54:05,21550.0,100,Buy,232602010
2024-08-19 09:54:07,21550.0,500,Buy,232602064
2024-08-19 09:54:08,21550.0,400,Buy,232602077
2024-08-19 09:54:11,21550.0,200,Buy,232602206
2024-08-19 09:54:11,21550.0,200,Buy,232602205
2024-08-19 09:54:11,21550.0,100,Buy,232602204
2024-08-19 09:54:11,21550.0,200,Buy,232602201
2024-08-19 09:54:11,21550.0,500,Buy,232602202
2024-08-19 09:54:11,21550.0,1100,Buy,232602198
2024-08-19 09:54:11,21550.0,200,Buy,232602203
2024-08-19 09:54:11,21550.0,2500,Buy,232602200
2024-08-19 09:54:16,21550.0,100,Buy,232602479
2024-08-19 09:54:16,21550.0,100,Buy,232602480
2024-08-19 09:54:16,21550.0,100,Buy,232602481
2024-08-19 09:54:16,21550.0,200,Buy,232602482
2024-08-19 09:54:16,21550.0,100,Buy,232602483
2024-08-19 09:54:22,21550.0,600,Buy,232602679
2024-08-19 09:54:24,21550.0,400,Buy,232602753
2024-08-19 09:54:30,21550.0,2900,Buy,232602897
2024-08-19 09:54:30,21550.0,100,Buy,232602896
2024-08-19 09:54:37,21550.0,1000,Buy,232603139
2024-08-19 09:54:41,21550.0,300,Buy,232603269
2024-08-19 09:54:48,21550.0,800,Buy,232603493
2024-08-19 09:54:48,21550.0,1000,Buy,232603494
2024-08-19 09:54:48,21550.0,400,Buy,232603495
2024-08-19 09:54:48,21550.0,100,Buy,232603496
2024-08-19 09:54:48,21550.0,200,Buy,232603497
2024-08-19 09:54:48,21550.0,500,Buy,232603498
2024-08-19 09:54:48,21550.0,100,Buy,232603499
2024-08-19 09:54:48,21550.0,100,Buy,232603500
2024-08-19 09:54:48,21550.0,700,Buy,232603501
2024-08-19 09:54:48,21550.0,100,Buy,232603502
2024-08-19 09:54:59,21550.0,100,Buy,232603794
2024-08-19 09:54:59,21550.0,1000,Buy,232603793
2024-08-19 09:54:59,21550.0,100,Buy,232603791
2024-08-19 09:54:59,21550.0,1000,Buy,232603792
2024-08-19 09:55:00,21550.0,500,Sell,232603804
2024-08-19 09:55:01,21550.0,100,Sell,232603844
2024-08-19 09:55:07,21550.0,3000,Sell,232603983
2024-08-19 09:55:07,21550.0,100,Sell,232603988
2024-08-19 09:55:08,21550.0,700,Sell,232604026
2024-08-19 09:55:09,21550.0,100,Sell,232604067
2024-08-19 09:55:13,21550.0,100,Sell,232604187
2024-08-19 09:55:17,21550.0,3200,Sell,232604312
2024-08-19 09:55:17,21550.0,3000,Sell,232604313
2024-08-19 09:55:17,21550.0,2000,Sell,232604314
2024-08-19 09:55:17,21550.0,600,Sell,232604315
2024-08-19 09:55:17,21550.0,1200,Sell,232604316
2024-08-19 09:55:18,21550.0,100,Sell,232604346
2024-08-19 09:55:18,21550.0,200,Sell,232604347
2024-08-19 09:55:18,21550.0,800,Sell,232604344
2024-08-19 09:55:18,21550.0,1400,Sell,232604345
2024-08-19 09:55:19,21550.0,100,Sell,232604387
2024-08-19 09:55:20,21550.0,500,Buy,232604409
2024-08-19 09:55:20,21550.0,500,Buy,232604410
2024-08-19 09:55:21,21550.0,200,Sell,232604445
2024-08-19 09:55:30,21550.0,200,Sell,232604714
2024-08-19 09:55:34,21550.0,500,Sell,232604873
2024-08-19 09:55:35,21550.0,100,Sell,232604916
2024-08-19 09:55:45,21600.0,100,Buy,232605289
2024-08-19 09:55:47,21600.0,1000,Buy,232605363
2024-08-19 09:55:48,21550.0,100,Sell,232605394
2024-08-19 09:55:48,21550.0,900,Sell,232605395
2024-08-19 09:55:49,21550.0,200,Sell,232605434
2024-08-19 09:55:50,21550.0,100,Sell,232605482
2024-08-19 09:55:50,21550.0,100,Sell,232605481
2024-08-19 09:55:50,21550.0,800,Sell,232605480
2024-08-19 09:55:50,21550.0,100,Sell,232605479
2024-08-19 09:55:51,21550.0,100,Sell,232605494
2024-08-19 09:55:51,21550.0,100,Sell,232605495
2024-08-19 09:55:51,21550.0,100,Sell,232605498
2024-08-19 09:55:52,21600.0,5000,Buy,232605525
2024-08-19 09:56:08,21550.0,1000,Buy,232605950
2024-08-19 09:56:09,21550.0,200,Sell,232605973
2024-08-19 09:56:09,21550.0,400,Sell,232605976
2024-08-19 09:56:10,21550.0,100,Sell,232606006
2024-08-19 09:56:20,21550.0,200,Sell,232606385
2024-08-19 09:56:30,21550.0,400,Sell,232606688
2024-08-19 09:56:31,21550.0,100,Sell,232606716
2024-08-19 09:56:32,21550.0,900,Sell,232606744
2024-08-19 09:56:32,21550.0,100,Sell,232606743
2024-08-19 09:56:32,21550.0,1000,Sell,232606742
2024-08-19 09:56:32,21550.0,100,Sell,232606741
2024-08-19 09:56:32,21550.0,300,Sell,232606740
2024-08-19 09:56:32,21550.0,2600,Sell,232606739
2024-08-19 09:56:33,21550.0,100,Sell,232606776
2024-08-19 09:56:34,21550.0,1200,Sell,232606810
2024-08-19 09:56:35,21550.0,300,Sell,232606840
2024-08-19 09:56:38,21550.0,100,Sell,232606916
2024-08-19 09:56:41,21550.0,5000,Sell,232607028
2024-08-19 09:56:42,21550.0,1200,Sell,232607045
2024-08-19 09:56:43,21550.0,300,Sell,232607063
2024-08-19 09:56:46,21550.0,200,Sell,232607210
2024-08-19 09:56:48,21550.0,1700,Sell,232607257
2024-08-19 09:56:48,21550.0,1300,Sell,232607258
2024-08-19 09:56:49,21550.0,700,Sell,232607275
2024-08-19 09:56:50,21550.0,100,Sell,232607310
2024-08-19 09:56:55,21550.0,100,Sell,232607473
2024-08-19 09:56:56,21550.0,4000,Sell,232607517
2024-08-19 09:56:57,21550.0,1000,Sell,232607558
2024-08-19 09:56:58,21550.0,200,Sell,232607612
2024-08-19 09:57:01,21550.0,2600,Sell,232607677
2024-08-19 09:57:01,21550.0,2000,Sell,232607678
2024-08-19 09:57:01,21550.0,100,Sell,232607679
2024-08-19 09:57:01,21550.0,100,Sell,232607680
2024-08-19 09:57:01,21550.0,100,Sell,232607681
2024-08-19 09:57:01,21550.0,100,Sell,232607682
2024-08-19 09:57:02,21550.0,800,Sell,232607710
2024-08-19 09:57:02,21550.0,400,Sell,232607711
2024-08-19 09:57:03,21550.0,300,Sell,232607751
2024-08-19 09:57:06,21550.0,300,Sell,232607826
2024-08-19 09:57:13,21550.0,1500,Sell,232608092
2024-08-19 09:57:13,21550.0,100,Sell,232608091
2024-08-19 09:57:13,21550.0,100,Sell,232608088
2024-08-19 09:57:13,21550.0,100,Sell,232608089
2024-08-19 09:57:13,21550.0,2000,Sell,232608090
2024-08-19 09:57:41,21550.0,1200,Buy,232608949
2024-08-19 09:57:41,21550.0,900,Buy,232608950
2024-08-19 09:57:41,21550.0,500,Buy,232608951
2024-08-19 09:57:41,21550.0,100,Buy,232608952
2024-08-19 09:57:41,21550.0,300,Buy,232608953
2024-08-19 09:57:44,21550.0,100,Buy,232609013
2024-08-19 09:57:44,21550.0,100,Buy,232609014
2024-08-19 09:57:44,21500.0,10000,Sell,232609018
2024-08-19 09:57:46,21500.0,500,Sell,232609054
2024-08-19 09:57:46,21500.0,2000,Sell,232609053
2024-08-19 09:57:47,21500.0,600,Sell,232609090
2024-08-19 09:57:48,21500.0,100,Sell,232609128
2024-08-19 09:57:49,21500.0,200,Sell,232609144
2024-08-19 09:58:06,21500.0,47400,Sell,232609718
2024-08-19 09:58:06,21500.0,2000,Sell,232609717
2024-08-19 09:58:06,21500.0,200,Sell,232609715
2024-08-19 09:58:06,21500.0,100,Sell,232609714
2024-08-19 09:58:06,21500.0,800,Sell,232609713
2024-08-19 09:58:06,21500.0,500,Sell,232609712
2024-08-19 09:58:06,21500.0,1900,Sell,232609711
2024-08-19 09:58:06,21500.0,100,Sell,232609716
2024-08-19 09:58:06,21500.0,100,Sell,232609709
2024-08-19 09:58:06,21500.0,5000,Sell,232609708
2024-08-19 09:58:06,21500.0,2000,Sell,232609707
2024-08-19 09:58:06,21500.0,200,Sell,232609706
2024-08-19 09:58:06,21500.0,500,Sell,232609705
2024-08-19 09:58:06,21500.0,100,Sell,232609704
2024-08-19 09:58:06,21500.0,300,Sell,232609703
2024-08-19 09:58:06,21500.0,600,Sell,232609702
2024-08-19 09:58:06,21500.0,200,Sell,232609710
2024-08-19 09:58:07,21500.0,15500,Sell,232609745
2024-08-19 09:58:08,21500.0,3800,Sell,232609788
2024-08-19 09:58:09,21500.0,900,Sell,232609805
2024-08-19 09:58:10,21500.0,200,Sell,232609837
2024-08-19 09:58:19,21500.0,1000,Sell,232610095
2024-08-19 09:58:20,21500.0,300,Sell,232610143
2024-08-19 09:58:20,21500.0,1000,Sell,232610144
2024-08-19 09:58:20,21500.0,600,Sell,232610145
2024-08-19 09:58:20,21500.0,100,Sell,232610146
2024-08-19 09:58:20,21500.0,100,Sell,232610150
2024-08-19 09:58:20,21500.0,200,Sell,232610147
2024-08-19 09:58:20,21500.0,2200,Sell,232610148
2024-08-19 09:58:20,21500.0,100,Sell,232610149
2024-08-19 09:58:20,21500.0,20000,Sell,232610151
2024-08-19 09:58:20,21500.0,1000,Sell,232610158
2024-08-19 09:58:20,21500.0,5000,Sell,232610153
2024-08-19 09:58:20,21500.0,100,Sell,232610154
2024-08-19 09:58:20,21500.0,400,Sell,232610155
2024-08-19 09:58:20,21500.0,1800,Sell,232610156
2024-08-19 09:58:20,21500.0,100,Sell,232610157
2024-08-19 09:58:20,21500.0,100,Sell,232610159
2024-08-19 09:58:20,21500.0,1000,Sell,232610160
2024-08-19 09:58:20,21500.0,200,Sell,232610142
2024-08-19 09:58:20,21500.0,200,Sell,232610161
2024-08-19 09:58:20,21500.0,1000,Sell,232610152
2024-08-19 09:58:20,21500.0,200,Sell,232610141
2024-08-19 09:58:20,21500.0,200,Sell,232610109
2024-08-19 09:58:20,21500.0,100,Sell,232610139
2024-08-19 09:58:20,21500.0,1000,Sell,232610140
2024-08-19 09:58:20,21500.0,30300,Sell,232610119
2024-08-19 09:58:20,21500.0,1000,Sell,232610120
2024-08-19 09:58:20,21500.0,200,Sell,232610121
2024-08-19 09:58:20,21500.0,300,Sell,232610122
2024-08-19 09:58:20,21500.0,1000,Sell,232610123
2024-08-19 09:58:20,21500.0,100,Sell,232610124
2024-08-19 09:58:20,21500.0,300,Sell,232610125
2024-08-19 09:58:20,21500.0,2500,Sell,232610126
2024-08-19 09:58:20,21500.0,800,Sell,232610127
2024-08-19 09:58:20,21500.0,700,Sell,232610105
2024-08-19 09:58:20,21500.0,200,Sell,232610129
2024-08-19 09:58:20,21500.0,100,Sell,232610128
2024-08-19 09:58:20,21500.0,500,Sell,232610137
2024-08-19 09:58:20,21500.0,1000,Sell,232610136
2024-08-19 09:58:20,21500.0,200,Sell,232610135
2024-08-19 09:58:20,21500.0,1800,Sell,232610138
2024-08-19 09:58:20,21500.0,200,Sell,232610133
2024-08-19 09:58:20,21500.0,500,Sell,232610130
2024-08-19 09:58:20,21500.0,100,Sell,232610134
2024-08-19 09:58:20,21500.0,100,Sell,232610132
2024-08-19 09:58:21,21500.0,3800,Sell,232610187
2024-08-19 09:58:21,21500.0,100,Sell,232610186
2024-08-19 09:58:21,21500.0,2000,Sell,232610182
2024-08-19 09:58:21,21500.0,1000,Sell,232610184
2024-08-19 09:58:21,21500.0,1000,Sell,232610183
2024-08-19 09:58:21,21500.0,200,Sell,232610185
2024-08-19 09:58:22,21500.0,900,Sell,232610237
2024-08-19 09:58:22,21500.0,600,Sell,232610238
2024-08-19 09:58:22,21500.0,100,Sell,232610239
2024-08-19 09:58:22,21500.0,100,Sell,232610240
2024-08-19 09:58:22,21500.0,200,Sell,232610241
2024-08-19 09:58:22,21500.0,1000,Sell,232610242
2024-08-19 09:58:22,21500.0,100,Sell,232610243
2024-08-19 09:58:22,21500.0,100,Sell,232610244
2024-08-19 09:58:22,21500.0,400,Buy,232610247
2024-08-19 09:58:28,21500.0,200,Buy,232610415
2024-08-19 09:58:33,21500.0,500,Buy,232610538
2024-08-19 09:59:03,21500.0,1000,Buy,232611329
2024-08-19 09:59:09,21500.0,800,Buy,232611505
2024-08-19 09:59:18,21500.0,1000,Buy,232611734
2024-08-19 09:59:22,21500.0,1000,Buy,232611895
2024-08-19 09:59:24,21500.0,1000,Buy,232611974
2024-08-19 09:59:34,21500.0,100,Buy,232612340
2024-08-19 09:59:59,21500.0,500,Buy,232613166
2024-08-19 10:00:05,21500.0,200,Buy,232613312
2024-08-19 10:00:20,21500.0,2000,Buy,232613827
2024-08-19 10:00:22,21500.0,500,Buy,232613865
2024-08-19 10:00:23,21500.0,100,Buy,232613881
2024-08-19 10:00:26,21500.0,100,Buy,232613971
2024-08-19 10:00:35,21500.0,200,Buy,232614311
2024-08-19 10:00:39,21500.0,200,Buy,232614452
2024-08-19 10:00:43,21500.0,300,Buy,232614550
2024-08-19 10:00:55,21500.0,100,Buy,232614883
2024-08-19 10:01:00,21500.0,200,Buy,232614993
2024-08-19 10:01:01,21500.0,400,Buy,232615018
2024-08-19 10:01:28,21500.0,400,Buy,232615705
2024-08-19 10:01:28,21500.0,100,Buy,232615706
2024-08-19 10:01:28,21500.0,100,Buy,232615707
2024-08-19 10:01:28,21500.0,200,Buy,232615708
2024-08-19 10:01:28,21500.0,4000,Buy,232615709
2024-08-19 10:01:28,21500.0,200,Buy,232615710
2024-08-19 10:01:36,21500.0,100,Buy,232615878
2024-08-19 10:01:37,21450.0,5600,Sell,232615931
2024-08-19 10:01:37,21450.0,3200,Sell,232615930
2024-08-19 10:01:37,21450.0,500,Sell,232615929
2024-08-19 10:01:37,21450.0,100,Sell,232615925
2024-08-19 10:01:37,21450.0,400,Sell,232615927
2024-08-19 10:01:37,21450.0,300,Sell,232615926
2024-08-19 10:01:37,21450.0,2000,Sell,232615932
2024-08-19 10:01:37,21450.0,100,Sell,232615924
2024-08-19 10:01:37,21450.0,2000,Sell,232615928
2024-08-19 10:01:37,21450.0,300,Sell,232615933
2024-08-19 10:01:37,21450.0,100,Sell,232615938
2024-08-19 10:01:37,21450.0,200,Sell,232615935
2024-08-19 10:01:37,21450.0,100,Sell,232615937
2024-08-19 10:01:37,21450.0,100,Sell,232615923
2024-08-19 10:01:37,21450.0,100,Sell,232615939
2024-08-19 10:01:37,21450.0,400,Sell,232615940
2024-08-19 10:01:37,21450.0,1000,Sell,232615941
2024-08-19 10:01:37,21450.0,1000,Sell,232615942
2024-08-19 10:01:37,21450.0,2000,Sell,232615943
2024-08-19 10:01:37,21450.0,23200,Sell,232615944
2024-08-19 10:01:37,21450.0,4400,Sell,232615934
2024-08-19 10:01:37,21450.0,500,Sell,232615922
2024-08-19 10:01:37,21450.0,400,Sell,232615905
2024-08-19 10:01:37,21450.0,500,Sell,232615920
2024-08-19 10:01:37,21450.0,4800,Sell,232615899
2024-08-19 10:01:37,21450.0,100,Sell,232615900
2024-08-19 10:01:37,21450.0,100,Sell,232615901
2024-08-19 10:01:37,21450.0,10000,Sell,232615902
2024-08-19 10:01:37,21450.0,500,Sell,232615921
2024-08-19 10:01:37,21450.0,500,Sell,232615906
2024-08-19 10:01:37,21450.0,300,Sell,232615907
2024-08-19 10:01:37,21450.0,200,Sell,232615908
2024-08-19 10:01:37,21450.0,1000,Sell,232615909
2024-08-19 10:01:37,21450.0,500,Sell,232615904
2024-08-19 10:01:37,21450.0,200,Sell,232615911
2024-08-19 10:01:37,21450.0,100,Sell,232615910
2024-08-19 10:01:37,21450.0,400,Sell,232615918
2024-08-19 10:01:37,21450.0,100,Sell,232615917
2024-08-19 10:01:37,21450.0,500,Sell,232615916
2024-08-19 10:01:37,21450.0,100,Sell,232615919
2024-08-19 10:01:37,21450.0,600,Sell,232615915
2024-08-19 10:01:37,21450.0,100,Sell,232615914
2024-08-19 10:01:37,21450.0,1000,Sell,232615913
2024-08-19 10:01:37,21450.0,300,Sell,232615912
2024-08-19 10:01:37,21450.0,100,Sell,232615903
2024-08-19 10:01:49,21450.0,3000,Sell,232616230
2024-08-19 10:01:55,21450.0,100,Sell,232616339
2024-08-19 10:02:23,21500.0,100,Buy,232616937
2024-08-19 10:02:23,21500.0,200,Buy,232616938
2024-08-19 10:02:23,21500.0,200,Buy,232616939
2024-08-19 10:02:23,21500.0,200,Buy,232616940
2024-08-19 10:02:23,21500.0,200,Buy,232616941
2024-08-19 10:02:23,21500.0,400,Buy,232616942
2024-08-19 10:02:30,21450.0,500,Sell,232617155
2024-08-19 10:02:47,21450.0,200,Sell,232617703
2024-08-19 10:02:47,21500.0,600,Buy,232617690
2024-08-19 10:02:47,21500.0,2400,Buy,232617691
2024-08-19 10:03:00,21500.0,300,Buy,232617940
2024-08-19 10:03:14,21450.0,10000,Sell,232618208
2024-08-19 10:03:22,21450.0,200,Sell,232618346
2024-08-19 10:03:32,21500.0,300,Buy,232618554
2024-08-19 10:03:32,21500.0,100,Buy,232618555
2024-08-19 10:03:32,21500.0,200,Buy,232618556
2024-08-19 10:03:32,21500.0,100,Buy,232618557
2024-08-19 10:03:58,21500.0,500,Buy,232619043
2024-08-19 10:04:03,21500.0,1000,Buy,232619194
2024-08-19 10:04:36,21450.0,400,Sell,232620193
2024-08-19 10:04:43,21500.0,1000,Buy,232620388
2024-08-19 10:04:43,21500.0,400,Buy,232620387
2024-08-19 10:04:43,21500.0,700,Buy,232620386
2024-08-19 10:04:43,21500.0,200,Buy,232620381
2024-08-19 10:04:43,21500.0,200,Buy,232620383
2024-08-19 10:04:43,21500.0,100,Buy,232620382
2024-08-19 10:04:43,21500.0,2000,Buy,232620389
2024-08-19 10:04:43,21500.0,500,Buy,232620380
2024-08-19 10:04:43,21500.0,17500,Buy,232620385
2024-08-19 10:04:43,21500.0,1700,Buy,232620378
2024-08-19 10:04:43,21500.0,2000,Buy,232620379
2024-08-19 10:04:43,21500.0,400,Buy,232620370
2024-08-19 10:04:43,21500.0,50000,Buy,232620371
2024-08-19 10:04:43,21500.0,100,Buy,232620372
2024-08-19 10:04:43,21500.0,1000,Buy,232620373
2024-08-19 10:04:43,21500.0,1200,Buy,232620384
2024-08-19 10:04:43,21500.0,500,Buy,232620375
2024-08-19 10:04:43,21500.0,500,Buy,232620376
2024-08-19 10:04:43,21500.0,100,Buy,232620377
2024-08-19 10:04:43,21500.0,200,Buy,232620374
2024-08-19 10:04:44,21500.0,2000,Buy,232620399
2024-08-19 10:04:44,21500.0,1400,Buy,232620406
2024-08-19 10:04:44,21500.0,400,Buy,232620405
2024-08-19 10:04:44,21500.0,200,Buy,232620404
2024-08-19 10:04:44,21500.0,100,Buy,232620403
2024-08-19 10:04:44,21500.0,2000,Buy,232620402
2024-08-19 10:04:44,21500.0,5000,Buy,232620401
2024-08-19 10:04:44,21500.0,2500,Buy,232620400
2024-08-19 10:04:44,21500.0,900,Buy,232620396
2024-08-19 10:04:44,21500.0,1500,Buy,232620397
2024-08-19 10:04:44,21500.0,2300,Buy,232620395
2024-08-19 10:04:44,21500.0,800,Buy,232620394
2024-08-19 10:04:44,21500.0,100,Buy,232620393
2024-08-19 10:04:44,21500.0,100,Buy,232620392
2024-08-19 10:04:44,21500.0,300,Buy,232620391
2024-08-19 10:04:44,21500.0,100,Buy,232620398
2024-08-19 10:04:47,21500.0,100,Buy,232620508
2024-08-19 10:05:08,21450.0,700,Sell,232621013
2024-08-19 10:05:12,21500.0,200,Buy,232621075
2024-08-19 10:05:27,21500.0,100,Buy,232621404
2024-08-19 10:05:28,21500.0,500,Buy,232621409
2024-08-19 10:05:38,21500.0,100,Buy,232621580
2024-08-19 10:05:38,21500.0,200,Buy,232621581
2024-08-19 10:05:38,21500.0,100,Buy,232621582
2024-08-19 10:05:38,21500.0,1000,Buy,232621583
2024-08-19 10:05:38,21500.0,700,Buy,232621584
2024-08-19 10:05:38,21500.0,300,Buy,232621585
2024-08-19 10:05:38,21500.0,900,Buy,232621579
2024-08-19 10:05:51,21500.0,400,Buy,232621943
2024-08-19 10:05:55,21500.0,100,Buy,232622021
2024-08-19 10:06:04,21500.0,100,Buy,232622183
2024-08-19 10:06:05,21500.0,500,Buy,232622214
2024-08-19 10:06:16,21500.0,300,Buy,232622458
2024-08-19 10:06:19,21500.0,500,Buy,232622518
2024-08-19 10:06:25,21500.0,100,Buy,232622610
2024-08-19 10:06:40,21500.0,800,Buy,232622930
2024-08-19 10:06:40,21500.0,900,Buy,232622931
2024-08-19 10:06:40,21500.0,18300,Buy,232622932
2024-08-19 10:06:41,21500.0,100,Buy,232622951
2024-08-19 10:06:45,21500.0,100,Buy,232623068
2024-08-19 10:06:48,21500.0,100,Buy,232623135
2024-08-19 10:06:53,21500.0,18000,Buy,232623239
2024-08-19 10:06:53,21500.0,200,Buy,232623238
2024-08-19 10:06:53,21500.0,500,Buy,232623240
2024-08-19 10:06:53,21500.0,200,Buy,232623236
2024-08-19 10:06:53,21500.0,6400,Buy,232623235
2024-08-19 10:06:53,21500.0,200,Buy,232623237
2024-08-19 10:06:55,21500.0,100,Buy,232623288
2024-08-19 10:07:12,21500.0,1400,Buy,232623580
2024-08-19 10:07:12,21500.0,900,Buy,232623579
2024-08-19 10:07:12,21500.0,2300,Buy,232623578
2024-08-19 10:07:12,21500.0,3000,Buy,232623577
2024-08-19 10:07:12,21500.0,1000,Buy,232623576
2024-08-19 10:07:12,21500.0,200,Buy,232623575
2024-08-19 10:07:12,21500.0,100,Buy,232623574
2024-08-19 10:07:12,21500.0,200,Buy,232623573
2024-08-19 10:07:12,21500.0,700,Buy,232623572
2024-08-19 10:07:12,21500.0,100,Buy,232623571
2024-08-19 10:07:12,21500.0,100,Buy,232623569
2024-08-19 10:07:12,21500.0,900,Buy,232623568
2024-08-19 10:07:12,21500.0,2300,Buy,232623567
2024-08-19 10:07:12,21500.0,800,Buy,232623566
2024-08-19 10:07:12,21500.0,100,Buy,232623565
2024-08-19 10:07:12,21500.0,100,Buy,232623564
2024-08-19 10:07:12,21500.0,1000,Buy,232623563
2024-08-19 10:07:12,21500.0,100,Buy,232623562
2024-08-19 10:07:12,21500.0,1000,Buy,232623561
2024-08-19 10:07:12,21500.0,100,Buy,232623560
2024-08-19 10:07:12,21500.0,1400,Buy,232623559
2024-08-19 10:07:12,21500.0,200,Buy,232623570
2024-08-19 10:07:24,21500.0,3900,Buy,232623882
2024-08-19 10:07:24,21500.0,500,Buy,232623881
2024-08-19 10:07:24,21500.0,1000,Buy,232623880
2024-08-19 10:07:24,21500.0,3600,Buy,232623879
2024-08-19 10:07:31,21500.0,100,Buy,232623987
2024-08-19 10:07:31,21500.0,200,Buy,232623988
2024-08-19 10:07:31,21500.0,4500,Buy,232623989
2024-08-19 10:07:31,21500.0,5000,Buy,232623990
2024-08-19 10:07:31,21500.0,2200,Buy,232623991
2024-08-19 10:07:31,21500.0,200,Buy,232623992
2024-08-19 10:07:31,21500.0,100,Buy,232623993
2024-08-19 10:07:31,21500.0,300,Buy,232623994
2024-08-19 10:07:31,21500.0,2400,Buy,232623986
2024-08-19 10:07:41,21500.0,3700,Buy,232624246
2024-08-19 10:07:41,21500.0,1000,Buy,232624248
2024-08-19 10:07:41,21500.0,2000,Buy,232624244
2024-08-19 10:07:41,21500.0,900,Buy,232624245
2024-08-19 10:07:41,21500.0,5000,Buy,232624247
2024-08-19 10:07:42,21500.0,2400,Sell,232624259
2024-08-19 10:07:45,21500.0,200,Buy,232624307
2024-08-19 10:07:50,21500.0,500,Buy,232624412
2024-08-19 10:07:50,21500.0,500,Buy,232624413
2024-08-19 10:07:53,21500.0,100,Buy,232624445
2024-08-19 10:07:53,21500.0,200,Buy,232624446
2024-08-19 10:07:53,21500.0,700,Buy,232624447
2024-08-19 10:07:55,21500.0,100,Buy,232624464
2024-08-19 10:08:00,21500.0,1200,Buy,232624594
2024-08-19 10:08:06,21450.0,6500,Sell,232624705
2024-08-19 10:08:14,21500.0,300,Buy,232624963
2024-08-19 10:08:30,21500.0,10000,Buy,232625194
2024-08-19 10:08:34,21500.0,500,Buy,232625271
2024-08-19 10:09:02,21500.0,500,Buy,232625923
2024-08-19 10:09:05,21500.0,100,Buy,232625951
2024-08-19 10:09:11,21500.0,200,Buy,232626099
2024-08-19 10:09:17,21500.0,1400,Buy,232626204
2024-08-19 10:09:17,21500.0,200,Buy,232626205
2024-08-19 10:09:19,21500.0,200,Buy,232626231
2024-08-19 10:09:40,21500.0,100,Buy,232626640
2024-08-19 10:09:40,21500.0,400,Buy,232626641
2024-08-19 10:09:42,21500.0,100,Buy,232626669
2024-08-19 10:09:45,21500.0,500,Buy,232626713
2024-08-19 10:09:52,21500.0,2300,Buy,232626853
2024-08-19 10:09:52,21500.0,100,Buy,232626852
2024-08-19 10:09:52,21500.0,600,Buy,232626850
2024-08-19 10:09:52,21500.0,200,Buy,232626851
2024-08-19 10:10:01,21500.0,700,Buy,232626989
2024-08-19 10:10:01,21500.0,100,Buy,232626990
2024-08-19 10:10:01,21500.0,200,Buy,232626991
2024-08-19 10:10:04,21500.0,500,Buy,232627030
2024-08-19 10:10:08,21500.0,500,Buy,232627091
2024-08-19 10:10:10,21500.0,1100,Buy,232627134
2024-08-19 10:10:10,21500.0,900,Buy,232627135
2024-08-19 10:10:10,21500.0,5500,Buy,232627136
2024-08-19 10:10:10,21500.0,500,Buy,232627137
2024-08-19 10:10:17,21500.0,3800,Buy,232627233
2024-08-19 10:10:17,21500.0,2000,Buy,232627230
2024-08-19 10:10:17,21500.0,100,Buy,232627231
2024-08-19 10:10:17,21500.0,100,Buy,232627232
2024-08-19 10:10:42,21500.0,1000,Buy,232627752
2024-08-19 10:11:00,21450.0,100,Sell,232628091
2024-08-19 10:11:11,21500.0,200,Buy,232628290
2024-08-19 10:11:11,21500.0,300,Buy,232628291
2024-08-19 10:11:12,21500.0,500,Buy,232628304
2024-08-19 10:11:13,21500.0,200,Buy,232628328
2024-08-19 10:11:13,21500.0,100,Buy,232628329
2024-08-19 10:11:17,21500.0,300,Buy,232628372
2024-08-19 10:11:27,21500.0,100,Buy,232628573
2024-08-19 10:11:27,21500.0,700,Buy,232628574
2024-08-19 10:11:27,21500.0,800,Buy,232628575
2024-08-19 10:11:31,21500.0,200,Buy,232628609
2024-08-19 10:11:32,21500.0,100,Buy,232628630
2024-08-19 10:11:32,21500.0,400,Buy,232628631
2024-08-19 10:11:34,21500.0,500,Buy,232628668
2024-08-19 10:11:42,21500.0,1000,Buy,232628812
2024-08-19 10:11:45,21500.0,200,Buy,232628844
2024-08-19 10:11:55,21500.0,300,Buy,232629096
2024-08-19 10:12:10,21450.0,900,Sell,232629354
2024-08-19 10:12:10,21450.0,300,Sell,232629355
2024-08-19 10:12:31,21500.0,100,Buy,232629716
2024-08-19 10:12:46,21500.0,400,Buy,232629994
2024-08-19 10:12:46,21500.0,100,Buy,232629993
2024-08-19 10:12:46,21500.0,200,Buy,232629991
2024-08-19 10:12:46,21500.0,100,Buy,232629992
2024-08-19 10:12:46,21500.0,800,Buy,232629990
2024-08-19 10:12:46,21500.0,100,Buy,232629986
2024-08-19 10:12:46,21500.0,100,Buy,232629988
2024-08-19 10:12:46,21500.0,100,Buy,232629987
2024-08-19 10:12:46,21500.0,200,Buy,232629985
2024-08-19 10:12:46,21500.0,1900,Buy,232629984
2024-08-19 10:12:46,21500.0,1000,Buy,232629989
2024-08-19 10:13:01,21500.0,100,Buy,232630215
2024-08-19 10:13:06,21450.0,2300,Sell,232630281
2024-08-19 10:13:06,21450.0,900,Sell,232630282
2024-08-19 10:13:19,21500.0,100,Buy,232630479
2024-08-19 10:13:19,21500.0,500,Buy,232630478
2024-08-19 10:13:19,21500.0,1500,Buy,232630476
2024-08-19 10:13:19,21500.0,1000,Buy,232630475
2024-08-19 10:13:19,21500.0,1500,Buy,232630474
2024-08-19 10:13:19,21500.0,400,Buy,232630477
2024-08-19 10:13:27,21500.0,100,Buy,232630589
2024-08-19 10:13:27,21500.0,1000,Buy,232630590
2024-08-19 10:13:51,21500.0,100,Buy,232630966
2024-08-19 10:14:02,21450.0,900,Sell,232631184
2024-08-19 10:14:02,21450.0,900,Sell,232631185
2024-08-19 10:14:02,21450.0,100,Sell,232631183
2024-08-19 10:14:02,21450.0,500,Sell,232631182
2024-08-19 10:14:02,21450.0,100,Sell,232631181
2024-08-19 10:14:02,21450.0,700,Sell,232631180
2024-08-19 10:14:02,21500.0,5000,Buy,232631170
2024-08-19 10:14:06,21450.0,100,Sell,232631234
2024-08-19 10:14:11,21450.0,100,Sell,232631299
2024-08-19 10:14:58,21450.0,900,Sell,232632194
2024-08-19 10:14:58,21450.0,2100,Sell,232632199
2024-08-19 10:14:58,21450.0,200,Sell,232632200
2024-08-19 10:15:06,21500.0,5500,Buy,232632382
2024-08-19 10:15:08,21500.0,7900,Buy,232632429
2024-08-19 10:15:08,21500.0,7900,Buy,232632436
2024-08-19 10:15:08,21500.0,7900,Buy,232632443
2024-08-19 10:15:10,21450.0,100,Sell,232632473
2024-08-19 10:15:16,21450.0,200,Sell,232632570
2024-08-19 10:15:17,21450.0,100,Sell,232632595
2024-08-19 10:15:41,21450.0,100,Sell,232633104
2024-08-19 10:15:53,21450.0,2300,Sell,232633292
2024-08-19 10:15:53,21450.0,900,Sell,232633293
2024-08-19 10:16:24,21450.0,200,Sell,232633992
2024-08-19 10:16:26,21450.0,200,Sell,232634007
2024-08-19 10:16:30,21450.0,400,Sell,232634052
2024-08-19 10:16:34,21500.0,900,Buy,232634096
2024-08-19 10:16:36,21500.0,100,Buy,232634127
2024-08-19 10:16:49,21450.0,100,Sell,232634349
2024-08-19 10:16:49,21450.0,800,Sell,232634350
2024-08-19 10:16:49,21450.0,300,Sell,232634347
2024-08-19 10:16:49,21450.0,2000,Sell,232634348
2024-08-19 10:17:03,21500.0,900,Buy,232634561
2024-08-19 10:17:07,21450.0,300,Sell,232634683
2024-08-19 10:17:09,21450.0,600,Sell,232634719
2024-08-19 10:17:31,21450.0,100,Sell,232635046
2024-08-19 10:17:35,21450.0,3000,Sell,232635126
2024-08-19 10:17:36,21450.0,200,Sell,232635138
2024-08-19 10:17:45,21450.0,2300,Sell,232635269
2024-08-19 10:17:45,21450.0,900,Sell,232635270
2024-08-19 10:17:54,21450.0,1000,Sell,232635450
2024-08-19 10:18:13,21450.0,2000,Sell,232636105
2024-08-19 10:18:14,21500.0,1000,Buy,232636120
2024-08-19 10:18:15,21450.0,400,Sell,232636136
2024-08-19 10:18:36,21500.0,100,Buy,232636554
2024-08-19 10:18:37,21450.0,2000,Sell,232636557
2024-08-19 10:18:38,21450.0,100,Sell,232636615
2024-08-19 10:18:41,21500.0,2500,Buy,232636651
2024-08-19 10:18:41,21450.0,2300,Sell,232636663
2024-08-19 10:18:41,21450.0,900,Sell,232636664
2024-08-19 10:18:45,21450.0,200,Sell,232636747
2024-08-19 10:19:00,21450.0,200,Sell,232637113
2024-08-19 10:19:15,21450.0,2700,Sell,232637492
2024-08-19 10:19:15,21450.0,300,Sell,232637493
2024-08-19 10:19:25,21450.0,2000,Sell,232637730
2024-08-19 10:19:37,21450.0,500,Sell,232637916
2024-08-19 10:19:37,21450.0,400,Sell,232637915
2024-08-19 10:19:37,21450.0,2300,Sell,232637914
2024-08-19 10:19:45,21450.0,100,Sell,232638078
2024-08-19 10:19:54,21450.0,100,Sell,232638303
2024-08-19 10:20:29,21450.0,400,Sell,232639003
2024-08-19 10:20:29,21450.0,1000,Sell,232639002
2024-08-19 10:20:29,21450.0,100,Sell,232639001
2024-08-19 10:20:29,21450.0,2300,Sell,232639004
2024-08-19 10:20:29,21450.0,100,Sell,232638999
2024-08-19 10:20:29,21450.0,300,Sell,232638998
2024-08-19 10:20:29,21450.0,300,Sell,232638997
2024-08-19 10:20:29,21450.0,500,Sell,232639000
2024-08-19 10:20:33,21450.0,2300,Sell,232639074
