time,price,volume,match_type,id
2024-07-31 09:14:39,23000.0,71300,ATO/ATC,227498890
2024-07-31 09:14:41,22950.0,700,Sell,227499031
2024-07-31 09:14:41,22950.0,100,Sell,227499029
2024-07-31 09:14:41,22950.0,200,Sell,227499030
2024-07-31 09:14:45,23000.0,300,Buy,227499214
2024-07-31 09:14:45,23000.0,100,Buy,227499215
2024-07-31 09:14:46,23000.0,500,Sell,227499235
2024-07-31 09:14:55,23000.0,100,Sell,227499431
2024-07-31 09:15:03,23000.0,100,Sell,227499612
2024-07-31 09:15:06,23000.0,300,Sell,227499743
2024-07-31 09:15:06,23000.0,200,Sell,227499742
2024-07-31 09:15:07,23000.0,1000,Sell,227499768
2024-07-31 09:15:31,23000.0,1000,Sell,227500526
2024-07-31 09:15:55,23000.0,800,Sell,227501236
2024-07-31 09:15:59,23000.0,900,Sell,227501338
2024-07-31 09:16:05,23050.0,100,Buy,227501519
2024-07-31 09:16:05,23050.0,100,Buy,227501520
2024-07-31 09:16:10,23050.0,4800,Buy,227501738
2024-07-31 09:16:10,23050.0,200,Buy,227501739
2024-07-31 09:16:26,23050.0,2000,Buy,227502204
2024-07-31 09:16:26,23050.0,100,Buy,227502203
2024-07-31 09:16:26,23050.0,200,Buy,227502205
2024-07-31 09:16:26,23050.0,1500,Buy,227502201
2024-07-31 09:16:26,23050.0,100,Buy,227502200
2024-07-31 09:16:26,23050.0,100,Buy,227502199
2024-07-31 09:16:26,23050.0,1000,Buy,227502202
2024-07-31 09:16:27,23050.0,1000,Buy,227502222
2024-07-31 09:16:35,23050.0,100,Buy,227502491
2024-07-31 09:16:41,23050.0,100,Buy,227502689
2024-07-31 09:16:48,23050.0,100,Buy,227503055
2024-07-31 09:16:49,23050.0,1000,Buy,227503080
2024-07-31 09:16:54,23050.0,500,Buy,227503235
2024-07-31 09:16:54,23050.0,7600,Sell,227503263
2024-07-31 09:16:54,23050.0,1000,Buy,227503237
2024-07-31 09:16:54,23050.0,100,Buy,227503236
2024-07-31 09:16:54,23050.0,1000,Buy,227503234
2024-07-31 09:16:54,23050.0,5000,Buy,227503231
2024-07-31 09:16:54,23050.0,1000,Buy,227503232
2024-07-31 09:16:54,23050.0,1000,Buy,227503233
2024-07-31 09:16:54,23050.0,2500,Buy,227503228
2024-07-31 09:16:54,23050.0,100,Buy,227503230
2024-07-31 09:16:54,23050.0,200,Buy,227503229
2024-07-31 09:17:04,23000.0,900,Sell,227503730
2024-07-31 09:17:04,23000.0,100,Sell,227503731
2024-07-31 09:17:07,23100.0,100,Buy,227503812
2024-07-31 09:17:22,23050.0,300,Buy,227504528
2024-07-31 09:17:22,23050.0,1000,Buy,227504530
2024-07-31 09:17:22,23100.0,600,Buy,227504531
2024-07-31 09:17:22,23050.0,100,Buy,227504529
2024-07-31 09:17:33,23100.0,400,Buy,227504927
2024-07-31 09:17:45,23050.0,10000,Sell,227505328
2024-07-31 09:18:00,23000.0,200,Sell,227505824
2024-07-31 09:18:02,23050.0,100,Sell,227505873
2024-07-31 09:18:08,23050.0,100,Buy,227506067
2024-07-31 09:18:14,23050.0,1000,Buy,227506285
2024-07-31 09:18:14,23050.0,900,Buy,227506284
2024-07-31 09:18:15,23050.0,100,Sell,227506321
2024-07-31 09:18:21,23050.0,100,Sell,227506517
2024-07-31 09:18:21,23050.0,300,Sell,227506516
2024-07-31 09:18:30,23050.0,200,Buy,227506838
2024-07-31 09:18:32,23050.0,4600,Buy,227506905
2024-07-31 09:18:32,23050.0,2000,Buy,227506906
2024-07-31 09:18:32,23050.0,100,Buy,227506907
2024-07-31 09:18:32,23050.0,2000,Buy,227506908
2024-07-31 09:18:32,23050.0,1300,Buy,227506909
2024-07-31 09:18:35,23050.0,18400,Sell,227507059
2024-07-31 09:18:35,23050.0,21500,Buy,227507040
2024-07-31 09:18:35,23050.0,10000,Buy,227507041
2024-07-31 09:18:35,23050.0,100,Buy,227507042
2024-07-31 09:18:38,23050.0,6000,Buy,227507219
2024-07-31 09:18:38,23100.0,8900,Buy,227507220
2024-07-31 09:18:38,23100.0,500,Buy,227507221
2024-07-31 09:18:38,23100.0,1000,Buy,227507222
2024-07-31 09:18:38,23100.0,100,Buy,227507223
2024-07-31 09:18:38,23100.0,100,Buy,227507224
2024-07-31 09:18:38,23100.0,1200,Buy,227507225
2024-07-31 09:18:50,23050.0,900,Buy,227507653
2024-07-31 09:18:51,23050.0,19100,Sell,227507677
2024-07-31 09:19:03,23050.0,900,Buy,227508106
2024-07-31 09:19:03,23050.0,100,Buy,227508105
2024-07-31 09:19:04,23050.0,4000,Buy,227508149
2024-07-31 09:19:04,23050.0,5000,Buy,227508150
2024-07-31 09:19:04,23050.0,100,Buy,227508148
2024-07-31 09:19:05,23050.0,1000,Sell,227508186
2024-07-31 09:19:05,23050.0,4900,Sell,227508188
2024-07-31 09:19:10,23050.0,100,Buy,227508377
2024-07-31 09:19:12,23050.0,1000,Buy,227508423
2024-07-31 09:19:17,23050.0,2000,Buy,227508648
2024-07-31 09:19:31,23050.0,1000,Buy,227509110
2024-07-31 09:19:38,23050.0,100,Buy,227509314
2024-07-31 09:19:43,23050.0,1800,Buy,227509502
2024-07-31 09:19:43,23050.0,1100,Buy,227509503
2024-07-31 09:19:43,23050.0,100,Buy,227509504
2024-07-31 09:19:44,23050.0,500,Buy,227509547
2024-07-31 09:19:46,23050.0,200,Buy,227509630
2024-07-31 09:19:46,23050.0,10000,Buy,227509629
2024-07-31 09:19:46,23050.0,200,Buy,227509628
2024-07-31 09:19:46,23050.0,1000,Buy,227509627
2024-07-31 09:19:46,23050.0,5000,Buy,227509626
2024-07-31 09:19:46,23050.0,100,Buy,227509625
2024-07-31 09:19:46,23050.0,300,Buy,227509601
2024-07-31 09:19:46,23050.0,20000,Buy,227509616
2024-07-31 09:19:46,23050.0,100,Buy,227509624
2024-07-31 09:19:46,23050.0,1000,Buy,227509622
2024-07-31 09:19:46,23050.0,500,Buy,227509623
2024-07-31 09:19:46,23050.0,1900,Buy,227509621
2024-07-31 09:19:48,23000.0,4800,Sell,227509681
2024-07-31 09:19:48,23000.0,2800,Sell,227509682
2024-07-31 09:19:49,23000.0,2200,Sell,227509718
2024-07-31 09:19:49,23000.0,900,Sell,227509719
2024-07-31 09:19:49,23000.0,100,Sell,227509720
2024-07-31 09:19:49,23000.0,2000,Sell,227509721
2024-07-31 09:19:49,23000.0,1000,Sell,227509722
2024-07-31 09:19:49,23000.0,500,Sell,227509723
2024-07-31 09:19:49,23000.0,900,Sell,227509724
2024-07-31 09:19:53,23050.0,100,Buy,227509892
2024-07-31 09:20:06,23050.0,100,Buy,227510331
2024-07-31 09:20:12,23050.0,100,Buy,227510577
2024-07-31 09:20:20,23050.0,10000,Buy,227510843
2024-07-31 09:20:20,23050.0,1000,Buy,227510844
2024-07-31 09:20:20,23050.0,1000,Buy,227510841
2024-07-31 09:20:20,23050.0,200,Buy,227510842
2024-07-31 09:20:20,23050.0,4500,Buy,227510840
2024-07-31 09:20:21,23050.0,2000,Buy,227510854
2024-07-31 09:20:21,23050.0,100,Buy,227510852
2024-07-31 09:20:21,23050.0,1000,Buy,227510851
2024-07-31 09:20:21,23050.0,200,Buy,227510853
2024-07-31 09:20:24,23050.0,1900,Buy,227510986
2024-07-31 09:20:24,23050.0,500,Buy,227510996
2024-07-31 09:20:34,23000.0,400,Sell,227511335
2024-07-31 09:20:36,23000.0,3000,Sell,227511424
2024-07-31 09:20:47,23000.0,1000,Sell,227511831
2024-07-31 09:20:48,23000.0,100,Sell,227511854
2024-07-31 09:20:50,23000.0,100,Sell,227511940
2024-07-31 09:20:50,23050.0,200,Buy,227511951
2024-07-31 09:21:00,23000.0,1100,Sell,227512666
2024-07-31 09:21:00,23000.0,100,Sell,227512658
2024-07-31 09:21:00,23000.0,2000,Sell,227512659
2024-07-31 09:21:00,23000.0,1000,Sell,227512660
2024-07-31 09:21:00,23000.0,900,Sell,227512661
2024-07-31 09:21:00,23000.0,1000,Sell,227512662
2024-07-31 09:21:00,23000.0,300,Sell,227512663
2024-07-31 09:21:00,23000.0,1000,Sell,227512664
2024-07-31 09:21:00,23000.0,100,Sell,227512665
2024-07-31 09:21:00,23000.0,2500,Sell,227512657
2024-07-31 09:21:12,23000.0,17900,Sell,227513023
2024-07-31 09:21:12,23000.0,2100,Sell,227513022
2024-07-31 09:21:13,23000.0,1000,Sell,227513037
2024-07-31 09:21:13,23000.0,32100,Sell,227513034
2024-07-31 09:21:13,23000.0,200,Sell,227513035
2024-07-31 09:21:13,23000.0,100,Sell,227513036
2024-07-31 09:21:14,23000.0,100,Buy,227513092
2024-07-31 09:21:22,23000.0,9900,Buy,227513362
2024-07-31 09:21:22,23000.0,2000,Buy,227513363
2024-07-31 09:21:22,23000.0,1000,Buy,227513364
2024-07-31 09:21:22,23000.0,1000,Buy,227513365
2024-07-31 09:21:26,23000.0,2000,Sell,227513485
2024-07-31 09:21:26,23000.0,300,Sell,227513504
2024-07-31 09:21:27,23000.0,200,Sell,227513554
2024-07-31 09:21:27,23000.0,500,Sell,227513553
2024-07-31 09:21:39,23000.0,300,Sell,227513901
2024-07-31 09:21:45,23000.0,900,Sell,227514117
2024-07-31 09:21:47,23000.0,2800,Sell,227514185
2024-07-31 09:21:48,23000.0,300,Sell,227514216
2024-07-31 09:21:48,23000.0,4000,Sell,227514225
2024-07-31 09:21:56,23000.0,500,Sell,227514521
2024-07-31 09:21:58,23000.0,2600,Sell,227514646
2024-07-31 09:22:10,23000.0,100,Sell,227515106
2024-07-31 09:22:12,23000.0,1000,Sell,227515187
2024-07-31 09:22:16,23050.0,100,Buy,227515290
2024-07-31 09:22:23,23000.0,100,Sell,227515438
2024-07-31 09:22:33,23000.0,2300,Sell,227515669
2024-07-31 09:22:38,23000.0,1000,Sell,227515757
2024-07-31 09:22:41,23000.0,1200,Sell,227515834
2024-07-31 09:23:03,23000.0,4600,Sell,227516321
2024-07-31 09:23:05,23000.0,1000,Sell,227516381
2024-07-31 09:23:09,23000.0,200,Sell,227516503
2024-07-31 09:23:18,23000.0,10000,Sell,227516744
2024-07-31 09:23:18,23050.0,100,Buy,227516761
2024-07-31 09:23:19,23000.0,10000,Sell,227516775
2024-07-31 09:23:32,23000.0,1000,Sell,227517349
2024-07-31 09:23:32,23000.0,1000,Sell,227517348
2024-07-31 09:23:32,23000.0,100,Sell,227517298
2024-07-31 09:23:38,23000.0,100,Sell,227517548
2024-07-31 09:23:42,23000.0,2000,Sell,227517634
2024-07-31 09:23:56,23050.0,500,Buy,227518101
2024-07-31 09:23:57,23000.0,1000,Sell,227518150
2024-07-31 09:23:59,23000.0,1000,Sell,227518206
2024-07-31 09:24:07,23000.0,1000,Sell,227518446
2024-07-31 09:24:07,23000.0,200,Sell,227518447
2024-07-31 09:24:17,23000.0,1100,Sell,227518639
2024-07-31 09:24:20,23050.0,100,Buy,227518772
2024-07-31 09:24:27,23000.0,600,Sell,227519052
2024-07-31 09:24:29,23000.0,1000,Sell,227519101
2024-07-31 09:24:33,23000.0,1000,Sell,227519228
2024-07-31 09:24:34,23000.0,100,Sell,227519268
2024-07-31 09:24:44,23000.0,3000,Sell,227519556
2024-07-31 09:24:52,23000.0,1000,Sell,227519771
2024-07-31 09:24:56,23000.0,200,Sell,227519867
2024-07-31 09:24:57,23000.0,100,Sell,227519886
2024-07-31 09:25:04,23000.0,3000,Sell,227520112
2024-07-31 09:25:07,23000.0,100,Sell,227520215
2024-07-31 09:25:19,23000.0,1000,Sell,227520540
2024-07-31 09:25:22,23050.0,100,Buy,227520600
2024-07-31 09:25:26,23000.0,10000,Sell,227520689
2024-07-31 09:25:27,23000.0,800,Sell,227520716
2024-07-31 09:25:28,23050.0,300,Buy,227520732
2024-07-31 09:25:54,23000.0,100,Sell,227521240
2024-07-31 09:26:00,23000.0,1000,Sell,227521483
2024-07-31 09:26:02,23000.0,500,Sell,227521513
2024-07-31 09:26:08,23000.0,500,Sell,227521631
2024-07-31 09:26:10,23000.0,1000,Sell,227521710
2024-07-31 09:26:12,23000.0,1000,Sell,227521765
2024-07-31 09:26:17,23000.0,2000,Sell,227521916
2024-07-31 09:26:20,23000.0,100,Sell,227521986
2024-07-31 09:26:22,23000.0,300,Sell,227522032
2024-07-31 09:26:24,23050.0,100,Buy,227522068
2024-07-31 09:26:39,23000.0,100,Sell,227522595
2024-07-31 09:26:41,23000.0,3700,Sell,227522648
2024-07-31 09:26:41,23000.0,5000,Sell,227522647
2024-07-31 09:26:41,23000.0,800,Sell,227522644
2024-07-31 09:26:41,23000.0,2000,Sell,227522646
2024-07-31 09:26:41,23000.0,1000,Sell,227522645
2024-07-31 09:26:41,23000.0,100,Sell,227522643
2024-07-31 09:26:41,23000.0,2000,Sell,227522638
2024-07-31 09:26:41,23000.0,500,Sell,227522641
2024-07-31 09:26:41,23000.0,100,Sell,227522640
2024-07-31 09:26:41,23000.0,1000,Sell,227522639
2024-07-31 09:26:41,23000.0,3200,Sell,227522636
2024-07-31 09:26:41,23000.0,500,Sell,227522642
2024-07-31 09:26:41,23000.0,100,Sell,227522637
2024-07-31 09:26:55,23000.0,1000,Sell,227523176
2024-07-31 09:27:05,23000.0,900,Sell,227523422
2024-07-31 09:27:10,23050.0,200,Buy,227523516
2024-07-31 09:27:26,23050.0,100,Buy,227524111
2024-07-31 09:28:05,23050.0,500,Buy,227525094
2024-07-31 09:28:06,23050.0,1000,Buy,227525122
2024-07-31 09:28:17,23000.0,100,Sell,227525394
2024-07-31 09:28:25,23000.0,1000,Sell,227525910
2024-07-31 09:28:28,23050.0,100,Buy,227525978
2024-07-31 09:28:42,23000.0,3000,Sell,227526416
2024-07-31 09:28:52,23000.0,700,Sell,227526799
2024-07-31 09:28:52,23000.0,300,Sell,227526798
2024-07-31 09:28:56,23000.0,100,Sell,227526885
2024-07-31 09:28:56,23000.0,2500,Sell,227526916
2024-07-31 09:29:00,23000.0,200,Sell,227527094
2024-07-31 09:29:01,23000.0,100,Sell,227527110
2024-07-31 09:29:04,23000.0,100,Sell,227527212
2024-07-31 09:29:08,23000.0,100,Sell,227527394
2024-07-31 09:29:10,23000.0,800,Sell,227527497
2024-07-31 09:29:14,23000.0,400,Sell,227527598
2024-07-31 09:29:14,23000.0,300,Sell,227527599
2024-07-31 09:29:14,23000.0,100,Sell,227527600
2024-07-31 09:29:14,23000.0,200,Sell,227527601
2024-07-31 09:29:19,23000.0,100,Sell,227528093
2024-07-31 09:29:19,23000.0,900,Sell,227528092
2024-07-31 09:29:25,23000.0,100,Sell,227528277
2024-07-31 09:29:30,23050.0,100,Buy,227528567
2024-07-31 09:29:45,23000.0,2900,Sell,227529097
2024-07-31 09:29:45,23000.0,600,Sell,227529090
2024-07-31 09:29:45,23000.0,1000,Sell,227529089
2024-07-31 09:29:45,23000.0,2000,Sell,227529088
2024-07-31 09:29:45,23000.0,500,Sell,227529087
2024-07-31 09:29:45,23000.0,200,Sell,227529086
2024-07-31 09:29:45,23000.0,400,Sell,227529085
2024-07-31 09:29:45,23000.0,200,Sell,227529083
2024-07-31 09:29:45,23000.0,800,Sell,227529078
2024-07-31 09:29:45,23000.0,500,Sell,227529079
2024-07-31 09:29:45,23000.0,100,Sell,227529084
2024-07-31 09:29:45,23000.0,2400,Sell,227529081
2024-07-31 09:29:45,23000.0,1000,Sell,227529082
2024-07-31 09:29:45,23000.0,300,Sell,227529080
2024-07-31 09:29:51,23000.0,100,Buy,227529293
2024-07-31 09:29:53,23000.0,1000,Buy,227529396
2024-07-31 09:30:11,23000.0,15000,Buy,227530092
2024-07-31 09:30:11,23000.0,200,Buy,227530091
2024-07-31 09:30:11,23000.0,1000,Buy,227530090
2024-07-31 09:30:11,23000.0,8000,Buy,227530085
2024-07-31 09:30:12,23000.0,900,Sell,227530144
2024-07-31 09:30:13,23000.0,10000,Sell,227530153
2024-07-31 09:30:14,23000.0,500,Sell,227530215
2024-07-31 09:30:17,23000.0,10000,Sell,227530306
2024-07-31 09:30:24,23000.0,2000,Sell,227530741
2024-07-31 09:30:33,23050.0,100,Buy,227531035
2024-07-31 09:30:37,23000.0,2400,Sell,227531201
2024-07-31 09:30:37,23000.0,7600,Sell,227531202
2024-07-31 09:30:39,23000.0,1000,Sell,227531255
2024-07-31 09:30:40,23000.0,500,Sell,227531291
2024-07-31 09:30:41,23050.0,2000,Buy,227531302
2024-07-31 09:30:44,23050.0,100,Buy,227531381
2024-07-31 09:30:46,23050.0,100,Buy,227531416
2024-07-31 09:30:50,23000.0,1700,Sell,227531565
2024-07-31 09:30:50,23000.0,1000,Sell,227531566
2024-07-31 09:30:50,23000.0,2300,Sell,227531567
2024-07-31 09:31:00,23000.0,1700,Sell,227531852
2024-07-31 09:31:00,23000.0,500,Sell,227531853
2024-07-31 09:31:00,23000.0,2800,Sell,227531854
2024-07-31 09:31:06,23000.0,1000,Sell,227532052
2024-07-31 09:31:19,23050.0,1000,Buy,227532413
2024-07-31 09:31:19,23050.0,100,Buy,227532412
2024-07-31 09:31:19,23050.0,1000,Buy,227532411
2024-07-31 09:31:19,23050.0,1000,Buy,227532408
2024-07-31 09:31:19,23050.0,900,Buy,227532409
2024-07-31 09:31:19,23050.0,1100,Buy,227532414
2024-07-31 09:31:19,23050.0,600,Buy,227532410
2024-07-31 09:31:19,23050.0,700,Buy,227532415
2024-07-31 09:31:19,23050.0,1000,Buy,227532419
2024-07-31 09:31:19,23050.0,1000,Buy,227532417
2024-07-31 09:31:19,23050.0,500,Buy,227532418
2024-07-31 09:31:19,23050.0,1000,Buy,227532407
2024-07-31 09:31:19,23050.0,100,Buy,227532420
2024-07-31 09:31:19,23050.0,5000,Buy,227532423
2024-07-31 09:31:19,23050.0,100,Buy,227532424
2024-07-31 09:31:19,23050.0,1700,Buy,227532425
2024-07-31 09:31:19,23050.0,17400,Buy,227532416
2024-07-31 09:31:19,23050.0,10000,Buy,227532406
2024-07-31 09:31:19,23050.0,1000,Buy,227532422
2024-07-31 09:31:19,23050.0,2300,Buy,227532404
2024-07-31 09:31:19,23050.0,200,Buy,227532405
2024-07-31 09:31:19,23050.0,70900,Buy,227532386
2024-07-31 09:31:19,23050.0,5400,Buy,227532387
2024-07-31 09:31:19,23050.0,1000,Buy,227532388
2024-07-31 09:31:19,23050.0,5000,Buy,227532389
2024-07-31 09:31:19,23050.0,10000,Buy,227532390
2024-07-31 09:31:19,23050.0,1000,Buy,227532391
2024-07-31 09:31:19,23050.0,100,Buy,227532392
2024-07-31 09:31:19,23050.0,8000,Buy,227532393
2024-07-31 09:31:19,23050.0,30000,Buy,227532421
2024-07-31 09:31:19,23050.0,500,Buy,227532395
2024-07-31 09:31:19,23050.0,3000,Buy,227532401
2024-07-31 09:31:19,23050.0,8200,Buy,227532400
2024-07-31 09:31:19,23050.0,200,Buy,227532399
2024-07-31 09:31:19,23050.0,1200,Buy,227532402
2024-07-31 09:31:19,23050.0,200,Buy,227532398
2024-07-31 09:31:19,23050.0,1000,Buy,227532397
2024-07-31 09:31:19,23050.0,500,Buy,227532396
2024-07-31 09:31:19,23050.0,100,Buy,227532394
2024-07-31 09:31:19,23050.0,6000,Buy,227532403
2024-07-31 09:31:24,23050.0,1000,Buy,227532532
2024-07-31 09:31:35,23050.0,100,Buy,227532846
2024-07-31 09:32:02,23050.0,100,Buy,227533576
2024-07-31 09:32:04,23050.0,100,Buy,227533666
2024-07-31 09:32:04,23050.0,200,Buy,227533667
2024-07-31 09:32:04,23050.0,200,Buy,227533668
2024-07-31 09:32:13,23050.0,300,Buy,227533945
2024-07-31 09:32:13,23050.0,1000,Buy,227533946
2024-07-31 09:32:13,23050.0,1000,Buy,227533944
2024-07-31 09:32:13,23050.0,100,Buy,227533942
2024-07-31 09:32:13,23050.0,100,Buy,227533941
2024-07-31 09:32:13,23050.0,1300,Buy,227533940
2024-07-31 09:32:13,23050.0,10000,Buy,227533943
2024-07-31 09:32:24,23100.0,19800,Buy,227534335
2024-07-31 09:32:24,23100.0,10000,Buy,227534334
2024-07-31 09:32:24,23100.0,6000,Buy,227534333
2024-07-31 09:32:24,23100.0,5000,Buy,227534332
2024-07-31 09:32:24,23100.0,100,Buy,227534331
2024-07-31 09:32:24,23100.0,1000,Buy,227534330
2024-07-31 09:32:24,23100.0,1000,Buy,227534329
2024-07-31 09:32:24,23100.0,100,Buy,227534328
2024-07-31 09:32:24,23100.0,500,Buy,227534327
2024-07-31 09:32:24,23100.0,2000,Buy,227534326
2024-07-31 09:32:24,23100.0,100,Buy,227534325
2024-07-31 09:32:24,23100.0,5000,Buy,227534324
2024-07-31 09:32:24,23100.0,200,Buy,227534322
2024-07-31 09:32:24,23100.0,2000,Buy,227534321
2024-07-31 09:32:24,23100.0,3000,Buy,227534320
2024-07-31 09:32:24,23100.0,3000,Buy,227534319
2024-07-31 09:32:24,23100.0,100,Buy,227534318
2024-07-31 09:32:24,23100.0,10000,Buy,227534317
2024-07-31 09:32:24,23100.0,100,Buy,227534316
2024-07-31 09:32:24,23100.0,2000,Buy,227534314
2024-07-31 09:32:24,23100.0,500,Buy,227534313
2024-07-31 09:32:24,23100.0,1200,Buy,227534312
2024-07-31 09:32:24,23100.0,2000,Buy,227534323
2024-07-31 09:32:24,23100.0,300,Buy,227534315
2024-07-31 09:32:37,23100.0,100,Buy,227534887
2024-07-31 09:32:40,23100.0,100,Buy,227534990
2024-07-31 09:32:40,23100.0,1300,Buy,227534992
2024-07-31 09:32:40,23100.0,100,Buy,227534991
2024-07-31 09:32:40,23100.0,500,Buy,227534989
2024-07-31 09:32:40,23100.0,500,Buy,227534987
2024-07-31 09:32:40,23100.0,2900,Buy,227534985
2024-07-31 09:32:40,23100.0,2100,Buy,227534988
2024-07-31 09:32:40,23100.0,100,Buy,227534986
2024-07-31 09:32:46,23100.0,1000,Buy,227535203
2024-07-31 09:32:54,23100.0,2000,Buy,227535481
2024-07-31 09:33:10,23050.0,1000,Sell,227536041
2024-07-31 09:33:19,23050.0,1000,Sell,227536291
2024-07-31 09:33:27,23100.0,500,Buy,227536476
2024-07-31 09:33:39,23100.0,100,Buy,227536823
2024-07-31 09:33:52,23100.0,300,Buy,227537212
2024-07-31 09:34:10,23050.0,1000,Sell,227537831
2024-07-31 09:34:10,23050.0,100,Sell,227537830
2024-07-31 09:34:10,23050.0,100,Sell,227537829
2024-07-31 09:34:10,23050.0,2000,Sell,227537828
2024-07-31 09:34:10,23050.0,200,Sell,227537824
2024-07-31 09:34:10,23050.0,5000,Sell,227537826
2024-07-31 09:34:10,23050.0,100,Sell,227537825
2024-07-31 09:34:10,23050.0,100,Sell,227537823
2024-07-31 09:34:10,23050.0,10000,Sell,227537827
2024-07-31 09:34:10,23050.0,4200,Sell,227537822
2024-07-31 09:34:12,23050.0,1000,Sell,227537988
2024-07-31 09:34:24,23050.0,100,Sell,227538375
2024-07-31 09:34:28,23050.0,2000,Sell,227538536
2024-07-31 09:34:33,23050.0,1000,Sell,227538692
2024-07-31 09:34:39,23050.0,1000,Sell,227538879
2024-07-31 09:34:41,23100.0,100,Buy,227538925
2024-07-31 09:34:43,23050.0,3900,Sell,227538970
2024-07-31 09:34:43,23050.0,3400,Sell,227538971
2024-07-31 09:34:43,23050.0,1700,Sell,227538972
2024-07-31 09:35:06,23050.0,1000,Sell,227539617
2024-07-31 09:35:07,23100.0,1000,Buy,227539666
2024-07-31 09:35:07,23100.0,1000,Buy,227539667
2024-07-31 09:35:07,23100.0,1000,Buy,227539668
2024-07-31 09:35:07,23100.0,100,Buy,227539669
2024-07-31 09:35:07,23100.0,10000,Buy,227539670
2024-07-31 09:35:07,23100.0,100,Buy,227539678
2024-07-31 09:35:07,23100.0,100,Buy,227539672
2024-07-31 09:35:07,23100.0,100,Buy,227539677
2024-07-31 09:35:07,23100.0,500,Buy,227539679
2024-07-31 09:35:07,23100.0,5000,Buy,227539680
2024-07-31 09:35:07,23100.0,500,Buy,227539665
2024-07-31 09:35:07,23100.0,200,Buy,227539671
2024-07-31 09:35:07,23100.0,1000,Buy,227539664
2024-07-31 09:35:07,23100.0,200,Buy,227539656
2024-07-31 09:35:07,23100.0,500,Buy,227539662
2024-07-31 09:35:07,23100.0,200,Buy,227539663
2024-07-31 09:35:07,23100.0,4700,Buy,227539649
2024-07-31 09:35:07,23100.0,4000,Buy,227539650
2024-07-31 09:35:07,23100.0,300,Buy,227539651
2024-07-31 09:35:07,23100.0,30000,Buy,227539653
2024-07-31 09:35:07,23100.0,200,Buy,227539654
2024-07-31 09:35:07,23100.0,500,Buy,227539652
2024-07-31 09:35:07,23100.0,1500,Buy,227539657
2024-07-31 09:35:07,23100.0,100,Buy,227539658
2024-07-31 09:35:07,23100.0,5000,Buy,227539659
2024-07-31 09:35:07,23100.0,1500,Buy,227539660
2024-07-31 09:35:07,23100.0,100,Buy,227539661
2024-07-31 09:35:07,23100.0,600,Buy,227539655
2024-07-31 09:35:19,23100.0,200,Buy,227540057
2024-07-31 09:35:43,23100.0,1000,Buy,227540884
2024-07-31 09:35:43,23100.0,100,Buy,227540889
2024-07-31 09:35:43,23100.0,500,Buy,227540885
2024-07-31 09:35:43,23100.0,400,Buy,227540886
2024-07-31 09:35:43,23100.0,100,Buy,227540887
2024-07-31 09:35:43,23100.0,500,Buy,227540888
2024-07-31 09:35:43,23100.0,200,Buy,227540890
2024-07-31 09:35:43,23100.0,900,Buy,227540898
2024-07-31 09:35:43,23100.0,1000,Buy,227540892
2024-07-31 09:35:43,23100.0,200,Buy,227540893
2024-07-31 09:35:43,23100.0,200,Buy,227540894
2024-07-31 09:35:43,23100.0,2000,Buy,227540895
2024-07-31 09:35:43,23100.0,6000,Buy,227540896
2024-07-31 09:35:43,23100.0,300,Buy,227540883
2024-07-31 09:35:43,23100.0,100,Buy,227540891
2024-07-31 09:35:43,23100.0,1000,Buy,227540882
2024-07-31 09:35:43,23100.0,300,Buy,227540897
2024-07-31 09:35:43,23100.0,5000,Buy,227540880
2024-07-31 09:35:43,23100.0,100,Buy,227540865
2024-07-31 09:35:43,23100.0,800,Buy,227540864
2024-07-31 09:35:43,23100.0,2500,Buy,227540866
2024-07-31 09:35:43,23100.0,500,Buy,227540867
2024-07-31 09:35:43,23100.0,1000,Buy,227540868
2024-07-31 09:35:43,23100.0,500,Buy,227540870
2024-07-31 09:35:43,23100.0,2000,Buy,227540871
2024-07-31 09:35:43,23100.0,400,Buy,227540869
2024-07-31 09:35:43,23100.0,900,Buy,227540873
2024-07-31 09:35:43,23100.0,100,Buy,227540874
2024-07-31 09:35:43,23100.0,2000,Buy,227540875
2024-07-31 09:35:43,23100.0,5100,Buy,227540876
2024-07-31 09:35:43,23100.0,100,Buy,227540877
2024-07-31 09:35:43,23100.0,1500,Buy,227540878
2024-07-31 09:35:43,23100.0,2200,Buy,227540879
2024-07-31 09:35:43,23100.0,2000,Buy,227540872
2024-07-31 09:35:43,23100.0,2000,Buy,227540881
2024-07-31 09:35:44,23150.0,100,Buy,227540956
2024-07-31 09:35:52,23100.0,1000,Sell,227541206
2024-07-31 09:35:59,23100.0,1000,Sell,227541350
2024-07-31 09:36:01,23100.0,100,Sell,227541398
2024-07-31 09:36:05,23100.0,100,Sell,227541486
2024-07-31 09:36:12,23100.0,100,Sell,227541699
2024-07-31 09:36:26,23100.0,1000,Sell,227542158
2024-07-31 09:36:29,23150.0,100,Buy,227542256
2024-07-31 09:36:42,23150.0,100,Buy,227542616
2024-07-31 09:36:42,23150.0,5000,Buy,227542597
2024-07-31 09:36:42,23150.0,300,Buy,227542598
2024-07-31 09:36:42,23150.0,100,Buy,227542599
2024-07-31 09:36:42,23150.0,100,Buy,227542600
2024-07-31 09:36:42,23150.0,1000,Buy,227542596
2024-07-31 09:36:42,23150.0,100,Buy,227542602
2024-07-31 09:36:42,23150.0,500,Buy,227542603
2024-07-31 09:36:42,23150.0,100,Buy,227542604
2024-07-31 09:36:42,23150.0,100,Buy,227542605
2024-07-31 09:36:42,23150.0,100,Buy,227542606
2024-07-31 09:36:42,23150.0,100,Buy,227542608
2024-07-31 09:36:42,23150.0,3000,Buy,227542609
2024-07-31 09:36:42,23150.0,2000,Buy,227542610
2024-07-31 09:36:42,23150.0,100,Buy,227542611
2024-07-31 09:36:42,23150.0,200,Buy,227542612
2024-07-31 09:36:42,23150.0,1000,Buy,227542613
2024-07-31 09:36:42,23150.0,3000,Buy,227542614
2024-07-31 09:36:42,23150.0,100,Buy,227542615
2024-07-31 09:36:42,23150.0,100,Buy,227542607
2024-07-31 09:36:42,23150.0,1600,Buy,227542595
2024-07-31 09:36:42,23150.0,100,Buy,227542601
2024-07-31 09:36:42,23150.0,300,Buy,227542593
2024-07-31 09:36:42,23150.0,300,Buy,227542573
2024-07-31 09:36:42,23150.0,1900,Buy,227542574
2024-07-31 09:36:42,23150.0,100,Buy,227542575
2024-07-31 09:36:42,23150.0,100,Buy,227542576
2024-07-31 09:36:42,23150.0,100,Buy,227542577
2024-07-31 09:36:42,23150.0,500,Buy,227542578
2024-07-31 09:36:42,23150.0,100000,Buy,227542580
2024-07-31 09:36:42,23150.0,100,Buy,227542581
2024-07-31 09:36:42,23150.0,1500,Buy,227542582
2024-07-31 09:36:42,23150.0,100,Buy,227542579
2024-07-31 09:36:42,23150.0,200,Buy,227542584
2024-07-31 09:36:42,23150.0,1000,Buy,227542583
2024-07-31 09:36:42,23150.0,200,Buy,227542591
2024-07-31 09:36:42,23150.0,1000,Buy,227542590
2024-07-31 09:36:42,23150.0,5000,Buy,227542589
2024-07-31 09:36:42,23150.0,1000,Buy,227542592
2024-07-31 09:36:42,23150.0,100,Buy,227542587
2024-07-31 09:36:42,23150.0,5000,Buy,227542586
2024-07-31 09:36:42,23150.0,500,Buy,227542585
2024-07-31 09:36:42,23150.0,6000,Buy,227542588
2024-07-31 09:36:42,23150.0,1000,Buy,227542594
2024-07-31 09:36:44,23150.0,100,Sell,227542674
2024-07-31 09:36:46,23200.0,100,Buy,227542706
2024-07-31 09:36:47,23150.0,3000,Sell,227542755
2024-07-31 09:36:53,23150.0,1000,Sell,227542922
2024-07-31 09:36:55,23200.0,400,Buy,227542992
2024-07-31 09:37:07,23150.0,1000,Sell,227543272
2024-07-31 09:37:10,23200.0,1000,Buy,227543396
2024-07-31 09:37:15,23200.0,400,Buy,227543518
2024-07-31 09:37:15,23200.0,1000,Buy,227543517
2024-07-31 09:37:15,23200.0,8600,Buy,227543516
2024-07-31 09:37:19,23200.0,1000,Buy,227543610
2024-07-31 09:37:19,23150.0,100,Sell,227543616
2024-07-31 09:37:19,23150.0,900,Sell,227543617
2024-07-31 09:37:25,23200.0,100,Buy,227543764
2024-07-31 09:37:33,23200.0,2000,Buy,227544017
2024-07-31 09:37:33,23200.0,1000,Buy,227544016
2024-07-31 09:37:33,23200.0,200,Buy,227544015
2024-07-31 09:37:33,23200.0,1000,Buy,227544014
2024-07-31 09:37:33,23200.0,200,Buy,227544018
2024-07-31 09:37:33,23200.0,1500,Buy,227544012
2024-07-31 09:37:33,23200.0,200,Buy,227544011
2024-07-31 09:37:33,23200.0,400,Buy,227544010
2024-07-31 09:37:33,23200.0,200,Buy,227544009
2024-07-31 09:37:33,23200.0,3200,Buy,227544008
2024-07-31 09:37:33,23200.0,100,Buy,227544013
2024-07-31 09:37:36,23200.0,200,Buy,227544132
2024-07-31 09:37:36,23200.0,1000,Buy,227544133
2024-07-31 09:37:37,23200.0,200,Buy,227544188
2024-07-31 09:37:37,23200.0,2800,Buy,227544190
2024-07-31 09:37:37,23200.0,100,Buy,227544191
2024-07-31 09:37:37,23200.0,2000,Buy,227544192
2024-07-31 09:37:37,23200.0,1000,Buy,227544196
2024-07-31 09:37:37,23200.0,300,Buy,227544194
2024-07-31 09:37:37,23200.0,500,Buy,227544195
2024-07-31 09:37:37,23200.0,500,Buy,227544197
2024-07-31 09:37:37,23200.0,400,Buy,227544198
2024-07-31 09:37:37,23200.0,2000,Buy,227544193
2024-07-31 09:37:37,23200.0,100,Buy,227544187
2024-07-31 09:37:37,23200.0,200,Buy,227544189
2024-07-31 09:37:37,23200.0,1000,Buy,227544185
2024-07-31 09:37:37,23200.0,1000,Buy,227544186
2024-07-31 09:37:37,23200.0,4000,Buy,227544175
2024-07-31 09:37:37,23200.0,800,Buy,227544176
2024-07-31 09:37:37,23200.0,1000,Buy,227544178
2024-07-31 09:37:37,23200.0,500,Buy,227544179
2024-07-31 09:37:37,23200.0,200,Buy,227544177
2024-07-31 09:37:37,23200.0,10000,Buy,227544181
2024-07-31 09:37:37,23200.0,200,Buy,227544182
2024-07-31 09:37:37,23200.0,100,Buy,227544183
2024-07-31 09:37:37,23200.0,100,Buy,227544184
2024-07-31 09:37:37,23200.0,1000,Buy,227544180
2024-07-31 09:37:38,23200.0,100,Buy,227544236
2024-07-31 09:37:38,23200.0,100,Buy,227544232
2024-07-31 09:37:38,23200.0,100,Buy,227544233
2024-07-31 09:37:38,23200.0,3000,Buy,227544234
2024-07-31 09:37:38,23200.0,2000,Buy,227544235
2024-07-31 09:37:38,23200.0,1000,Buy,227544237
2024-07-31 09:37:38,23250.0,100,Buy,227544243
2024-07-31 09:37:38,23200.0,2300,Buy,227544239
2024-07-31 09:37:38,23200.0,300,Buy,227544240
2024-07-31 09:37:38,23200.0,500,Buy,227544241
2024-07-31 09:37:38,23200.0,200,Buy,227544242
2024-07-31 09:37:38,23200.0,100,Buy,227544231
2024-07-31 09:37:38,23250.0,500,Buy,227544244
2024-07-31 09:37:38,23250.0,3800,Buy,227544245
2024-07-31 09:37:38,23200.0,100,Buy,227544238
2024-07-31 09:37:38,23200.0,100,Buy,227544230
2024-07-31 09:37:38,23200.0,1000,Buy,227544225
2024-07-31 09:37:38,23200.0,100,Buy,227544228
2024-07-31 09:37:38,23200.0,600,Buy,227544212
2024-07-31 09:37:38,23200.0,100,Buy,227544213
2024-07-31 09:37:38,23200.0,1000,Buy,227544214
2024-07-31 09:37:38,23200.0,2100,Buy,227544215
2024-07-31 09:37:38,23200.0,100,Buy,227544229
2024-07-31 09:37:38,23200.0,1000,Buy,227544217
2024-07-31 09:37:38,23200.0,200,Buy,227544218
2024-07-31 09:37:38,23200.0,2000,Buy,227544216
2024-07-31 09:37:38,23200.0,1100,Buy,227544220
2024-07-31 09:37:38,23200.0,200,Buy,227544221
2024-07-31 09:37:38,23200.0,300,Buy,227544222
2024-07-31 09:37:38,23200.0,100,Buy,227544223
2024-07-31 09:37:38,23200.0,100,Buy,227544224
2024-07-31 09:37:38,23200.0,500,Buy,227544227
2024-07-31 09:37:38,23200.0,200,Buy,227544219
2024-07-31 09:37:39,23250.0,100,Buy,227544267
2024-07-31 09:37:43,23200.0,1200,Sell,227544381
2024-07-31 09:37:48,23200.0,100,Buy,227544492
2024-07-31 09:38:00,23200.0,200,Buy,227544850
2024-07-31 09:38:01,23200.0,300,Buy,227544886
2024-07-31 09:38:01,23200.0,100,Buy,227544887
2024-07-31 09:38:01,23200.0,100,Buy,227544884
2024-07-31 09:38:01,23200.0,100,Buy,227544885
2024-07-31 09:38:01,23200.0,700,Buy,227544883
2024-07-31 09:38:02,23200.0,600,Sell,227544898
2024-07-31 09:38:04,23200.0,200,Buy,227544972
2024-07-31 09:38:06,23200.0,800,Sell,227544995
2024-07-31 09:38:06,23200.0,1000,Sell,227544996
2024-07-31 09:38:15,23250.0,100,Buy,227545354
2024-07-31 09:38:15,23250.0,400,Buy,227545340
2024-07-31 09:38:15,23250.0,600,Buy,227545325
2024-07-31 09:38:15,23250.0,100,Buy,227545324
2024-07-31 09:38:15,23250.0,1000,Buy,227545323
2024-07-31 09:38:15,23250.0,100,Buy,227545322
2024-07-31 09:38:15,23250.0,1000,Buy,227545319
2024-07-31 09:38:15,23250.0,5000,Buy,227545318
2024-07-31 09:38:15,23250.0,100,Buy,227545317
2024-07-31 09:38:15,23200.0,1000,Buy,227545316
2024-07-31 09:38:15,23200.0,100,Buy,227545315
2024-07-31 09:38:15,23200.0,100,Buy,227545314
2024-07-31 09:38:15,23250.0,200,Buy,227545320
2024-07-31 09:38:15,23250.0,100,Buy,227545321
2024-07-31 09:38:33,23150.0,600,Sell,227545958
2024-07-31 09:38:33,23150.0,400,Sell,227545953
2024-07-31 09:38:33,23150.0,200,Sell,227545954
2024-07-31 09:38:33,23150.0,100,Sell,227545955
2024-07-31 09:38:33,23150.0,3400,Sell,227545956
2024-07-31 09:38:33,23150.0,200,Sell,227545957
2024-07-31 09:38:37,23250.0,400,Buy,227546061
2024-07-31 09:38:39,23200.0,2000,Sell,227546116
2024-07-31 09:38:41,23250.0,100,Buy,227546186
2024-07-31 09:38:42,23250.0,500,Buy,227546224
2024-07-31 09:38:47,23200.0,200,Sell,227546339
2024-07-31 09:38:48,23200.0,200,Buy,227546380
2024-07-31 09:38:48,23250.0,300,Buy,227546381
2024-07-31 09:38:51,23250.0,100,Buy,227546493
2024-07-31 09:39:01,23250.0,200,Buy,227546778
2024-07-31 09:39:01,23250.0,1000,Buy,227546776
2024-07-31 09:39:01,23250.0,3000,Buy,227546775
2024-07-31 09:39:01,23250.0,1000,Buy,227546777
2024-07-31 09:39:01,23250.0,500,Buy,227546773
2024-07-31 09:39:01,23250.0,1000,Buy,227546772
2024-07-31 09:39:01,23250.0,100,Buy,227546771
2024-07-31 09:39:01,23250.0,200,Buy,227546774
2024-07-31 09:39:05,23200.0,1000,Sell,227547051
2024-07-31 09:39:05,23250.0,100,Buy,227547035
2024-07-31 09:39:05,23250.0,5800,Buy,227547043
2024-07-31 09:39:05,23250.0,100,Buy,227547042
2024-07-31 09:39:05,23250.0,5000,Buy,227547041
2024-07-31 09:39:05,23250.0,4000,Buy,227547040
2024-07-31 09:39:05,23250.0,5400,Buy,227547039
2024-07-31 09:39:05,23250.0,500,Buy,227547038
2024-07-31 09:39:05,23250.0,900,Buy,227547037
2024-07-31 09:39:05,23250.0,100,Buy,227547036
2024-07-31 09:39:05,23250.0,100,Buy,227547034
2024-07-31 09:39:05,23250.0,7600,Buy,227547022
2024-07-31 09:39:05,23250.0,600,Buy,227547032
2024-07-31 09:39:05,23250.0,100,Buy,227547031
2024-07-31 09:39:05,23250.0,100,Buy,227547030
2024-07-31 09:39:05,23250.0,500,Buy,227547029
2024-07-31 09:39:05,23250.0,1000,Buy,227547028
2024-07-31 09:39:05,23250.0,100,Buy,227547027
2024-07-31 09:39:05,23250.0,3000,Buy,227547026
2024-07-31 09:39:05,23250.0,100,Buy,227547025
2024-07-31 09:39:05,23250.0,100,Buy,227547024
2024-07-31 09:39:05,23250.0,100,Buy,227547023
2024-07-31 09:39:05,23250.0,2800,Buy,227547021
2024-07-31 09:39:05,23250.0,11900,Buy,227547033
2024-07-31 09:39:09,23200.0,1700,Buy,227547186
2024-07-31 09:39:11,23200.0,100,Buy,227547221
2024-07-31 09:39:12,23200.0,100,Buy,227547237
2024-07-31 09:39:13,23200.0,800,Buy,227547264
2024-07-31 09:39:16,23250.0,500,Buy,227547369
2024-07-31 09:39:21,23250.0,200,Buy,227547479
2024-07-31 09:39:22,23250.0,1000,Buy,227547516
2024-07-31 09:39:23,23250.0,1000,Buy,227547541
2024-07-31 09:39:25,23250.0,200,Buy,227547630
2024-07-31 09:39:25,23250.0,2500,Buy,227547631
2024-07-31 09:39:25,23250.0,500,Buy,227547629
2024-07-31 09:39:25,23250.0,200,Buy,227547628
2024-07-31 09:39:25,23250.0,100,Buy,227547627
2024-07-31 09:39:25,23250.0,1000,Buy,227547626
2024-07-31 09:39:25,23250.0,1500,Buy,227547625
2024-07-31 09:39:26,23250.0,5000,Buy,227547661
2024-07-31 09:39:28,23250.0,5000,Buy,227547712
2024-07-31 09:39:28,23250.0,200,Buy,227547733
2024-07-31 09:39:38,23250.0,500,Buy,227548086
2024-07-31 09:39:39,23250.0,1000,Buy,227548149
2024-07-31 09:39:39,23250.0,2000,Buy,227548169
2024-07-31 09:39:40,23250.0,10000,Buy,227548179
2024-07-31 09:39:41,23250.0,600,Buy,227548209
2024-07-31 09:39:44,23250.0,24500,Buy,227548280
2024-07-31 09:39:44,23250.0,5500,Buy,227548281
2024-07-31 09:39:45,23250.0,5800,Buy,227548312
2024-07-31 09:39:46,23250.0,100,Buy,227548348
2024-07-31 09:39:47,23250.0,1000,Buy,227548447
2024-07-31 09:39:47,23250.0,100,Buy,227548446
2024-07-31 09:39:47,23250.0,100,Buy,227548445
2024-07-31 09:39:47,23250.0,100,Buy,227548420
2024-07-31 09:39:47,23250.0,800,Buy,227548444
2024-07-31 09:39:47,23250.0,200,Buy,227548421
2024-07-31 09:39:47,23250.0,1000,Buy,227548419
2024-07-31 09:39:47,23250.0,500,Buy,227548381
2024-07-31 09:39:47,23250.0,36300,Buy,227548384
2024-07-31 09:39:47,23250.0,1000,Buy,227548383
2024-07-31 09:39:47,23250.0,3000,Buy,227548382
2024-07-31 09:39:47,23250.0,100,Buy,227548380
2024-07-31 09:39:47,23250.0,500,Buy,227548379
2024-07-31 09:39:47,23250.0,8600,Buy,227548378
2024-07-31 09:39:47,23250.0,13700,Buy,227548418
2024-07-31 09:39:48,23250.0,2000,Buy,227548460
2024-07-31 09:39:48,23250.0,200,Buy,227548476
2024-07-31 09:39:49,23250.0,1000,Buy,227548516
2024-07-31 09:39:49,23250.0,100,Buy,227548517
2024-07-31 09:39:49,23250.0,1000,Buy,227548514
2024-07-31 09:39:49,23250.0,4400,Buy,227548513
2024-07-31 09:39:49,23250.0,100,Buy,227548515
2024-07-31 09:39:51,23250.0,500,Sell,227548569
2024-07-31 09:39:53,23300.0,100,Buy,227548630
2024-07-31 09:40:00,23300.0,200,Buy,227548866
2024-07-31 09:40:00,23300.0,800,Buy,227548867
2024-07-31 09:40:03,23300.0,500,Buy,227549024
2024-07-31 09:40:03,23300.0,100,Buy,227549018
2024-07-31 09:40:03,23300.0,200,Buy,227549019
2024-07-31 09:40:03,23300.0,100,Buy,227549020
2024-07-31 09:40:03,23300.0,1000,Buy,227549021
2024-07-31 09:40:03,23300.0,100,Buy,227549022
2024-07-31 09:40:03,23300.0,100,Buy,227549023
2024-07-31 09:40:03,23300.0,5000,Buy,227549025
2024-07-31 09:40:03,23300.0,600,Buy,227549041
2024-07-31 09:40:03,23300.0,500,Buy,227549027
2024-07-31 09:40:03,23300.0,2000,Buy,227549028
2024-07-31 09:40:03,23300.0,200,Buy,227549029
2024-07-31 09:40:03,23300.0,1000,Buy,227549030
2024-07-31 09:40:03,23300.0,1000,Buy,227549031
2024-07-31 09:40:03,23300.0,100,Buy,227549032
2024-07-31 09:40:03,23300.0,19700,Buy,227549033
2024-07-31 09:40:03,23300.0,100,Buy,227549026
2024-07-31 09:40:03,23300.0,2000,Buy,227549007
2024-07-31 09:40:03,23300.0,100,Buy,227549017
2024-07-31 09:40:03,23300.0,1000,Buy,227549005
2024-07-31 09:40:03,23300.0,1000,Buy,227549006
2024-07-31 09:40:03,23300.0,9200,Buy,227548987
2024-07-31 09:40:03,23300.0,200,Buy,227548988
2024-07-31 09:40:03,23300.0,100,Buy,227548989
2024-07-31 09:40:03,23300.0,1000,Buy,227548990
2024-07-31 09:40:03,23300.0,100,Buy,227548991
2024-07-31 09:40:03,23300.0,600,Buy,227548992
2024-07-31 09:40:03,23300.0,8700,Buy,227548993
2024-07-31 09:40:03,23300.0,500,Buy,227548994
2024-07-31 09:40:03,23300.0,3500,Buy,227548995
2024-07-31 09:40:03,23300.0,200,Buy,227549008
2024-07-31 09:40:03,23300.0,100,Buy,227548997
2024-07-31 09:40:03,23300.0,300,Buy,227549004
2024-07-31 09:40:03,23300.0,5000,Buy,227549003
2024-07-31 09:40:03,23300.0,200,Buy,227549002
2024-07-31 09:40:03,23300.0,100,Buy,227548996
2024-07-31 09:40:03,23300.0,2200,Buy,227549000
2024-07-31 09:40:03,23300.0,100,Buy,227548998
2024-07-31 09:40:03,23300.0,100,Buy,227549001
2024-07-31 09:40:03,23300.0,2000,Buy,227548999
2024-07-31 09:40:05,23300.0,100,Buy,227549098
2024-07-31 09:40:07,23250.0,2000,Sell,227549195
2024-07-31 09:40:08,23300.0,5000,Buy,227549216
2024-07-31 09:40:12,23300.0,1500,Buy,227549368
2024-07-31 09:40:14,23300.0,100,Buy,227549410
2024-07-31 09:40:14,23300.0,3000,Buy,227549441
2024-07-31 09:40:20,23300.0,500,Buy,227549598
2024-07-31 09:40:21,23300.0,2000,Buy,227549632
2024-07-31 09:40:22,23250.0,700,Sell,227549651
2024-07-31 09:40:24,23300.0,1000,Buy,227549731
2024-07-31 09:40:26,23300.0,1000,Buy,227549769
2024-07-31 09:40:27,23300.0,2000,Buy,227549822
2024-07-31 09:40:29,23250.0,10000,Sell,227549888
2024-07-31 09:40:31,23300.0,500,Buy,227549925
2024-07-31 09:40:35,23300.0,9000,Buy,227550018
2024-07-31 09:40:37,23300.0,200,Buy,227550083
2024-07-31 09:40:38,23300.0,1000,Buy,227550126
2024-07-31 09:40:38,23300.0,1000,Buy,227550125
2024-07-31 09:40:38,23300.0,1000,Buy,227550119
2024-07-31 09:40:38,23300.0,2000,Buy,227550124
2024-07-31 09:40:38,23300.0,200,Buy,227550123
2024-07-31 09:40:38,23300.0,300,Buy,227550122
2024-07-31 09:40:38,23300.0,200,Buy,227550121
2024-07-31 09:40:38,23300.0,500,Buy,227550120
2024-07-31 09:40:38,23300.0,100,Buy,227550118
2024-07-31 09:40:38,23300.0,100,Buy,227550094
2024-07-31 09:40:38,23300.0,500,Buy,227550116
2024-07-31 09:40:38,23300.0,1000,Buy,227550115
2024-07-31 09:40:38,23300.0,100,Buy,227550114
2024-07-31 09:40:38,23300.0,1000,Buy,227550113
2024-07-31 09:40:38,23300.0,1000,Buy,227550112
2024-07-31 09:40:38,23300.0,19000,Buy,227550096
2024-07-31 09:40:38,23300.0,100,Buy,227550095
2024-07-31 09:40:38,23300.0,10800,Buy,227550093
2024-07-31 09:40:38,23300.0,3000,Buy,227550091
2024-07-31 09:40:38,23300.0,100,Buy,227550117
2024-07-31 09:40:42,23300.0,1500,Buy,227550278
2024-07-31 09:40:42,23300.0,1000,Buy,227550277
2024-07-31 09:40:42,23300.0,400,Buy,227550274
2024-07-31 09:40:42,23300.0,1000,Buy,227550254
2024-07-31 09:40:42,23300.0,100,Buy,227550275
2024-07-31 09:40:43,23300.0,4000,Buy,227550294
2024-07-31 09:40:43,23300.0,200,Buy,227550313
2024-07-31 09:40:43,23300.0,500,Buy,227550314
2024-07-31 09:40:44,23300.0,600,Buy,227550358
2024-07-31 09:40:44,23300.0,1000,Buy,227550357
2024-07-31 09:40:44,23300.0,100,Buy,227550356
2024-07-31 09:40:44,23300.0,900,Buy,227550348
2024-07-31 09:40:44,23300.0,100,Buy,227550347
2024-07-31 09:40:44,23300.0,100,Buy,227550346
2024-07-31 09:40:44,23300.0,100,Buy,227550345
2024-07-31 09:40:44,23300.0,400,Buy,227550359
2024-07-31 09:40:44,23300.0,2000,Buy,227550343
2024-07-31 09:40:44,23300.0,1800,Buy,227550338
2024-07-31 09:40:44,23300.0,100,Buy,227550337
2024-07-31 09:40:44,23300.0,600,Buy,227550336
2024-07-31 09:40:44,23300.0,900,Buy,227550335
2024-07-31 09:40:44,23300.0,100,Buy,227550334
2024-07-31 09:40:44,23300.0,100,Buy,227550333
2024-07-31 09:40:44,23300.0,1400,Buy,227550332
2024-07-31 09:40:44,23300.0,3800,Buy,227550344
2024-07-31 09:40:45,23300.0,1200,Buy,227550392
2024-07-31 09:40:45,23300.0,400,Buy,227550391
2024-07-31 09:40:45,23300.0,200,Buy,227550375
2024-07-31 09:40:45,23300.0,100,Buy,227550377
2024-07-31 09:40:45,23300.0,400,Buy,227550376
2024-07-31 09:40:45,23300.0,400,Buy,227550390
2024-07-31 09:40:46,23300.0,1000,Buy,227550405
2024-07-31 09:40:46,23300.0,100,Buy,227550404
2024-07-31 09:40:46,23300.0,800,Buy,227550401
2024-07-31 09:40:46,23300.0,300,Buy,227550402
2024-07-31 09:40:46,23300.0,100,Buy,227550403
2024-07-31 09:40:47,23300.0,500,Sell,227550449
2024-07-31 09:40:50,23300.0,1000,Sell,227550547
2024-07-31 09:40:51,23300.0,600,Sell,227550578
2024-07-31 09:40:52,23300.0,100,Sell,227550608
2024-07-31 09:40:53,23300.0,300,Sell,227550627
2024-07-31 09:40:53,23300.0,2000,Sell,227550635
2024-07-31 09:40:54,23350.0,500,Buy,227550649
2024-07-31 09:40:54,23300.0,1000,Sell,227550650
2024-07-31 09:40:54,23350.0,200,Buy,227550658
2024-07-31 09:40:55,23350.0,100,Buy,227550755
2024-07-31 09:40:56,23300.0,2100,Sell,227550778
2024-07-31 09:40:57,23350.0,1000,Buy,227550800
2024-07-31 09:40:58,23350.0,3200,Buy,227550843
2024-07-31 09:40:58,23350.0,900,Buy,227550844
2024-07-31 09:40:58,23350.0,500,Buy,227550845
2024-07-31 09:40:58,23350.0,100,Buy,227550846
2024-07-31 09:40:58,23350.0,500,Buy,227550847
2024-07-31 09:40:58,23350.0,200,Buy,227550848
2024-07-31 09:40:58,23350.0,100,Buy,227550849
2024-07-31 09:40:58,23350.0,2000,Buy,227550850
2024-07-31 09:40:58,23350.0,2500,Buy,227550851
2024-07-31 09:41:00,23350.0,1500,Buy,227550940
2024-07-31 09:41:05,23350.0,3000,Buy,227551151
2024-07-31 09:41:05,23350.0,1000,Buy,227551115
2024-07-31 09:41:05,23350.0,1000,Buy,227551114
2024-07-31 09:41:05,23350.0,1000,Buy,227551116
2024-07-31 09:41:06,23350.0,3000,Buy,227551175
2024-07-31 09:41:07,23350.0,50000,Buy,227551206
2024-07-31 09:41:07,23350.0,500,Buy,227551208
2024-07-31 09:41:10,23300.0,200,Sell,227551308
2024-07-31 09:41:12,23350.0,3500,Buy,227551379
2024-07-31 09:41:12,23350.0,6500,Buy,227551380
2024-07-31 09:41:13,23350.0,100,Buy,227551416
2024-07-31 09:41:15,23300.0,100,Sell,227551536
2024-07-31 09:41:15,23300.0,400,Sell,227551504
2024-07-31 09:41:15,23300.0,9900,Sell,227551501
2024-07-31 09:41:15,23300.0,1500,Sell,227551502
2024-07-31 09:41:15,23350.0,1500,Buy,227551500
2024-07-31 09:41:15,23300.0,300,Sell,227551503
2024-07-31 09:41:18,23350.0,1500,Buy,227551618
2024-07-31 09:41:18,23350.0,400,Buy,227551619
2024-07-31 09:41:18,23350.0,100,Buy,227551620
2024-07-31 09:41:18,23350.0,100,Buy,227551621
2024-07-31 09:41:18,23350.0,400,Buy,227551622
2024-07-31 09:41:21,23350.0,400,Buy,227551680
2024-07-31 09:41:22,23350.0,2300,Buy,227551761
2024-07-31 09:41:22,23350.0,200,Buy,227551760
2024-07-31 09:41:22,23350.0,1000,Buy,227551746
2024-07-31 09:41:22,23350.0,200,Buy,227551745
2024-07-31 09:41:22,23350.0,800,Buy,227551747
2024-07-31 09:41:23,23350.0,1500,Buy,227551833
2024-07-31 09:41:23,23350.0,100,Buy,227551832
2024-07-31 09:41:23,23350.0,1000,Buy,227551831
2024-07-31 09:41:23,23350.0,1000,Buy,227551829
2024-07-31 09:41:23,23350.0,100,Buy,227551830
2024-07-31 09:41:23,23350.0,100,Buy,227551828
2024-07-31 09:41:23,23350.0,1000,Buy,227551824
2024-07-31 09:41:23,23350.0,1000,Buy,227551826
2024-07-31 09:41:23,23350.0,2000,Buy,227551825
2024-07-31 09:41:23,23350.0,500,Buy,227551823
2024-07-31 09:41:23,23350.0,1000,Buy,227551822
2024-07-31 09:41:23,23350.0,2700,Buy,227551821
2024-07-31 09:41:23,23350.0,100,Buy,227551827
2024-07-31 09:41:24,23350.0,100,Buy,227551836
2024-07-31 09:41:24,23350.0,700,Buy,227551837
2024-07-31 09:41:24,23350.0,300,Buy,227551838
2024-07-31 09:41:24,23350.0,16800,Buy,227551839
2024-07-31 09:41:25,23350.0,2000,Buy,227551897
2024-07-31 09:41:27,23350.0,500,Buy,227551936
2024-07-31 09:41:30,23350.0,3400,Buy,227552008
2024-07-31 09:41:30,23350.0,1000,Buy,227552007
2024-07-31 09:41:30,23350.0,1000,Buy,227552005
2024-07-31 09:41:30,23350.0,900,Buy,227552004
2024-07-31 09:41:30,23350.0,100,Buy,227552006
2024-07-31 09:41:30,23350.0,100,Buy,227552002
2024-07-31 09:41:30,23350.0,100,Buy,227552001
2024-07-31 09:41:30,23350.0,7600,Buy,227552000
2024-07-31 09:41:30,23350.0,700,Buy,227551999
2024-07-31 09:41:30,23350.0,100,Buy,227552003
2024-07-31 09:41:31,23350.0,1000,Buy,227552023
2024-07-31 09:41:33,23350.0,5600,Buy,227552119
2024-07-31 09:41:34,23350.0,4400,Buy,227552124
2024-07-31 09:41:34,23300.0,500,Sell,227552135
2024-07-31 09:41:35,23350.0,100,Buy,227552165
2024-07-31 09:41:37,23350.0,8000,Buy,227552230
2024-07-31 09:41:38,23350.0,3300,Buy,227552273
2024-07-31 09:41:42,23350.0,200,Buy,227552384
2024-07-31 09:41:42,23350.0,2000,Buy,227552370
2024-07-31 09:41:43,23300.0,2000,Sell,227552441
2024-07-31 09:41:43,23250.0,8800,Sell,227552447
2024-07-31 09:41:43,23300.0,500,Sell,227552445
2024-07-31 09:41:43,23300.0,100,Sell,227552444
2024-07-31 09:41:43,23300.0,3400,Sell,227552443
2024-07-31 09:41:43,23300.0,200,Sell,227552442
2024-07-31 09:41:43,23300.0,5000,Sell,227552440
2024-07-31 09:41:43,23300.0,2000,Sell,227552446
2024-07-31 09:41:43,23300.0,300,Sell,227552438
2024-07-31 09:41:43,23300.0,2200,Sell,227552437
2024-07-31 09:41:43,23300.0,300,Sell,227552436
2024-07-31 09:41:43,23300.0,17500,Sell,227552435
2024-07-31 09:41:43,23300.0,1700,Sell,227552434
2024-07-31 09:41:43,23300.0,1000,Sell,227552439
2024-07-31 09:41:43,23300.0,500,Sell,227552433
2024-07-31 09:41:43,23300.0,4500,Sell,227552432
2024-07-31 09:41:45,23350.0,200,Buy,227552484
2024-07-31 09:41:47,23350.0,400,Buy,227552544
2024-07-31 09:41:47,23350.0,100,Buy,227552543
2024-07-31 09:41:47,23350.0,1800,Buy,227552539
2024-07-31 09:41:47,23350.0,100,Buy,227552541
2024-07-31 09:41:47,23350.0,100,Buy,227552542
2024-07-31 09:41:47,23350.0,100,Buy,227552540
2024-07-31 09:41:49,23350.0,3400,Buy,227552598
2024-07-31 09:41:49,23350.0,600,Buy,227552596
2024-07-31 09:41:49,23350.0,1000,Buy,227552597
2024-07-31 09:41:50,23350.0,1000,Buy,227552682
2024-07-31 09:41:55,23350.0,400,Buy,227552840
2024-07-31 09:41:55,23350.0,600,Buy,227552839
2024-07-31 09:41:58,23350.0,100,Buy,227552927
2024-07-31 09:42:01,23350.0,500,Buy,227553039
2024-07-31 09:42:01,23350.0,1500,Buy,227553040
2024-07-31 09:42:07,23350.0,1000,Buy,227553243
2024-07-31 09:42:09,23350.0,400,Buy,227553275
2024-07-31 09:42:16,23300.0,300,Sell,227553500
2024-07-31 09:42:16,23350.0,500,Buy,227553499
2024-07-31 09:42:18,23350.0,2000,Buy,227553524
2024-07-31 09:42:23,23350.0,12000,Buy,227553727
2024-07-31 09:42:24,23300.0,300,Sell,227553762
2024-07-31 09:42:24,23300.0,700,Sell,227553763
2024-07-31 09:42:27,23350.0,300,Buy,227553810
2024-07-31 09:42:33,23300.0,500,Sell,227553935
2024-07-31 09:42:34,23300.0,8300,Sell,227553991
2024-07-31 09:42:34,23300.0,3800,Sell,227553990
2024-07-31 09:42:35,23350.0,3000,Buy,227554047
2024-07-31 09:42:43,23350.0,2000,Buy,227554281
2024-07-31 09:42:48,23350.0,100,Buy,227554432
2024-07-31 09:42:48,23350.0,500,Buy,227554433
2024-07-31 09:42:48,23350.0,400,Buy,227554434
2024-07-31 09:42:51,23350.0,600,Buy,227554504
2024-07-31 09:42:51,23350.0,400,Buy,227554505
2024-07-31 09:42:54,23300.0,11700,Sell,227554599
2024-07-31 09:42:54,23300.0,400,Sell,227554600
2024-07-31 09:42:59,23300.0,1000,Sell,227554883
2024-07-31 09:43:00,23350.0,100,Buy,227554930
2024-07-31 09:43:03,23350.0,500,Buy,227555018
2024-07-31 09:43:04,23350.0,300,Buy,227555041
2024-07-31 09:43:19,23300.0,500,Sell,227555437
2024-07-31 09:43:28,23350.0,4000,Buy,227555702
2024-07-31 09:43:30,23350.0,900,Buy,227555748
2024-07-31 09:43:32,23300.0,500,Sell,227555768
2024-07-31 09:43:33,23300.0,2400,Sell,227555819
2024-07-31 09:43:33,23300.0,1000,Sell,227555818
2024-07-31 09:43:33,23300.0,9000,Sell,227555816
2024-07-31 09:43:33,23300.0,2600,Sell,227555815
2024-07-31 09:43:33,23300.0,500,Sell,227555817
2024-07-31 09:43:33,23300.0,1000,Sell,227555812
2024-07-31 09:43:35,23350.0,600,Buy,227555874
2024-07-31 09:43:35,23300.0,10000,Sell,227555883
2024-07-31 09:43:35,23300.0,1000,Sell,227555900
2024-07-31 09:43:36,23300.0,23700,Sell,227555981
2024-07-31 09:43:36,23300.0,300,Sell,227555982
2024-07-31 09:43:37,23300.0,2500,Sell,227556058
2024-07-31 09:43:37,23300.0,12100,Sell,227556016
2024-07-31 09:43:37,23300.0,500,Sell,227556026
2024-07-31 09:43:37,23300.0,2500,Sell,227556057
2024-07-31 09:43:38,23300.0,2500,Sell,227556073
2024-07-31 09:43:38,23300.0,500,Sell,227556074
2024-07-31 09:43:38,23300.0,2000,Sell,227556075
2024-07-31 09:43:38,23300.0,900,Sell,227556082
2024-07-31 09:43:40,23300.0,300,Sell,227556131
2024-07-31 09:43:40,23300.0,5100,Sell,227556135
2024-07-31 09:43:40,23300.0,500,Sell,227556133
2024-07-31 09:43:40,23300.0,100,Sell,227556132
2024-07-31 09:43:40,23300.0,7500,Sell,227556130
2024-07-31 09:43:40,23300.0,500,Sell,227556125
2024-07-31 09:43:40,23300.0,200,Sell,227556124
2024-07-31 09:43:40,23300.0,100,Sell,227556123
2024-07-31 09:43:40,23300.0,200,Sell,227556127
2024-07-31 09:43:41,23300.0,1400,Sell,227556187
2024-07-31 09:43:41,23300.0,1000,Sell,227556188
2024-07-31 09:43:41,23300.0,2600,Sell,227556189
2024-07-31 09:43:42,23300.0,500,Sell,227556213
2024-07-31 09:43:42,23300.0,800,Sell,227556198
2024-07-31 09:43:42,23300.0,1200,Sell,227556199
2024-07-31 09:43:44,23300.0,500,Sell,227556254
2024-07-31 09:43:46,23300.0,800,Sell,227556323
2024-07-31 09:43:49,23300.0,200,Buy,227556412
2024-07-31 09:43:52,23300.0,300,Buy,227556442
2024-07-31 09:43:57,23250.0,1000,Sell,227556568
2024-07-31 09:44:00,23250.0,200,Sell,227556660
2024-07-31 09:44:00,23250.0,100,Sell,227556661
2024-07-31 09:44:00,23250.0,600,Sell,227556662
2024-07-31 09:44:03,23300.0,100,Buy,227556712
2024-07-31 09:44:05,23300.0,1000,Buy,227556744
2024-07-31 09:44:06,23300.0,1000,Buy,227556800
2024-07-31 09:44:09,23300.0,100,Buy,227556939
2024-07-31 09:44:11,23300.0,2500,Buy,227557005
2024-07-31 09:44:11,23300.0,2500,Buy,227557006
2024-07-31 09:44:18,23300.0,5000,Buy,227557167
2024-07-31 09:44:20,23300.0,100,Buy,227557240
2024-07-31 09:44:20,23300.0,2500,Buy,227557239
2024-07-31 09:44:20,23300.0,600,Buy,227557258
2024-07-31 09:44:20,23300.0,1000,Buy,227557257
2024-07-31 09:44:20,23300.0,100,Buy,227557256
2024-07-31 09:44:20,23300.0,2000,Buy,227557255
2024-07-31 09:44:20,23300.0,7600,Buy,227557254
2024-07-31 09:44:20,23300.0,1800,Buy,227557253
2024-07-31 09:44:20,23300.0,400,Buy,227557252
2024-07-31 09:44:20,23300.0,1400,Buy,227557251
2024-07-31 09:44:20,23300.0,300,Buy,227557259
2024-07-31 09:44:20,23300.0,500,Buy,227557249
2024-07-31 09:44:20,23300.0,2000,Buy,227557248
2024-07-31 09:44:20,23300.0,5000,Buy,227557247
2024-07-31 09:44:20,23300.0,200,Buy,227557246
2024-07-31 09:44:20,23300.0,300,Buy,227557245
2024-07-31 09:44:20,23300.0,1000,Buy,227557244
2024-07-31 09:44:20,23300.0,1000,Buy,227557243
2024-07-31 09:44:20,23300.0,900,Buy,227557242
2024-07-31 09:44:20,23300.0,1200,Buy,227557241
2024-07-31 09:44:20,23300.0,100,Buy,227557250
2024-07-31 09:44:23,23300.0,200,Buy,227557364
2024-07-31 09:44:23,23300.0,300,Buy,227557365
2024-07-31 09:44:24,23300.0,4900,Buy,227557383
2024-07-31 09:44:24,23300.0,100,Buy,227557384
2024-07-31 09:44:26,23300.0,900,Buy,227557427
2024-07-31 09:44:28,23300.0,800,Buy,227557563
2024-07-31 09:44:28,23300.0,500,Buy,227557560
2024-07-31 09:44:28,23300.0,200,Buy,227557561
2024-07-31 09:44:28,23300.0,1000,Buy,227557562
2024-07-31 09:44:31,23300.0,500,Buy,227557629
2024-07-31 09:44:32,23300.0,10000,Buy,227557660
2024-07-31 09:44:36,23250.0,300,Sell,227557788
2024-07-31 09:44:37,23300.0,1000,Buy,227557808
2024-07-31 09:44:37,23300.0,6000,Buy,227557809
2024-07-31 09:44:38,23300.0,100,Buy,227557858
2024-07-31 09:44:41,23300.0,1000,Buy,227557989
2024-07-31 09:44:41,23300.0,5000,Buy,227557988
2024-07-31 09:44:41,23300.0,100,Buy,227557986
2024-07-31 09:44:41,23300.0,100,Buy,227557985
2024-07-31 09:44:41,23300.0,500,Buy,227557987
2024-07-31 09:44:41,23300.0,7600,Buy,227557983
2024-07-31 09:44:41,23300.0,1600,Buy,227557979
2024-07-31 09:44:41,23300.0,200,Buy,227557980
2024-07-31 09:44:41,23300.0,400,Buy,227557984
2024-07-31 09:44:41,23300.0,100,Buy,227557982
2024-07-31 09:44:41,23300.0,1000,Buy,227557981
2024-07-31 09:44:45,23300.0,1000,Sell,227558092
2024-07-31 09:44:47,23300.0,100,Sell,227558160
2024-07-31 09:44:53,23300.0,1000,Sell,227558308
2024-07-31 09:44:56,23300.0,100,Sell,227558351
2024-07-31 09:44:56,23300.0,200,Sell,227558357
2024-07-31 09:44:58,23300.0,100,Sell,227558423
2024-07-31 09:44:58,23300.0,500,Sell,227558424
2024-07-31 09:45:05,23300.0,100,Buy,227558592
2024-07-31 09:45:16,23250.0,200,Sell,227558798
2024-07-31 09:45:20,23250.0,1000,Sell,227558926
2024-07-31 09:45:24,23300.0,300,Buy,227559016
2024-07-31 09:45:28,23300.0,100,Buy,227559091
2024-07-31 09:45:28,23300.0,1000,Buy,227559092
2024-07-31 09:45:28,23300.0,100,Buy,227559093
2024-07-31 09:45:28,23300.0,600,Buy,227559094
2024-07-31 09:45:28,23300.0,6000,Buy,227559095
2024-07-31 09:45:28,23300.0,8800,Buy,227559096
2024-07-31 09:45:29,23300.0,100,Buy,227559104
2024-07-31 09:45:31,23300.0,100,Buy,227559164
2024-07-31 09:45:32,23250.0,200,Sell,227559196
2024-07-31 09:45:36,23250.0,200,Sell,227559277
2024-07-31 09:45:41,23250.0,100,Sell,227559411
2024-07-31 09:45:45,23250.0,5000,Sell,227559533
2024-07-31 09:45:46,23250.0,1000,Sell,227559557
2024-07-31 09:45:50,23300.0,1000,Buy,227559637
2024-07-31 09:45:56,23250.0,200,Sell,227559836
2024-07-31 09:45:56,23250.0,1200,Sell,227559841
2024-07-31 09:45:56,23250.0,100,Sell,227559842
2024-07-31 09:45:56,23250.0,700,Sell,227559843
2024-07-31 09:46:03,23300.0,8200,Buy,227559997
2024-07-31 09:46:06,23250.0,100,Sell,227560105
2024-07-31 09:46:08,23300.0,100,Buy,227560122
2024-07-31 09:46:13,23300.0,900,Buy,227560236
2024-07-31 09:46:16,23250.0,200,Sell,227560291
2024-07-31 09:46:37,23250.0,200,Sell,227560645
2024-07-31 09:46:40,23250.0,900,Sell,227560714
2024-07-31 09:46:47,23300.0,800,Buy,227560868
2024-07-31 09:46:47,23300.0,100,Buy,227560869
2024-07-31 09:46:47,23300.0,500,Buy,227560870
2024-07-31 09:46:57,23250.0,200,Sell,227561055
2024-07-31 09:47:00,23300.0,600,Buy,227561111
2024-07-31 09:47:03,23250.0,700,Sell,227561177
2024-07-31 09:47:03,23250.0,1300,Sell,227561178
2024-07-31 09:47:03,23250.0,2000,Sell,227561156
2024-07-31 09:47:06,23250.0,1000,Sell,227561236
2024-07-31 09:47:10,23300.0,300,Buy,227561415
2024-07-31 09:47:10,23300.0,100,Buy,227561401
2024-07-31 09:47:17,23250.0,200,Sell,227561536
2024-07-31 09:47:33,23250.0,1000,Sell,227561914
2024-07-31 09:47:37,23250.0,200,Sell,227562012
2024-07-31 09:47:39,23300.0,300,Buy,227562039
2024-07-31 09:47:39,23300.0,500,Buy,227562038
2024-07-31 09:47:41,23250.0,500,Sell,227562062
2024-07-31 09:47:52,23250.0,100,Sell,227562321
2024-07-31 09:47:52,23250.0,3200,Sell,227562324
2024-07-31 09:47:55,23250.0,100,Sell,227562411
2024-07-31 09:47:57,23250.0,200,Sell,227562451
2024-07-31 09:48:00,23250.0,1000,Sell,227562523
2024-07-31 09:48:01,23250.0,200,Sell,227562534
2024-07-31 09:48:05,23250.0,500,Sell,227562598
2024-07-31 09:48:08,23250.0,100,Sell,227562672
2024-07-31 09:48:13,23300.0,100,Buy,227562757
2024-07-31 09:48:15,23250.0,100,Sell,227562811
2024-07-31 09:48:17,23250.0,200,Sell,227562843
2024-07-31 09:48:27,23250.0,1000,Sell,227563059
2024-07-31 09:48:28,23250.0,100,Sell,227563082
2024-07-31 09:48:35,23250.0,100,Sell,227563186
2024-07-31 09:48:36,23300.0,1000,Buy,227563209
2024-07-31 09:48:37,23250.0,200,Sell,227563211
2024-07-31 09:48:37,23300.0,100,Buy,227563216
2024-07-31 09:48:38,23250.0,4600,Sell,227563222
2024-07-31 09:48:50,23250.0,300,Sell,227563427
2024-07-31 09:48:53,23250.0,500,Sell,227563473
2024-07-31 09:48:53,23250.0,500,Sell,227563474
2024-07-31 09:48:57,23250.0,200,Sell,227563560
2024-07-31 09:49:00,23250.0,1000,Sell,227563587
2024-07-31 09:49:05,23250.0,500,Sell,227563698
2024-07-31 09:49:09,23250.0,100,Sell,227563770
2024-07-31 09:49:13,23250.0,1000,Sell,227563836
2024-07-31 09:49:14,23250.0,100,Sell,227563840
2024-07-31 09:49:15,23300.0,100,Buy,227563879
2024-07-31 09:49:17,23250.0,200,Sell,227563936
2024-07-31 09:49:20,23250.0,1000,Sell,227563986
2024-07-31 09:49:22,23250.0,4600,Sell,227564039
2024-07-31 09:49:22,23250.0,5000,Sell,227564040
2024-07-31 09:49:22,23250.0,6000,Sell,227564041
2024-07-31 09:49:22,23250.0,1000,Sell,227564042
2024-07-31 09:49:22,23250.0,100,Sell,227564043
2024-07-31 09:49:22,23250.0,1000,Sell,227564044
2024-07-31 09:49:22,23250.0,6900,Sell,227564045
2024-07-31 09:49:22,23250.0,5400,Sell,227564038
2024-07-31 09:49:24,23250.0,200,Sell,227564089
2024-07-31 09:49:25,23250.0,5000,Sell,227564106
2024-07-31 09:49:28,23250.0,2000,Sell,227564174
2024-07-31 09:49:30,23250.0,200,Sell,227564232
2024-07-31 09:49:35,23250.0,5000,Sell,227564343
2024-07-31 09:49:35,23250.0,35700,Sell,227564342
2024-07-31 09:49:35,23250.0,100,Sell,227564349
2024-07-31 09:49:35,23250.0,4000,Sell,227564348
2024-07-31 09:49:35,23250.0,800,Sell,227564351
2024-07-31 09:49:35,23250.0,2000,Sell,227564346
2024-07-31 09:49:35,23250.0,200,Sell,227564345
2024-07-31 09:49:35,23250.0,2000,Sell,227564344
2024-07-31 09:49:35,23250.0,100,Sell,227564347
2024-07-31 09:49:35,23250.0,100,Sell,227564350
2024-07-31 09:49:37,23250.0,200,Sell,227564391
2024-07-31 09:49:38,23250.0,600,Sell,227564393
2024-07-31 09:49:39,23250.0,400,Sell,227564418
2024-07-31 09:49:39,23250.0,1800,Sell,227564419
2024-07-31 09:49:39,23250.0,500,Sell,227564423
2024-07-31 09:49:40,23250.0,2000,Sell,227564456
2024-07-31 09:49:41,23250.0,500,Sell,227564477
2024-07-31 09:49:44,23250.0,200,Sell,227564520
2024-07-31 09:49:44,23250.0,1000,Sell,227564519
2024-07-31 09:49:44,23250.0,200,Sell,227564517
2024-07-31 09:49:44,23250.0,600,Sell,227564518
2024-07-31 09:49:45,23250.0,2000,Sell,227564543
2024-07-31 09:49:46,23250.0,800,Sell,227564583
2024-07-31 09:49:47,23250.0,900,Sell,227564616
2024-07-31 09:49:48,23250.0,100,Sell,227564633
2024-07-31 09:49:48,23250.0,500,Sell,227564634
2024-07-31 09:49:49,23250.0,500,Sell,227564649
2024-07-31 09:49:49,23250.0,500,Sell,227564650
2024-07-31 09:49:54,23250.0,1900,Sell,227564758
2024-07-31 09:49:54,23250.0,3000,Sell,227564756
2024-07-31 09:49:54,23250.0,100,Sell,227564757
2024-07-31 09:49:57,23250.0,1100,Sell,227564826
2024-07-31 09:49:57,23250.0,900,Sell,227564827
2024-07-31 09:49:58,23250.0,1300,Sell,227564857
2024-07-31 09:49:58,23250.0,300,Sell,227564852
2024-07-31 09:49:58,23250.0,3500,Sell,227564851
2024-07-31 09:49:58,23250.0,1500,Sell,227564850
2024-07-31 09:49:58,23250.0,100,Sell,227564849
2024-07-31 09:49:58,23250.0,1000,Sell,227564848
2024-07-31 09:49:58,23250.0,1500,Sell,227564845
2024-07-31 09:49:58,23250.0,700,Sell,227564847
2024-07-31 09:49:58,23250.0,2000,Sell,227564843
2024-07-31 09:49:58,23250.0,900,Sell,227564844
2024-07-31 09:49:58,23250.0,200,Sell,227564831
2024-07-31 09:49:58,23250.0,200,Sell,227564837
2024-07-31 09:49:58,23250.0,1500,Sell,227564838
2024-07-31 09:49:58,23250.0,100,Sell,227564846
2024-07-31 09:49:58,23250.0,1000,Sell,227564840
2024-07-31 09:49:58,23250.0,800,Sell,227564841
2024-07-31 09:49:58,23250.0,3400,Sell,227564842
2024-07-31 09:49:58,23250.0,200,Sell,227564839
2024-07-31 09:50:00,23250.0,2000,Sell,227564912
2024-07-31 09:50:02,23250.0,1000,Sell,227564962
2024-07-31 09:50:05,23250.0,5700,Sell,227564996
2024-07-31 09:50:05,23250.0,100,Sell,227564997
2024-07-31 09:50:05,23250.0,1100,Sell,227564998
2024-07-31 09:50:05,23250.0,500,Sell,227564999
2024-07-31 09:50:07,23250.0,1000,Buy,227565036
2024-07-31 09:50:18,23250.0,100,Buy,227565334
2024-07-31 09:50:41,23200.0,300,Sell,227565823
2024-07-31 09:50:42,23200.0,800,Sell,227565851
2024-07-31 09:50:45,23200.0,1000,Sell,227565917
2024-07-31 09:51:05,23200.0,1000,Sell,227566345
2024-07-31 09:51:06,23250.0,10000,Buy,227566371
2024-07-31 09:51:12,23250.0,1500,Buy,227566505
2024-07-31 09:51:12,23250.0,500,Buy,227566506
2024-07-31 09:51:17,23250.0,14600,Buy,227566632
2024-07-31 09:51:17,23250.0,1000,Buy,227566631
2024-07-31 09:51:17,23250.0,7600,Buy,227566629
2024-07-31 09:51:17,23250.0,1000,Buy,227566630
2024-07-31 09:51:17,23250.0,5800,Buy,227566628
2024-07-31 09:51:21,23250.0,100,Buy,227566704
2024-07-31 09:51:29,23250.0,800,Buy,227566909
2024-07-31 09:51:32,23250.0,1000,Buy,227566955
2024-07-31 09:51:32,23250.0,1500,Buy,227566985
2024-07-31 09:51:35,23250.0,500,Buy,227567031
2024-07-31 09:51:50,23250.0,1000,Buy,227567319
2024-07-31 09:51:50,23250.0,1500,Buy,227567317
2024-07-31 09:51:50,23250.0,100,Buy,227567318
2024-07-31 09:51:50,23250.0,100,Buy,227567320
2024-07-31 09:51:50,23250.0,1000,Buy,227567321
2024-07-31 09:51:50,23250.0,200,Buy,227567322
2024-07-31 09:51:50,23250.0,3100,Buy,227567323
2024-07-31 09:52:02,23250.0,100,Buy,227567543
2024-07-31 09:52:02,23250.0,1000,Buy,227567544
2024-07-31 09:52:02,23250.0,2000,Buy,227567541
2024-07-31 09:52:02,23250.0,200,Sell,227567545
2024-07-31 09:52:02,23250.0,200,Buy,227567542
2024-07-31 09:52:02,23250.0,4500,Buy,227567537
2024-07-31 09:52:02,23250.0,1000,Buy,227567540
2024-07-31 09:52:02,23250.0,1000,Buy,227567539
2024-07-31 09:52:02,23250.0,1000,Buy,227567538
2024-07-31 09:52:11,23250.0,1400,Sell,227567675
2024-07-31 09:52:19,23250.0,200,Sell,227567865
2024-07-31 09:52:20,23250.0,100,Sell,227567920
2024-07-31 09:52:23,23300.0,100,Buy,227567957
2024-07-31 09:52:29,23300.0,2000,Buy,227568077
2024-07-31 09:52:30,23250.0,500,Sell,227568118
2024-07-31 09:52:30,23250.0,8300,Sell,227568116
2024-07-31 09:52:30,23250.0,3800,Sell,227568117
2024-07-31 09:52:38,23250.0,200,Sell,227568299
2024-07-31 09:52:44,23250.0,100,Sell,227568391
2024-07-31 09:52:45,23250.0,400,Sell,227568464
2024-07-31 09:52:45,23250.0,400,Sell,227568465
2024-07-31 09:52:47,23250.0,1000,Sell,227568518
2024-07-31 09:52:51,23250.0,1000,Sell,227568624
2024-07-31 09:52:53,23250.0,100,Sell,227568649
2024-07-31 09:52:53,23250.0,1000,Sell,227568655
2024-07-31 09:52:59,23250.0,200,Sell,227568845
2024-07-31 09:53:02,23250.0,200,Sell,227568916
2024-07-31 09:53:03,23250.0,4300,Sell,227568953
2024-07-31 09:53:03,23250.0,3000,Sell,227568952
2024-07-31 09:53:03,23250.0,6100,Sell,227568951
2024-07-31 09:53:04,23250.0,100,Sell,227568975
2024-07-31 09:53:18,23300.0,2000,Buy,227569305
2024-07-31 09:53:19,23250.0,200,Sell,227569318
2024-07-31 09:53:20,23250.0,1000,Sell,227569332
2024-07-31 09:53:23,23250.0,1200,Sell,227569383
2024-07-31 09:53:25,23250.0,3200,Sell,227569414
2024-07-31 09:53:25,23250.0,1000,Sell,227569415
2024-07-31 09:53:25,23250.0,5000,Sell,227569416
2024-07-31 09:53:25,23250.0,500,Sell,227569417
2024-07-31 09:53:25,23250.0,2300,Sell,227569418
2024-07-31 09:53:26,23300.0,100,Buy,227569430
2024-07-31 09:53:37,23300.0,1100,Buy,227569630
2024-07-31 09:53:37,23300.0,800,Buy,227569628
2024-07-31 09:53:37,23300.0,100,Buy,227569629
2024-07-31 09:53:39,23250.0,200,Sell,227569648
2024-07-31 09:53:40,23250.0,1000,Sell,227569675
2024-07-31 09:53:40,23250.0,2500,Sell,227569676
2024-07-31 09:53:40,23250.0,2000,Sell,227569677
2024-07-31 09:53:40,23250.0,1000,Sell,227569678
2024-07-31 09:53:40,23250.0,200,Sell,227569679
2024-07-31 09:53:40,23250.0,1000,Sell,227569680
2024-07-31 09:53:40,23250.0,1300,Sell,227569681
2024-07-31 09:53:47,23250.0,1000,Sell,227569801
2024-07-31 09:53:54,23250.0,100,Sell,227569920
2024-07-31 09:53:59,23250.0,200,Sell,227569982
2024-07-31 09:54:13,23250.0,200,Sell,227570198
2024-07-31 09:54:14,23250.0,1000,Sell,227570234
2024-07-31 09:54:16,23250.0,100,Sell,227570309
2024-07-31 09:54:16,23250.0,3700,Sell,227570310
2024-07-31 09:54:16,23250.0,6200,Sell,227570308
2024-07-31 09:54:19,23250.0,200,Sell,227570400
2024-07-31 09:54:20,23250.0,200,Sell,227570410
2024-07-31 09:54:29,23300.0,100,Buy,227570568
2024-07-31 09:54:31,23250.0,1000,Sell,227570609
2024-07-31 09:54:39,23250.0,200,Sell,227570737
2024-07-31 09:54:40,23250.0,1000,Sell,227570745
2024-07-31 09:54:44,23250.0,500,Sell,227570848
2024-07-31 09:54:45,23250.0,100,Sell,227570880
2024-07-31 09:54:46,23250.0,100,Sell,227570884
2024-07-31 09:54:46,23250.0,2000,Sell,227570890
2024-07-31 09:54:56,23250.0,200,Sell,227571177
2024-07-31 09:54:57,23250.0,2000,Sell,227571189
2024-07-31 09:54:59,23250.0,200,Sell,227571233
2024-07-31 09:55:04,23250.0,1600,Sell,227571310
2024-07-31 09:55:07,23250.0,900,Sell,227571459
2024-07-31 09:55:19,23250.0,200,Sell,227571742
2024-07-31 09:55:22,23250.0,200,Sell,227571818
2024-07-31 09:55:30,23300.0,2000,Buy,227571983
2024-07-31 09:55:31,23300.0,100,Buy,227572004
2024-07-31 09:55:38,23250.0,2000,Sell,227572117
2024-07-31 09:55:40,23250.0,200,Sell,227572133
2024-07-31 09:55:49,23250.0,10000,Sell,227572353
2024-07-31 09:55:54,23250.0,100,Sell,227572455
2024-07-31 09:55:57,23250.0,3000,Sell,227572550
2024-07-31 09:56:00,23250.0,200,Sell,227572606
2024-07-31 09:56:00,23250.0,1000,Sell,227572632
2024-07-31 09:56:01,23250.0,200,Sell,227572673
2024-07-31 09:56:03,23250.0,1300,Sell,227572735
2024-07-31 09:56:07,23300.0,100,Buy,227572815
2024-07-31 09:56:14,23250.0,100,Sell,227572944
2024-07-31 09:56:20,23250.0,200,Sell,227573091
2024-07-31 09:56:22,23250.0,2200,Sell,227573173
2024-07-31 09:56:27,23250.0,1000,Sell,227573264
2024-07-31 09:56:34,23300.0,100,Buy,227573473
2024-07-31 09:56:34,23250.0,14200,Sell,227573486
2024-07-31 09:56:34,23250.0,1800,Sell,227573487
2024-07-31 09:56:35,23250.0,7500,Sell,227573506
2024-07-31 09:56:35,23250.0,10000,Sell,227573503
2024-07-31 09:56:35,23250.0,2000,Sell,227573505
2024-07-31 09:56:35,23250.0,1000,Sell,227573504
2024-07-31 09:56:35,23250.0,200,Sell,227573501
2024-07-31 09:56:35,23250.0,1600,Sell,227573500
2024-07-31 09:56:35,23250.0,500,Sell,227573502
2024-07-31 09:56:40,23250.0,200,Sell,227573725
2024-07-31 09:56:47,23250.0,4500,Sell,227573859
2024-07-31 09:56:54,23250.0,1000,Sell,227574018
2024-07-31 09:56:57,23250.0,1200,Sell,227574147
2024-07-31 09:56:57,23250.0,100,Sell,227574146
2024-07-31 09:56:57,23250.0,1000,Sell,227574145
2024-07-31 09:56:57,23250.0,500,Sell,227574144
2024-07-31 09:56:57,23250.0,3300,Sell,227574143
2024-07-31 09:56:57,23250.0,600,Sell,227574142
2024-07-31 09:56:57,23250.0,5000,Sell,227574140
2024-07-31 09:56:57,23250.0,1200,Sell,227574139
2024-07-31 09:56:57,23250.0,500,Sell,227574138
2024-07-31 09:56:57,23250.0,200,Sell,227574137
2024-07-31 09:56:57,23250.0,1800,Sell,227574136
2024-07-31 09:56:57,23250.0,1000,Sell,227574141
2024-07-31 09:56:59,23250.0,800,Sell,227574222
2024-07-31 09:56:59,23250.0,1200,Sell,227574223
2024-07-31 09:57:00,23250.0,200,Sell,227574248
2024-07-31 09:57:02,23250.0,4600,Sell,227574313
2024-07-31 09:57:04,23250.0,1000,Sell,227574361
2024-07-31 09:57:06,23250.0,500,Sell,227574398
2024-07-31 09:57:06,23250.0,3000,Sell,227574396
2024-07-31 09:57:06,23250.0,500,Sell,227574397
2024-07-31 09:57:07,23250.0,100,Sell,227574413
2024-07-31 09:57:08,23250.0,100,Sell,227574423
2024-07-31 09:57:08,23250.0,2000,Sell,227574424
2024-07-31 09:57:08,23250.0,1000,Sell,227574425
2024-07-31 09:57:08,23250.0,700,Sell,227574426
2024-07-31 09:57:08,23250.0,1000,Sell,227574427
2024-07-31 09:57:08,23250.0,5000,Sell,227574428
2024-07-31 09:57:08,23250.0,200,Sell,227574429
2024-07-31 09:57:09,23250.0,9800,Sell,227574456
2024-07-31 09:57:10,23200.0,300,Sell,227574462
2024-07-31 09:57:11,23250.0,300,Buy,227574509
2024-07-31 09:57:11,23200.0,15100,Sell,227574528
2024-07-31 09:57:18,23250.0,1000,Buy,227574681
2024-07-31 09:57:27,23250.0,10000,Buy,227574890
2024-07-31 09:57:37,23250.0,100,Buy,227575061
2024-07-31 09:57:53,23200.0,200,Sell,227575373
2024-07-31 09:58:14,23200.0,900,Sell,227575728
2024-07-31 09:58:36,23200.0,1100,Sell,227576331
2024-07-31 09:58:40,23250.0,100,Buy,227576417
2024-07-31 09:58:40,23200.0,600,Sell,227576418
2024-07-31 09:58:40,23200.0,1000,Sell,227576424
2024-07-31 09:58:47,23200.0,200,Sell,227576552
2024-07-31 09:58:56,23200.0,1100,Sell,227576760
2024-07-31 09:59:07,23200.0,1000,Sell,227577046
2024-07-31 09:59:14,23200.0,600,Sell,227577281
2024-07-31 09:59:14,23200.0,400,Sell,227577280
2024-07-31 09:59:16,23200.0,1100,Sell,227577324
2024-07-31 09:59:25,23200.0,100,Sell,227577508
2024-07-31 09:59:32,23200.0,100,Sell,227577679
2024-07-31 09:59:34,23200.0,100,Sell,227577725
2024-07-31 09:59:34,23200.0,900,Sell,227577726
2024-07-31 09:59:35,23200.0,1000,Sell,227577772
2024-07-31 09:59:36,23200.0,1100,Sell,227577825
2024-07-31 09:59:43,23250.0,100,Buy,227577961
2024-07-31 09:59:57,23200.0,1100,Sell,227578228
2024-07-31 10:00:01,23200.0,1000,Sell,227578327
2024-07-31 10:00:06,23200.0,2000,Sell,227578428
2024-07-31 10:00:06,23200.0,1000,Sell,227578429
2024-07-31 10:00:06,23200.0,3500,Sell,227578430
2024-07-31 10:00:06,23200.0,1000,Sell,227578431
2024-07-31 10:00:06,23200.0,4400,Sell,227578432
2024-07-31 10:00:06,23200.0,4900,Sell,227578427
2024-07-31 10:00:15,23250.0,2000,Buy,227578682
2024-07-31 10:00:17,23200.0,1100,Sell,227578704
2024-07-31 10:00:27,23200.0,1000,Sell,227578986
2024-07-31 10:00:34,23200.0,200,Sell,227579175
2024-07-31 10:00:37,23200.0,1100,Sell,227579235
2024-07-31 10:00:45,23200.0,10200,Sell,227579658
2024-07-31 10:00:45,23250.0,100,Buy,227579681
2024-07-31 10:00:47,23200.0,100,Sell,227579745
2024-07-31 10:00:54,23200.0,900,Sell,227579942
2024-07-31 10:00:54,23200.0,100,Sell,227579944
2024-07-31 10:00:57,23200.0,900,Sell,227579989
2024-07-31 10:00:57,23200.0,200,Sell,227579990
2024-07-31 10:01:00,23200.0,1000,Sell,227580042
2024-07-31 10:01:00,23200.0,200,Sell,227580043
2024-07-31 10:01:00,23200.0,800,Sell,227580044
2024-07-31 10:01:04,23200.0,600,Sell,227580134
2024-07-31 10:01:07,23250.0,1000,Buy,227580200
2024-07-31 10:01:17,23200.0,600,Sell,227580387
2024-07-31 10:01:17,23200.0,500,Sell,227580388
2024-07-31 10:01:21,23200.0,100,Sell,227580477
2024-07-31 10:01:21,23200.0,100,Sell,227580478
2024-07-31 10:01:21,23200.0,800,Sell,227580479
2024-07-31 10:01:26,23200.0,1000,Sell,227580551
2024-07-31 10:01:26,23200.0,200,Sell,227580552
2024-07-31 10:01:28,23200.0,3100,Sell,227580566
2024-07-31 10:01:37,23200.0,1100,Sell,227580774
2024-07-31 10:01:44,23200.0,2700,Sell,227580948
2024-07-31 10:01:45,23200.0,1000,Sell,227580974
2024-07-31 10:01:47,23200.0,100,Sell,227581027
2024-07-31 10:01:47,23200.0,100,Sell,227581025
2024-07-31 10:01:47,23200.0,800,Sell,227581026
2024-07-31 10:01:48,23250.0,100,Buy,227581046
2024-07-31 10:01:57,23200.0,900,Sell,227581193
2024-07-31 10:01:57,23200.0,200,Sell,227581194
2024-07-31 10:02:14,23200.0,100,Sell,227581481
2024-07-31 10:02:14,23200.0,900,Sell,227581482
2024-07-31 10:02:17,23200.0,600,Sell,227581525
2024-07-31 10:02:17,23200.0,1100,Sell,227581526
2024-07-31 10:02:26,23250.0,500,Buy,227581685
2024-07-31 10:02:33,23200.0,1000,Sell,227581806
2024-07-31 10:02:37,23200.0,1100,Sell,227581906
2024-07-31 10:02:41,23200.0,1000,Sell,227581949
2024-07-31 10:02:42,23200.0,100,Sell,227581955
2024-07-31 10:02:44,23250.0,100,Buy,227582033
2024-07-31 10:02:51,23200.0,4200,Sell,227582152
2024-07-31 10:02:51,23200.0,3300,Sell,227582153
2024-07-31 10:02:51,23250.0,100,Buy,227582156
2024-07-31 10:02:53,23250.0,1500,Buy,227582176
2024-07-31 10:02:57,23200.0,1100,Sell,227582251
2024-07-31 10:03:07,23200.0,400,Sell,227582516
2024-07-31 10:03:07,23200.0,600,Sell,227582515
2024-07-31 10:03:17,23200.0,1100,Sell,227582774
2024-07-31 10:03:29,23200.0,600,Sell,227583132
2024-07-31 10:03:34,23200.0,900,Sell,227583243
2024-07-31 10:03:38,23200.0,100,Sell,227583302
2024-07-31 10:03:38,23200.0,1000,Sell,227583303
2024-07-31 10:03:49,23250.0,1000,Buy,227583556
2024-07-31 10:03:54,23250.0,100,Buy,227583649
2024-07-31 10:03:58,23200.0,1100,Sell,227583708
2024-07-31 10:04:01,23250.0,1500,Buy,227583771
2024-07-31 10:04:01,23200.0,900,Sell,227583769
2024-07-31 10:04:01,23200.0,100,Sell,227583770
2024-07-31 10:04:05,23200.0,200,Sell,227583884
2024-07-31 10:04:14,23250.0,2000,Buy,227584110
2024-07-31 10:04:18,23200.0,200,Sell,227584234
2024-07-31 10:04:18,23200.0,1100,Sell,227584237
2024-07-31 10:04:20,23250.0,100,Buy,227584302
2024-07-31 10:04:20,23200.0,100,Sell,227584305
2024-07-31 10:04:27,23200.0,300,Sell,227584444
2024-07-31 10:04:27,23200.0,700,Sell,227584445
2024-07-31 10:04:32,23250.0,800,Buy,227584545
2024-07-31 10:04:32,23250.0,100,Buy,227584549
2024-07-31 10:04:38,23200.0,1100,Sell,227584676
2024-07-31 10:04:41,23200.0,400,Sell,227584721
2024-07-31 10:04:41,23200.0,200,Sell,227584720
2024-07-31 10:04:47,23250.0,4000,Buy,227584862
2024-07-31 10:04:54,23250.0,7400,Buy,227584995
2024-07-31 10:04:54,23250.0,3000,Buy,227584994
2024-07-31 10:04:54,23250.0,14200,Buy,227584990
2024-07-31 10:04:54,23250.0,2000,Buy,227584992
2024-07-31 10:04:54,23250.0,1000,Buy,227584993
2024-07-31 10:04:54,23250.0,2400,Buy,227584991
2024-07-31 10:04:56,23250.0,200,Buy,227585067
2024-07-31 10:04:56,23250.0,800,Buy,227585068
2024-07-31 10:04:57,23250.0,100,Buy,227585078
2024-07-31 10:04:58,23200.0,600,Sell,227585104
2024-07-31 10:04:58,23200.0,200,Sell,227585105
2024-07-31 10:04:58,23200.0,300,Sell,227585106
2024-07-31 10:04:58,23250.0,100,Buy,227585116
2024-07-31 10:05:06,23250.0,100,Buy,227585274
2024-07-31 10:05:07,23250.0,2000,Buy,227585339
2024-07-31 10:05:10,23250.0,100,Buy,227585390
2024-07-31 10:05:14,23250.0,5300,Buy,227585512
2024-07-31 10:05:14,23250.0,10000,Buy,227585509
2024-07-31 10:05:14,23250.0,100,Buy,227585508
2024-07-31 10:05:14,23250.0,100,Buy,227585507
2024-07-31 10:05:14,23250.0,100,Buy,227585506
2024-07-31 10:05:14,23250.0,1000,Buy,227585505
2024-07-31 10:05:14,23250.0,100,Buy,227585511
2024-07-31 10:05:14,23250.0,500,Buy,227585503
2024-07-31 10:05:14,23250.0,500,Buy,227585504
2024-07-31 10:05:14,23250.0,4400,Buy,227585498
2024-07-31 10:05:14,23250.0,7600,Buy,227585499
2024-07-31 10:05:14,23250.0,100,Buy,227585510
2024-07-31 10:05:14,23250.0,7600,Buy,227585500
2024-07-31 10:05:14,23250.0,7600,Buy,227585501
2024-07-31 10:05:14,23250.0,5000,Buy,227585502
2024-07-31 10:05:15,23250.0,500,Buy,227585528
2024-07-31 10:05:17,23250.0,10000,Buy,227585569
2024-07-31 10:05:18,23200.0,100,Sell,227585585
2024-07-31 10:05:18,23200.0,1000,Sell,227585586
2024-07-31 10:05:21,23250.0,3000,Buy,227585629
2024-07-31 10:05:21,23200.0,1000,Sell,227585627
2024-07-31 10:05:21,23250.0,20000,Buy,227585628
2024-07-31 10:05:23,23250.0,14800,Buy,227585675
2024-07-31 10:05:23,23250.0,100,Buy,227585676
2024-07-31 10:05:23,23250.0,100,Buy,227585677
2024-07-31 10:05:25,23250.0,100,Buy,227585705
2024-07-31 10:05:25,23250.0,1900,Buy,227585706
2024-07-31 10:05:25,23250.0,5000,Buy,227585707
2024-07-31 10:05:25,23200.0,200,Sell,227585760
2024-07-31 10:05:25,23200.0,500,Sell,227585761
2024-07-31 10:05:25,23200.0,100,Sell,227585762
2024-07-31 10:05:25,23200.0,9400,Sell,227585763
2024-07-31 10:05:26,23250.0,5000,Buy,227585810
2024-07-31 10:05:26,23250.0,400,Buy,227585812
2024-07-31 10:05:26,23250.0,600,Buy,227585811
2024-07-31 10:05:26,23250.0,200,Buy,227585808
2024-07-31 10:05:26,23250.0,2300,Buy,227585807
2024-07-31 10:05:26,23250.0,700,Buy,227585773
2024-07-31 10:05:26,23250.0,100,Buy,227585809
2024-07-31 10:05:26,23250.0,7700,Buy,227585774
2024-07-31 10:05:29,23250.0,1000,Buy,227585906
2024-07-31 10:05:29,23250.0,3700,Buy,227585934
2024-07-31 10:05:29,23250.0,1000,Buy,227585931
2024-07-31 10:05:29,23250.0,100,Buy,227585930
2024-07-31 10:05:29,23250.0,6300,Buy,227585933
2024-07-31 10:05:29,23250.0,200,Buy,227585928
2024-07-31 10:05:29,23250.0,100,Buy,227585927
2024-07-31 10:05:29,23250.0,500,Buy,227585926
2024-07-31 10:05:29,23250.0,1600,Buy,227585925
2024-07-31 10:05:29,23250.0,200,Buy,227585929
2024-07-31 10:05:29,23250.0,1300,Buy,227585932
2024-07-31 10:05:30,23250.0,300,Buy,227585952
2024-07-31 10:05:31,23250.0,300,Buy,227585972
2024-07-31 10:05:31,23250.0,400,Buy,227585973
2024-07-31 10:05:31,23250.0,100,Buy,227585974
2024-07-31 10:05:31,23250.0,200,Buy,227585975
2024-07-31 10:05:34,23250.0,100,Buy,227586017
2024-07-31 10:05:35,23250.0,1000,Buy,227586100
2024-07-31 10:05:36,23250.0,300,Buy,227586122
2024-07-31 10:05:37,23250.0,1000,Buy,227586159
2024-07-31 10:05:37,23250.0,2000,Buy,227586160
2024-07-31 10:05:38,23250.0,3300,Buy,227586168
2024-07-31 10:05:38,23250.0,1700,Buy,227586169
2024-07-31 10:05:38,23200.0,1100,Sell,227586204
2024-07-31 10:05:39,23200.0,1800,Sell,227586268
2024-07-31 10:05:39,23200.0,200,Sell,227586267
2024-07-31 10:05:39,23200.0,200,Sell,227586266
2024-07-31 10:05:39,23200.0,500,Sell,227586264
2024-07-31 10:05:39,23200.0,500,Sell,227586265
2024-07-31 10:05:39,23200.0,200,Sell,227586262
2024-07-31 10:05:39,23200.0,200,Sell,227586261
2024-07-31 10:05:39,23200.0,1200,Sell,227586260
2024-07-31 10:05:39,23200.0,9500,Sell,227586259
2024-07-31 10:05:39,23250.0,1000,Buy,227586219
2024-07-31 10:05:39,23200.0,3000,Sell,227586263
2024-07-31 10:05:40,23250.0,100,Buy,227586307
2024-07-31 10:05:40,23250.0,10000,Buy,227586306
2024-07-31 10:05:40,23250.0,1000,Buy,227586305
2024-07-31 10:05:40,23250.0,10500,Buy,227586304
2024-07-31 10:05:40,23250.0,7600,Buy,227586303
2024-07-31 10:05:40,23250.0,500,Buy,227586302
2024-07-31 10:05:40,23250.0,7600,Buy,227586300
2024-07-31 10:05:40,23250.0,100,Buy,227586299
2024-07-31 10:05:40,23250.0,2000,Buy,227586298
2024-07-31 10:05:40,23250.0,200,Buy,227586297
2024-07-31 10:05:40,23250.0,200,Buy,227586296
2024-07-31 10:05:40,23250.0,7300,Buy,227586295
2024-07-31 10:05:40,23250.0,100,Buy,227586301
2024-07-31 10:05:41,23250.0,400,Sell,227586363
2024-07-31 10:05:41,23300.0,1000,Buy,227586364
2024-07-31 10:05:46,23250.0,100,Sell,227586491
2024-07-31 10:05:47,23300.0,5000,Buy,227586517
2024-07-31 10:05:54,23250.0,2300,Sell,227586740
2024-07-31 10:05:54,23250.0,13200,Sell,227586741
2024-07-31 10:05:58,23250.0,1100,Sell,227586895
2024-07-31 10:06:00,23300.0,100,Buy,227586928
2024-07-31 10:06:01,23250.0,300,Sell,227586952
2024-07-31 10:06:02,23250.0,100,Sell,227586968
2024-07-31 10:06:07,23250.0,5300,Sell,227587158
2024-07-31 10:06:07,23250.0,4000,Sell,227587159
2024-07-31 10:06:07,23250.0,3000,Sell,227587160
2024-07-31 10:06:07,23250.0,500,Sell,227587161
2024-07-31 10:06:07,23250.0,2000,Sell,227587162
2024-07-31 10:06:07,23250.0,1600,Sell,227587163
2024-07-31 10:06:08,23250.0,100,Sell,227587202
2024-07-31 10:06:08,23250.0,200,Sell,227587201
2024-07-31 10:06:08,23250.0,1000,Sell,227587200
2024-07-31 10:06:08,23250.0,100,Sell,227587197
2024-07-31 10:06:08,23250.0,200,Sell,227587198
2024-07-31 10:06:08,23250.0,8400,Sell,227587196
2024-07-31 10:06:08,23250.0,900,Sell,227587199
2024-07-31 10:06:11,23250.0,100,Buy,227587351
2024-07-31 10:06:12,23250.0,500,Buy,227587387
2024-07-31 10:06:13,23250.0,11000,Buy,227587413
2024-07-31 10:06:17,23250.0,200,Buy,227587494
2024-07-31 10:06:18,23250.0,100,Buy,227587533
2024-07-31 10:06:18,23250.0,1900,Buy,227587534
2024-07-31 10:06:18,23200.0,1100,Sell,227587546
2024-07-31 10:06:20,23250.0,4200,Buy,227587573
2024-07-31 10:06:20,23250.0,200,Buy,227587594
2024-07-31 10:06:29,23200.0,100,Sell,227587912
2024-07-31 10:06:29,23200.0,2000,Sell,227587917
2024-07-31 10:06:29,23200.0,2400,Sell,227587918
2024-07-31 10:06:30,23250.0,100,Buy,227587971
2024-07-31 10:06:33,23250.0,1000,Buy,227588045
2024-07-31 10:06:39,23200.0,1100,Sell,227588175
2024-07-31 10:06:41,23200.0,900,Sell,227588239
2024-07-31 10:06:45,23250.0,200,Buy,227588324
2024-07-31 10:06:45,23250.0,200,Buy,227588322
2024-07-31 10:06:45,23250.0,1000,Buy,227588323
2024-07-31 10:06:49,23250.0,600,Sell,227588403
2024-07-31 10:06:49,23250.0,300,Sell,227588404
2024-07-31 10:06:50,23250.0,1100,Buy,227588411
2024-07-31 10:06:51,23250.0,100,Sell,227588421
2024-07-31 10:06:53,23250.0,800,Sell,227588491
2024-07-31 10:06:54,23250.0,4200,Buy,227588509
2024-07-31 10:06:59,23250.0,800,Sell,227588618
2024-07-31 10:06:59,23250.0,300,Sell,227588619
2024-07-31 10:07:02,23250.0,400,Sell,227588693
2024-07-31 10:07:03,23300.0,100,Buy,227588744
2024-07-31 10:07:03,23250.0,100,Sell,227588739
2024-07-31 10:07:18,23250.0,100,Sell,227589035
2024-07-31 10:07:19,23250.0,100,Sell,227589050
2024-07-31 10:07:19,23250.0,200,Sell,227589051
2024-07-31 10:07:19,23250.0,500,Sell,227589052
2024-07-31 10:07:19,23250.0,300,Sell,227589053
2024-07-31 10:07:21,23300.0,200,Buy,227589077
2024-07-31 10:07:22,23250.0,200,Sell,227589114
2024-07-31 10:07:22,23250.0,100,Sell,227589115
2024-07-31 10:07:33,23250.0,300,Sell,227589354
2024-07-31 10:07:33,23250.0,200,Sell,227589353
2024-07-31 10:07:34,23250.0,200,Sell,227589403
2024-07-31 10:07:34,23250.0,300,Sell,227589404
2024-07-31 10:07:39,23250.0,500,Buy,227589475
2024-07-31 10:07:39,23250.0,1100,Sell,227589476
2024-07-31 10:07:42,23250.0,300,Sell,227589519
2024-07-31 10:07:45,23300.0,500,Buy,227589575
2024-07-31 10:07:46,23250.0,100,Sell,227589639
2024-07-31 10:07:46,23250.0,100,Sell,227589640
2024-07-31 10:07:49,23250.0,200,Sell,227589759
2024-07-31 10:07:49,23250.0,200,Sell,227589757
2024-07-31 10:07:49,23250.0,500,Sell,227589758
2024-07-31 10:07:52,23250.0,1000,Buy,227589885
2024-07-31 10:07:57,23250.0,1000,Buy,227589957
2024-07-31 10:07:57,23250.0,3400,Buy,227589981
2024-07-31 10:07:59,23200.0,1100,Sell,227590012
2024-07-31 10:08:00,23250.0,1000,Buy,227590041
2024-07-31 10:08:00,23250.0,500,Buy,227590045
2024-07-31 10:08:03,23250.0,5000,Buy,227590075
2024-07-31 10:08:03,23250.0,200,Buy,227590076
2024-07-31 10:08:05,23250.0,2000,Buy,227590124
2024-07-31 10:08:06,23250.0,100,Buy,227590150
2024-07-31 10:08:08,23250.0,200,Buy,227590207
2024-07-31 10:08:10,23250.0,200,Buy,227590239
2024-07-31 10:08:10,23250.0,300,Buy,227590238
2024-07-31 10:08:10,23250.0,7500,Buy,227590235
2024-07-31 10:08:10,23250.0,500,Buy,227590236
2024-07-31 10:08:10,23250.0,1000,Buy,227590237
2024-07-31 10:08:11,23250.0,200,Sell,227590289
2024-07-31 10:08:13,23250.0,300,Sell,227590332
2024-07-31 10:08:13,23250.0,1000,Sell,227590333
2024-07-31 10:08:14,23250.0,500,Buy,227590376
2024-07-31 10:08:17,23250.0,500,Sell,227590414
2024-07-31 10:08:17,23250.0,100,Sell,227590415
2024-07-31 10:08:19,23250.0,900,Sell,227590449
2024-07-31 10:08:19,23250.0,200,Sell,227590450
2024-07-31 10:08:19,23250.0,800,Sell,227590465
2024-07-31 10:08:20,23250.0,400,Buy,227590496
2024-07-31 10:08:33,23250.0,600,Buy,227590759
2024-07-31 10:08:39,23200.0,1100,Sell,227590858
2024-07-31 10:08:40,23250.0,100,Buy,227590864
2024-07-31 10:08:41,23200.0,1000,Sell,227590892
2024-07-31 10:08:46,23200.0,1000,Sell,227590996
2024-07-31 10:08:54,23200.0,1000,Sell,227591165
2024-07-31 10:08:54,23200.0,1000,Sell,227591166
2024-07-31 10:08:59,23200.0,1100,Sell,227591296
2024-07-31 10:09:06,23200.0,1000,Sell,227591426
2024-07-31 10:09:09,23250.0,100,Buy,227591502
2024-07-31 10:09:13,23250.0,400,Buy,227591558
2024-07-31 10:09:19,23200.0,200,Sell,227591681
2024-07-31 10:09:19,23200.0,300,Sell,227591690
2024-07-31 10:09:19,23200.0,800,Sell,227591680
2024-07-31 10:09:19,23200.0,800,Sell,227591689
2024-07-31 10:09:21,23200.0,200,Sell,227591719
2024-07-31 10:09:21,23200.0,100,Sell,227591720
2024-07-31 10:09:21,23200.0,100,Sell,227591721
2024-07-31 10:09:21,23200.0,500,Sell,227591722
2024-07-31 10:09:30,23200.0,500,Sell,227591878
2024-07-31 10:09:30,23200.0,100,Sell,227591879
2024-07-31 10:09:30,23250.0,4000,Buy,227591880
2024-07-31 10:09:32,23200.0,1000,Sell,227591976
2024-07-31 10:09:35,23250.0,200,Buy,227592067
2024-07-31 10:09:36,23200.0,3900,Sell,227592122
2024-07-31 10:09:36,23200.0,200,Sell,227592123
2024-07-31 10:09:36,23200.0,4300,Sell,227592124
2024-07-31 10:09:36,23200.0,200,Sell,227592125
2024-07-31 10:09:36,23200.0,3000,Sell,227592126
2024-07-31 10:09:36,23200.0,500,Sell,227592127
2024-07-31 10:09:40,23200.0,1100,Sell,227592225
2024-07-31 10:09:41,23200.0,1500,Sell,227592265
2024-07-31 10:09:41,23200.0,4000,Sell,227592264
2024-07-31 10:09:41,23200.0,8400,Sell,227592262
2024-07-31 10:09:41,23200.0,3400,Sell,227592263
2024-07-31 10:09:44,23200.0,1000,Sell,227592435
2024-07-31 10:09:48,23200.0,1000,Sell,227592536
2024-07-31 10:09:53,23250.0,3400,Buy,227592613
2024-07-31 10:09:53,23250.0,300,Buy,227592614
2024-07-31 10:09:53,23250.0,1000,Buy,227592615
2024-07-31 10:09:53,23250.0,7600,Buy,227592616
2024-07-31 10:09:53,23250.0,7600,Buy,227592617
2024-07-31 10:09:53,23250.0,100,Buy,227592618
2024-07-31 10:09:53,23250.0,2000,Buy,227592619
2024-07-31 10:09:53,23250.0,2000,Buy,227592620
2024-07-31 10:09:57,23250.0,2000,Buy,227592709
2024-07-31 10:09:57,23200.0,1000,Sell,227592707
2024-07-31 10:09:57,23250.0,500,Buy,227592698
2024-07-31 10:09:59,23250.0,200,Buy,227592724
2024-07-31 10:10:00,23200.0,500,Sell,227592736
2024-07-31 10:10:00,23200.0,100,Sell,227592737
2024-07-31 10:10:00,23200.0,100,Sell,227592738
2024-07-31 10:10:00,23200.0,400,Sell,227592739
2024-07-31 10:10:01,23250.0,1000,Buy,227592751
2024-07-31 10:10:10,23200.0,1000,Sell,227592924
2024-07-31 10:10:13,23250.0,100,Buy,227592980
2024-07-31 10:10:20,23200.0,1100,Sell,227593088
2024-07-31 10:10:21,23200.0,500,Sell,227593123
2024-07-31 10:10:22,23200.0,1000,Sell,227593133
2024-07-31 10:10:35,23200.0,1000,Sell,227593379
2024-07-31 10:10:40,23200.0,500,Sell,227593467
2024-07-31 10:10:40,23200.0,300,Sell,227593468
2024-07-31 10:10:40,23200.0,300,Sell,227593469
2024-07-31 10:10:41,23200.0,700,Sell,227593510
2024-07-31 10:10:41,23200.0,3300,Sell,227593509
2024-07-31 10:10:41,23200.0,700,Sell,227593508
2024-07-31 10:10:41,23200.0,8000,Sell,227593507
2024-07-31 10:10:41,23200.0,2000,Sell,227593506
2024-07-31 10:10:41,23200.0,500,Sell,227593505
2024-07-31 10:10:41,23200.0,2700,Sell,227593503
2024-07-31 10:10:41,23200.0,3400,Sell,227593502
2024-07-31 10:10:41,23200.0,200,Sell,227593501
2024-07-31 10:10:41,23200.0,200,Sell,227593500
2024-07-31 10:10:41,23200.0,200,Sell,227593499
2024-07-31 10:10:41,23200.0,700,Sell,227593498
2024-07-31 10:10:41,23200.0,200,Sell,227593504
2024-07-31 10:10:42,23200.0,1000,Sell,227593612
2024-07-31 10:10:42,23200.0,600,Sell,227593613
2024-07-31 10:10:43,23200.0,500,Sell,227593629
2024-07-31 10:10:48,23200.0,1000,Sell,227593722
2024-07-31 10:11:00,23200.0,1100,Sell,227593971
2024-07-31 10:11:00,23200.0,1000,Sell,227593974
2024-07-31 10:11:01,23200.0,1000,Sell,227593999
2024-07-31 10:11:04,23200.0,400,Sell,227594061
2024-07-31 10:11:08,23200.0,1000,Sell,227594125
2024-07-31 10:11:13,23200.0,1000,Sell,227594245
2024-07-31 10:11:16,23250.0,100,Buy,227594264
2024-07-31 10:11:20,23200.0,1100,Sell,227594412
2024-07-31 10:11:26,23200.0,1000,Sell,227594565
2024-07-31 10:11:34,23200.0,300,Sell,227594732
2024-07-31 10:11:34,23200.0,600,Sell,227594730
2024-07-31 10:11:34,23200.0,100,Sell,227594731
2024-07-31 10:11:38,23200.0,1000,Sell,227594815
2024-07-31 10:11:40,23200.0,1100,Sell,227594848
2024-07-31 10:11:40,23200.0,1600,Sell,227594860
2024-07-31 10:11:40,23200.0,100,Sell,227594861
2024-07-31 10:11:40,23200.0,100,Sell,227594862
2024-07-31 10:11:40,23200.0,3100,Sell,227594863
2024-07-31 10:11:40,23200.0,2400,Sell,227594864
2024-07-31 10:11:40,23200.0,2700,Sell,227594865
2024-07-31 10:11:48,23250.0,200,Buy,227594985
2024-07-31 10:11:51,23200.0,1000,Sell,227595050
2024-07-31 10:11:54,23200.0,300,Sell,227595085
2024-07-31 10:11:54,23200.0,100,Sell,227595086
2024-07-31 10:11:54,23200.0,200,Sell,227595087
2024-07-31 10:12:00,23200.0,1100,Sell,227595200
2024-07-31 10:12:01,23200.0,900,Sell,227595206
2024-07-31 10:12:04,23200.0,1000,Sell,227595322
2024-07-31 10:12:16,23200.0,100,Sell,227595684
2024-07-31 10:12:16,23200.0,100,Sell,227595685
2024-07-31 10:12:16,23200.0,800,Sell,227595686
2024-07-31 10:12:17,23200.0,1200,Sell,227595707
2024-07-31 10:12:19,23250.0,100,Buy,227595734
2024-07-31 10:12:20,23200.0,1000,Sell,227595760
2024-07-31 10:12:20,23200.0,100,Sell,227595761
2024-07-31 10:12:26,23200.0,800,Sell,227595913
2024-07-31 10:12:26,23200.0,1000,Sell,227595912
2024-07-31 10:12:26,23200.0,500,Sell,227595911
2024-07-31 10:12:26,23200.0,300,Sell,227595910
2024-07-31 10:12:26,23200.0,1000,Sell,227595908
2024-07-31 10:12:26,23200.0,5000,Sell,227595907
2024-07-31 10:12:26,23200.0,800,Sell,227595909
2024-07-31 10:12:26,23200.0,2400,Sell,227595905
2024-07-31 10:12:26,23200.0,3000,Sell,227595899
2024-07-31 10:12:26,23200.0,600,Sell,227595900
2024-07-31 10:12:26,23200.0,4000,Sell,227595901
2024-07-31 10:12:26,23200.0,100,Sell,227595906
2024-07-31 10:12:26,23200.0,200,Sell,227595903
2024-07-31 10:12:26,23200.0,100,Sell,227595904
2024-07-31 10:12:26,23200.0,200,Sell,227595902
2024-07-31 10:12:28,23200.0,200,Sell,227595938
2024-07-31 10:12:28,23200.0,800,Sell,227595939
2024-07-31 10:12:29,23200.0,200,Sell,227595955
2024-07-31 10:12:29,23200.0,800,Sell,227595956
2024-07-31 10:12:30,23200.0,100,Sell,227595980
2024-07-31 10:12:38,23250.0,200,Buy,227596183
2024-07-31 10:12:41,23200.0,600,Sell,227596207
2024-07-31 10:12:41,23200.0,500,Sell,227596208
2024-07-31 10:12:42,23200.0,1000,Sell,227596222
2024-07-31 10:12:51,23200.0,100,Sell,227596377
2024-07-31 10:12:54,23200.0,1000,Sell,227596425
2024-07-31 10:12:55,23200.0,1000,Sell,227596436
2024-07-31 10:13:01,23200.0,700,Sell,227596517
2024-07-31 10:13:01,23200.0,400,Sell,227596518
2024-07-31 10:13:06,23200.0,500,Sell,227596606
2024-07-31 10:13:06,23200.0,100,Sell,227596605
2024-07-31 10:13:07,23200.0,500,Sell,227596621
2024-07-31 10:13:07,23200.0,500,Sell,227596620
2024-07-31 10:13:17,23200.0,2500,Sell,227596788
2024-07-31 10:13:17,23200.0,500,Sell,227596789
2024-07-31 10:13:17,23200.0,1000,Sell,227596790
2024-07-31 10:13:17,23200.0,1000,Sell,227596791
2024-07-31 10:13:17,23200.0,200,Sell,227596792
2024-07-31 10:13:17,23200.0,600,Sell,227596793
2024-07-31 10:13:17,23200.0,3100,Sell,227596794
2024-07-31 10:13:17,23200.0,1100,Sell,227596795
2024-07-31 10:13:20,23200.0,1000,Sell,227596883
2024-07-31 10:13:21,23200.0,1100,Sell,227596897
2024-07-31 10:13:21,23200.0,1000,Sell,227596918
2024-07-31 10:13:22,23250.0,100,Buy,227596975
2024-07-31 10:13:32,23200.0,200,Sell,227597139
2024-07-31 10:13:32,23200.0,800,Sell,227597138
2024-07-31 10:13:36,23250.0,1000,Buy,227597215
2024-07-31 10:13:41,23200.0,100,Sell,227597347
2024-07-31 10:13:41,23200.0,100,Sell,227597348
2024-07-31 10:13:41,23200.0,900,Sell,227597349
2024-07-31 10:13:45,23200.0,1000,Sell,227597428
2024-07-31 10:13:48,23200.0,100,Sell,227597465
2024-07-31 10:13:48,23200.0,500,Sell,227597466
2024-07-31 10:13:48,23200.0,400,Sell,227597467
2024-07-31 10:13:50,23200.0,200,Sell,227597495
2024-07-31 10:13:56,23200.0,400,Sell,227597652
2024-07-31 10:13:57,23250.0,1000,Buy,227597693
2024-07-31 10:13:58,23200.0,1000,Sell,227597699
2024-07-31 10:14:01,23200.0,300,Sell,227597748
2024-07-31 10:14:01,23200.0,300,Sell,227597750
2024-07-31 10:14:01,23200.0,400,Sell,227597747
2024-07-31 10:14:01,23200.0,100,Sell,227597749
2024-07-31 10:14:10,23200.0,1000,Sell,227597942
2024-07-31 10:14:15,23200.0,1000,Sell,227598026
2024-07-31 10:14:18,23200.0,600,Sell,227598060
2024-07-31 10:14:21,23200.0,1100,Sell,227598147
2024-07-31 10:14:23,23200.0,100,Sell,227598180
2024-07-31 10:14:23,23200.0,100,Sell,227598181
2024-07-31 10:14:23,23200.0,500,Sell,227598182
2024-07-31 10:14:23,23200.0,300,Sell,227598183
2024-07-31 10:14:25,23250.0,100,Buy,227598219
2024-07-31 10:14:36,23200.0,300,Sell,227598519
2024-07-31 10:14:36,23200.0,100,Sell,227598520
2024-07-31 10:14:36,23200.0,600,Sell,227598521
2024-07-31 10:14:38,23200.0,400,Sell,227598559
2024-07-31 10:14:38,23200.0,200,Sell,227598560
2024-07-31 10:14:41,23200.0,1000,Sell,227598619
2024-07-31 10:14:41,23200.0,1100,Sell,227598621
2024-07-31 10:14:48,23200.0,1000,Sell,227598748
2024-07-31 10:15:01,23200.0,1000,Sell,227598978
2024-07-31 10:15:01,23200.0,1100,Sell,227598979
2024-07-31 10:15:08,23200.0,900,Sell,227599164
2024-07-31 10:15:11,23200.0,1700,Sell,227599236
2024-07-31 10:15:11,23200.0,200,Sell,227599235
2024-07-31 10:15:11,23200.0,200,Sell,227599234
2024-07-31 10:15:11,23200.0,5000,Sell,227599233
2024-07-31 10:15:11,23200.0,1000,Sell,227599232
2024-07-31 10:15:11,23200.0,100,Sell,227599229
2024-07-31 10:15:11,23200.0,100,Sell,227599230
2024-07-31 10:15:11,23200.0,3000,Sell,227599228
2024-07-31 10:15:11,23200.0,500,Sell,227599227
2024-07-31 10:15:11,23200.0,4000,Sell,227599226
2024-07-31 10:15:11,23200.0,3700,Sell,227599225
2024-07-31 10:15:11,23200.0,500,Sell,227599231
2024-07-31 10:15:14,23200.0,1000,Sell,227599313
2024-07-31 10:15:21,23200.0,1100,Sell,227599487
2024-07-31 10:15:26,23200.0,500,Sell,227599609
2024-07-31 10:15:26,23200.0,500,Sell,227599610
2024-07-31 10:15:29,23250.0,100,Buy,227599649
2024-07-31 10:15:33,23250.0,1000,Buy,227599705
2024-07-31 10:15:39,23200.0,800,Sell,227599853
2024-07-31 10:15:39,23200.0,200,Sell,227599852
2024-07-31 10:15:42,23200.0,200,Sell,227599961
2024-07-31 10:15:42,23200.0,900,Sell,227599962
2024-07-31 10:15:52,23200.0,1000,Sell,227600159
2024-07-31 10:15:52,23200.0,500,Sell,227600166
2024-07-31 10:16:01,23200.0,1000,Sell,227600308
2024-07-31 10:16:02,23200.0,1100,Sell,227600313
2024-07-31 10:16:03,23250.0,20000,Buy,227600332
2024-07-31 10:16:04,23200.0,200,Sell,227600365
2024-07-31 10:16:04,23200.0,100,Sell,227600364
2024-07-31 10:16:04,23200.0,500,Sell,227600363
2024-07-31 10:16:04,23200.0,200,Sell,227600362
2024-07-31 10:16:08,23250.0,700,Buy,227600414
2024-07-31 10:16:08,23250.0,300,Buy,227600413
2024-07-31 10:16:15,23200.0,600,Sell,227600600
2024-07-31 10:16:15,23200.0,100,Sell,227600601
2024-07-31 10:16:15,23200.0,200,Sell,227600602
2024-07-31 10:16:15,23200.0,500,Sell,227600603
2024-07-31 10:16:15,23200.0,3600,Sell,227600604
2024-07-31 10:16:17,23200.0,1000,Sell,227600677
2024-07-31 10:16:22,23200.0,1100,Sell,227600772
2024-07-31 10:16:28,23200.0,1000,Sell,227600969
2024-07-31 10:16:30,23200.0,1000,Sell,227601064
2024-07-31 10:16:32,23250.0,100,Buy,227601113
2024-07-31 10:16:32,23200.0,1000,Sell,227601108
2024-07-31 10:16:35,23200.0,1300,Sell,227601174
2024-07-31 10:16:35,23200.0,3100,Sell,227601175
2024-07-31 10:16:35,23200.0,1000,Sell,227601176
2024-07-31 10:16:35,23200.0,4600,Sell,227601177
2024-07-31 10:16:42,23200.0,900,Sell,227601337
2024-07-31 10:16:42,23200.0,1100,Sell,227601341
2024-07-31 10:16:42,23200.0,1000,Sell,227601344
2024-07-31 10:16:43,23200.0,600,Sell,227601369
2024-07-31 10:16:50,23200.0,5000,Sell,227601545
2024-07-31 10:16:51,23200.0,1500,Sell,227601569
2024-07-31 10:16:55,23200.0,1000,Sell,227601636
2024-07-31 10:16:55,23200.0,1000,Sell,227601637
2024-07-31 10:17:02,23200.0,1100,Sell,227601749
2024-07-31 10:17:03,23200.0,700,Sell,227601776
2024-07-31 10:17:08,23200.0,1000,Sell,227601834
2024-07-31 10:17:14,23250.0,1000,Buy,227601949
2024-07-31 10:17:16,23250.0,100,Buy,227602014
2024-07-31 10:17:16,23250.0,500,Buy,227602015
2024-07-31 10:17:16,23250.0,10000,Buy,227602016
2024-07-31 10:17:16,23250.0,5500,Buy,227602017
2024-07-31 10:17:16,23250.0,1000,Buy,227602018
2024-07-31 10:17:16,23250.0,1000,Buy,227602019
2024-07-31 10:17:16,23250.0,1000,Buy,227602013
2024-07-31 10:17:16,23250.0,1000,Buy,227602020
2024-07-31 10:17:16,23250.0,600,Buy,227602023
2024-07-31 10:17:16,23250.0,1000,Buy,227602022
2024-07-31 10:17:16,23250.0,1000,Buy,227602024
2024-07-31 10:17:16,23250.0,2000,Buy,227602025
2024-07-31 10:17:16,23250.0,600,Buy,227602026
2024-07-31 10:17:16,23250.0,5500,Buy,227602027
2024-07-31 10:17:16,23250.0,3000,Buy,227602028
2024-07-31 10:17:16,23250.0,3000,Buy,227602029
2024-07-31 10:17:16,23250.0,45600,Buy,227602030
2024-07-31 10:17:16,23250.0,1000,Buy,227602021
2024-07-31 10:17:16,23250.0,200,Buy,227602012
2024-07-31 10:17:16,23250.0,1000,Buy,227602002
2024-07-31 10:17:16,23250.0,10000,Buy,227602010
2024-07-31 10:17:16,23250.0,7600,Buy,227602011
2024-07-31 10:17:16,23250.0,3700,Buy,227601991
2024-07-31 10:17:16,23250.0,300,Buy,227601992
2024-07-31 10:17:16,23250.0,500,Buy,227601993
2024-07-31 10:17:16,23250.0,7600,Buy,227601994
2024-07-31 10:17:16,23250.0,500,Buy,227601995
2024-07-31 10:17:16,23250.0,300,Buy,227601996
2024-07-31 10:17:16,23250.0,100,Buy,227601997
2024-07-31 10:17:16,23250.0,300,Buy,227601998
2024-07-31 10:17:16,23250.0,7600,Buy,227602000
2024-07-31 10:17:16,23250.0,7600,Buy,227602009
2024-07-31 10:17:16,23250.0,300,Buy,227602001
2024-07-31 10:17:16,23250.0,900,Buy,227602003
2024-07-31 10:17:16,23250.0,7600,Buy,227602004
2024-07-31 10:17:16,23250.0,100,Buy,227602005
2024-07-31 10:17:16,23250.0,300,Buy,227602006
2024-07-31 10:17:16,23250.0,10000,Buy,227602007
2024-07-31 10:17:16,23250.0,100,Buy,227602008
2024-07-31 10:17:16,23250.0,50000,Buy,227601999
2024-07-31 10:17:20,23200.0,1000,Sell,227602200
2024-07-31 10:17:21,23200.0,1000,Sell,227602210
2024-07-31 10:17:22,23200.0,1100,Sell,227602278
2024-07-31 10:17:23,23250.0,500,Buy,227602288
2024-07-31 10:17:33,23200.0,1000,Sell,227602536
2024-07-31 10:17:35,23250.0,100,Buy,227602563
2024-07-31 10:17:40,23250.0,5000,Buy,227602631
2024-07-31 10:17:42,23200.0,1100,Sell,227602650
2024-07-31 10:17:46,23200.0,1000,Sell,227602730
2024-07-31 10:17:48,23200.0,900,Sell,227602755
2024-07-31 10:17:48,23250.0,5000,Buy,227602756
2024-07-31 10:17:56,23250.0,10000,Buy,227602898
2024-07-31 10:17:58,23200.0,1000,Sell,227602915
2024-07-31 10:18:02,23200.0,1100,Sell,227602998
2024-07-31 10:18:11,23200.0,1000,Sell,227603180
2024-07-31 10:18:13,23200.0,100,Sell,227603234
2024-07-31 10:18:15,23200.0,100,Sell,227603254
2024-07-31 10:18:15,23200.0,1000,Sell,227603263
2024-07-31 10:18:23,23200.0,1100,Sell,227603422
2024-07-31 10:18:24,23200.0,1000,Sell,227603467
2024-07-31 10:18:24,23200.0,100,Sell,227603457
2024-07-31 10:18:36,23200.0,900,Sell,227603686
2024-07-31 10:18:36,23200.0,100,Sell,227603687
2024-07-31 10:18:39,23250.0,100,Buy,227603757
2024-07-31 10:18:39,23250.0,400,Buy,227603777
2024-07-31 10:18:42,23250.0,2300,Buy,227603844
2024-07-31 10:18:42,23250.0,100,Buy,227603843
2024-07-31 10:18:42,23250.0,200,Buy,227603842
2024-07-31 10:18:42,23250.0,500,Buy,227603840
2024-07-31 10:18:42,23250.0,3000,Buy,227603839
2024-07-31 10:18:42,23250.0,600,Buy,227603841
2024-07-31 10:18:42,23250.0,3300,Buy,227603838
2024-07-31 10:18:43,23200.0,1100,Sell,227603851
2024-07-31 10:18:46,23250.0,2700,Buy,227603903
2024-07-31 10:18:46,23250.0,100,Buy,227603904
2024-07-31 10:18:46,23250.0,2000,Buy,227603905
2024-07-31 10:18:46,23250.0,100,Buy,227603906
2024-07-31 10:18:46,23250.0,3100,Buy,227603907
2024-07-31 10:18:46,23250.0,600,Buy,227603914
2024-07-31 10:18:46,23250.0,500,Buy,227603915
2024-07-31 10:18:46,23250.0,500,Buy,227603916
2024-07-31 10:18:46,23250.0,1900,Buy,227603913
2024-07-31 10:18:49,23200.0,600,Sell,227603974
2024-07-31 10:18:49,23200.0,400,Sell,227603975
2024-07-31 10:19:01,23200.0,900,Sell,227604226
2024-07-31 10:19:01,23200.0,100,Sell,227604225
2024-07-31 10:19:03,23200.0,1100,Sell,227604251
2024-07-31 10:19:06,23250.0,1000,Buy,227604293
2024-07-31 10:19:06,23250.0,1000,Buy,227604294
2024-07-31 10:19:06,23250.0,500,Buy,227604295
2024-07-31 10:19:06,23250.0,500,Buy,227604292
2024-07-31 10:19:07,23250.0,600,Sell,227604301
2024-07-31 10:19:08,23250.0,1500,Sell,227604335
2024-07-31 10:19:08,23250.0,1000,Sell,227604343
2024-07-31 10:19:13,23250.0,12100,Sell,227604403
2024-07-31 10:19:14,23250.0,1000,Sell,227604464
2024-07-31 10:19:23,23250.0,1100,Sell,227604662
2024-07-31 10:19:23,23250.0,2000,Sell,227604674
2024-07-31 10:19:24,23250.0,500,Sell,227604680
2024-07-31 10:19:27,23250.0,1000,Sell,227604738
2024-07-31 10:19:29,23250.0,400,Sell,227604780
2024-07-31 10:19:31,23250.0,5000,Sell,227604832
2024-07-31 10:19:32,23250.0,100,Sell,227604847
2024-07-31 10:19:32,23250.0,800,Sell,227604846
2024-07-31 10:19:39,23200.0,1000,Sell,227604999
2024-07-31 10:19:42,23250.0,100,Buy,227605035
2024-07-31 10:19:43,23200.0,1100,Sell,227605048
2024-07-31 10:19:52,23200.0,1000,Sell,227605184
2024-07-31 10:20:02,23200.0,900,Sell,227605381
2024-07-31 10:20:02,23200.0,100,Sell,227605382
2024-07-31 10:20:03,23200.0,1100,Sell,227605398
2024-07-31 10:20:05,23200.0,1000,Sell,227605448
2024-07-31 10:20:09,23250.0,4000,Buy,227605501
2024-07-31 10:20:09,23250.0,5000,Buy,227605502
2024-07-31 10:20:09,23250.0,400,Buy,227605503
2024-07-31 10:20:09,23250.0,1000,Buy,227605504
2024-07-31 10:20:09,23250.0,2000,Buy,227605505
2024-07-31 10:20:09,23250.0,7600,Buy,227605506
2024-07-31 10:20:14,23250.0,500,Sell,227605608
2024-07-31 10:20:14,23250.0,100,Buy,227605607
2024-07-31 10:20:14,23250.0,1000,Buy,227605605
2024-07-31 10:20:14,23250.0,2400,Buy,227605602
2024-07-31 10:20:14,23250.0,3000,Buy,227605606
2024-07-31 10:20:14,23250.0,1000,Buy,227605604
2024-07-31 10:20:16,23250.0,10000,Sell,227605639
2024-07-31 10:20:17,23250.0,1000,Sell,227605660
2024-07-31 10:20:19,23250.0,600,Sell,227605679
2024-07-31 10:20:23,23250.0,1100,Sell,227605798
2024-07-31 10:20:24,23250.0,500,Sell,227605807
2024-07-31 10:20:28,23250.0,900,Sell,227605903
2024-07-31 10:20:28,23250.0,500,Sell,227605902
2024-07-31 10:20:28,23250.0,1000,Sell,227605905
2024-07-31 10:20:30,23250.0,500,Sell,227605921
2024-07-31 10:20:30,23250.0,1000,Sell,227605926
2024-07-31 10:20:33,23250.0,4900,Sell,227606006
2024-07-31 10:20:33,23250.0,100,Sell,227606007
2024-07-31 10:20:34,23250.0,100,Sell,227606040
2024-07-31 10:20:36,23250.0,500,Sell,227606066
2024-07-31 10:20:43,23250.0,1100,Sell,227606181
2024-07-31 10:20:43,23250.0,1000,Sell,227606177
2024-07-31 10:20:44,23250.0,1800,Sell,227606197
2024-07-31 10:20:44,23250.0,100,Sell,227606198
2024-07-31 10:20:44,23250.0,100,Sell,227606199
2024-07-31 10:20:44,23250.0,400,Sell,227606194
2024-07-31 10:20:45,23300.0,100,Buy,227606217
2024-07-31 10:20:55,23200.0,100,Sell,227606418
2024-07-31 10:20:55,23200.0,900,Sell,227606419
2024-07-31 10:20:55,23250.0,100,Buy,227606425
2024-07-31 10:21:02,23250.0,1400,Buy,227606535
2024-07-31 10:21:04,23200.0,500,Sell,227606561
