time,price,volume,match_type,id
2024-08-29 09:14:58,68900.0,24900,ATO/ATC,235599555
2024-08-29 09:15:03,68900.0,300,Buy,235599803
2024-08-29 09:15:03,68900.0,100,Buy,235599807
2024-08-29 09:15:20,68900.0,100,Buy,235600018
2024-08-29 09:15:22,68900.0,100,Buy,235600041
2024-08-29 09:15:22,68900.0,400,Buy,235600040
2024-08-29 09:15:22,68900.0,2000,Buy,235600042
2024-08-29 09:15:44,68900.0,19900,Buy,235600321
2024-08-29 09:15:47,68900.0,200,Buy,235600364
2024-08-29 09:15:56,68900.0,100,Buy,235600537
2024-08-29 09:15:57,68900.0,500,Buy,235600546
2024-08-29 09:16:03,68900.0,2000,Buy,235600655
2024-08-29 09:16:05,68900.0,1900,Buy,235600672
2024-08-29 09:16:05,68900.0,500,Buy,235600673
2024-08-29 09:16:25,68900.0,1500,Sell,235601017
2024-08-29 09:16:51,69300.0,400,Buy,235601487
2024-08-29 09:17:17,69300.0,300,Buy,235601937
2024-08-29 09:17:40,69200.0,200,Buy,235602410
2024-08-29 09:17:40,69200.0,1500,Buy,235602411
2024-08-29 09:17:42,69200.0,5200,Buy,235602438
2024-08-29 09:18:00,69200.0,100,Buy,235602774
2024-08-29 09:18:17,69000.0,300,Sell,235603092
2024-08-29 09:18:32,69200.0,400,Buy,235603406
2024-08-29 09:18:58,69200.0,100,Buy,235603890
2024-08-29 09:19:05,69200.0,100,Buy,235604047
2024-08-29 09:19:31,69100.0,500,Sell,235604620
2024-08-29 09:19:47,69100.0,100,Sell,235605021
2024-08-29 09:19:49,69200.0,16000,Buy,235605080
2024-08-29 09:19:57,69200.0,5000,Buy,235605282
2024-08-29 09:19:57,69200.0,200,Buy,235605283
2024-08-29 09:20:09,69200.0,100,Sell,235605597
2024-08-29 09:20:13,69300.0,100,Buy,235605675
2024-08-29 09:20:15,69300.0,100,Buy,235605727
2024-08-29 09:20:15,69300.0,1000,Buy,235605728
2024-08-29 09:20:15,69200.0,100,Sell,235605721
2024-08-29 09:20:15,69300.0,1200,Buy,235605726
2024-08-29 09:20:28,69300.0,400,Sell,235606009
2024-08-29 09:20:28,69300.0,2000,Sell,235606019
2024-08-29 09:20:28,69300.0,500,Sell,235606020
2024-08-29 09:20:29,69300.0,500,Buy,235606025
2024-08-29 09:20:39,69400.0,100,Buy,235606229
2024-08-29 09:21:01,69400.0,1100,Buy,235606710
2024-08-29 09:21:02,69300.0,1500,Sell,235606730
2024-08-29 09:21:02,69300.0,3200,Sell,235606731
2024-08-29 09:21:07,69300.0,200,Buy,235606835
2024-08-29 09:21:15,69300.0,2000,Buy,235607000
2024-08-29 09:21:24,69300.0,500,Buy,235607124
2024-08-29 09:21:27,69200.0,3000,Sell,235607200
2024-08-29 09:21:44,69300.0,100,Buy,235607595
2024-08-29 09:21:47,69300.0,300,Buy,235607642
2024-08-29 09:21:50,69300.0,400,Buy,235607711
2024-08-29 09:21:51,69200.0,700,Sell,235607744
2024-08-29 09:22:13,69200.0,500,Sell,235608273
2024-08-29 09:22:16,69300.0,2200,Buy,235608335
2024-08-29 09:22:20,69200.0,500,Sell,235608398
2024-08-29 09:22:29,69200.0,6000,Sell,235608605
2024-08-29 09:22:35,69200.0,400,Sell,235608775
2024-08-29 09:22:44,69200.0,1000,Sell,235608940
2024-08-29 09:22:45,69200.0,100,Sell,235608955
2024-08-29 09:22:49,69200.0,6000,Sell,235609039
2024-08-29 09:22:51,69200.0,300,Sell,235609083
2024-08-29 09:22:55,69200.0,400,Sell,235609152
2024-08-29 09:22:59,69300.0,8000,Buy,235609421
2024-08-29 09:23:15,69200.0,400,Sell,235609803
2024-08-29 09:23:31,69200.0,100,Sell,235610198
2024-08-29 09:23:31,69100.0,1400,Sell,235610202
2024-08-29 09:23:31,69100.0,300,Sell,235610201
2024-08-29 09:23:31,69200.0,20600,Sell,235610197
2024-08-29 09:23:31,69200.0,500,Sell,235610199
2024-08-29 09:23:31,69200.0,1100,Sell,235610200
2024-08-29 09:23:35,69100.0,1300,Sell,235610249
2024-08-29 09:23:58,69200.0,100,Buy,235610838
2024-08-29 09:24:02,69200.0,300,Buy,235610984
2024-08-29 09:24:19,69200.0,100,Buy,235611554
2024-08-29 09:24:25,69200.0,200,Buy,235611728
2024-08-29 09:24:46,69100.0,200,Sell,235612429
2024-08-29 09:24:46,69100.0,100,Sell,235612428
2024-08-29 09:24:46,69100.0,100,Sell,235612426
2024-08-29 09:24:46,69100.0,1300,Sell,235612425
2024-08-29 09:24:46,69100.0,500,Sell,235612427
2024-08-29 09:24:55,69000.0,200,Sell,235612691
2024-08-29 09:24:57,69000.0,500,Sell,235612772
2024-08-29 09:25:17,69000.0,10000,Sell,235613412
2024-08-29 09:25:20,69000.0,100,Sell,235613520
2024-08-29 09:25:24,69100.0,4500,Buy,235613648
2024-08-29 09:25:35,69000.0,800,Sell,235613925
2024-08-29 09:25:40,69000.0,6000,Sell,235614148
2024-08-29 09:25:55,69000.0,300,Sell,235614552
2024-08-29 09:25:57,69100.0,100,Buy,235614581
2024-08-29 09:26:18,69100.0,300,Buy,235615264
2024-08-29 09:26:26,69000.0,1000,Sell,235615478
2024-08-29 09:26:42,69000.0,900,Sell,235615904
2024-08-29 09:26:47,69000.0,6000,Sell,235616069
2024-08-29 09:26:55,69000.0,400,Sell,235616214
2024-08-29 09:26:56,69000.0,5000,Sell,235616231
2024-08-29 09:27:15,69000.0,300,Sell,235616647
2024-08-29 09:27:23,69000.0,500,Sell,235616868
2024-08-29 09:27:32,69000.0,1600,Sell,235617040
2024-08-29 09:27:32,69000.0,500,Sell,235617041
2024-08-29 09:27:32,69000.0,200,Sell,235617042
2024-08-29 09:27:32,69000.0,100,Sell,235617043
2024-08-29 09:27:32,69000.0,200,Sell,235617044
2024-08-29 09:27:32,69000.0,500,Sell,235617045
2024-08-29 09:27:32,69000.0,1000,Sell,235617046
2024-08-29 09:27:32,69000.0,400,Sell,235617047
2024-08-29 09:27:35,69000.0,200,Sell,235617126
2024-08-29 09:27:35,69000.0,3000,Sell,235617103
2024-08-29 09:27:47,69000.0,100,Sell,235617426
2024-08-29 09:27:49,69000.0,1300,Sell,235617513
2024-08-29 09:27:49,69000.0,2000,Sell,235617514
2024-08-29 09:27:49,69000.0,2700,Sell,235617515
2024-08-29 09:27:55,69000.0,300,Sell,235617667
2024-08-29 09:27:55,69000.0,200,Sell,235617668
2024-08-29 09:27:56,69000.0,100,Sell,235617681
2024-08-29 09:28:00,69000.0,100,Sell,235617764
2024-08-29 09:28:06,69000.0,100,Sell,235617882
2024-08-29 09:28:06,69000.0,200,Sell,235617883
2024-08-29 09:28:38,69000.0,700,Sell,235618632
2024-08-29 09:28:38,69000.0,100,Sell,235618629
2024-08-29 09:28:38,69000.0,300,Sell,235618631
2024-08-29 09:28:38,69000.0,100,Sell,235618630
2024-08-29 09:28:38,69000.0,300,Sell,235618626
2024-08-29 09:28:38,69000.0,400,Sell,235618628
2024-08-29 09:28:38,69000.0,100,Sell,235618627
2024-08-29 09:28:49,69000.0,700,Sell,235618921
2024-08-29 09:28:49,69000.0,10000,Sell,235618922
2024-08-29 09:28:55,69000.0,700,Sell,235619043
2024-08-29 09:29:01,69000.0,1100,Sell,235619152
2024-08-29 09:29:15,69000.0,100,Sell,235619499
2024-08-29 09:29:16,69000.0,6000,Sell,235619529
2024-08-29 09:29:23,69000.0,1200,Sell,235619687
2024-08-29 09:29:24,69000.0,400,Sell,235619695
2024-08-29 09:29:26,69000.0,500,Sell,235619817
2024-08-29 09:29:26,69000.0,1000,Sell,235619818
2024-08-29 09:29:28,69000.0,100,Sell,235619861
2024-08-29 09:29:28,69000.0,300,Sell,235619862
2024-08-29 09:29:35,69000.0,300,Sell,235620018
2024-08-29 09:29:35,69000.0,200,Sell,235620017
2024-08-29 09:29:39,69000.0,100,Sell,235620117
2024-08-29 09:29:39,69000.0,100,Sell,235620116
2024-08-29 09:29:47,69000.0,200,Sell,235620285
2024-08-29 09:29:47,69000.0,300,Sell,235620286
2024-08-29 09:30:27,69000.0,300,Sell,235620990
2024-08-29 09:30:27,69000.0,100,Sell,235620991
2024-08-29 09:30:27,69000.0,200,Sell,235620992
2024-08-29 09:30:27,69000.0,100,Sell,235620993
2024-08-29 09:30:27,69000.0,200,Sell,235620994
2024-08-29 09:30:28,69100.0,1100,Buy,235621006
2024-08-29 09:30:28,69100.0,1700,Buy,235621007
2024-08-29 09:30:32,69000.0,1400,Sell,235621075
2024-08-29 09:30:35,69000.0,300,Sell,235621122
2024-08-29 09:30:51,69100.0,100,Buy,235621375
2024-08-29 09:30:56,69100.0,12800,Buy,235621679
2024-08-29 09:30:56,69100.0,500,Buy,235621678
2024-08-29 09:30:56,69100.0,500,Buy,235621677
2024-08-29 09:30:56,69100.0,2000,Buy,235621676
2024-08-29 09:30:56,69100.0,200,Buy,235621670
2024-08-29 09:30:56,69100.0,2000,Buy,235621674
2024-08-29 09:30:56,69100.0,2000,Buy,235621673
2024-08-29 09:30:56,69100.0,2000,Buy,235621672
2024-08-29 09:30:56,69100.0,1000,Buy,235621671
2024-08-29 09:30:56,69100.0,6000,Buy,235621675
2024-08-29 09:30:57,69100.0,300,Buy,235621692
2024-08-29 09:31:15,69000.0,1500,Sell,235622189
2024-08-29 09:31:28,69100.0,100,Buy,235622456
2024-08-29 09:31:35,69100.0,1000,Buy,235622772
2024-08-29 09:31:35,69000.0,100,Sell,235622794
2024-08-29 09:31:38,69000.0,1000,Sell,235622826
2024-08-29 09:31:46,69100.0,100,Buy,235623041
2024-08-29 09:32:06,69100.0,200,Buy,235623505
2024-08-29 09:32:10,69100.0,700,Buy,235623651
2024-08-29 09:32:10,69100.0,200,Buy,235623652
2024-08-29 09:32:10,69100.0,100,Buy,235623653
2024-08-29 09:32:10,69100.0,100,Buy,235623654
2024-08-29 09:32:10,69100.0,3600,Buy,235623655
2024-08-29 09:32:10,69100.0,1000,Buy,235623656
2024-08-29 09:32:10,69100.0,200,Buy,235623657
2024-08-29 09:32:10,69100.0,300,Buy,235623658
2024-08-29 09:32:13,69100.0,400,Sell,235623696
2024-08-29 09:32:17,69100.0,400,Buy,235623755
2024-08-29 09:32:35,69100.0,200,Sell,235624293
2024-08-29 09:33:07,69100.0,100,Sell,235625119
2024-08-29 09:33:34,69100.0,800,Sell,235625670
2024-08-29 09:33:34,69100.0,100,Sell,235625671
2024-08-29 09:33:34,69100.0,100,Sell,235625672
2024-08-29 09:33:34,69100.0,300,Sell,235625673
2024-08-29 09:33:34,69100.0,2000,Sell,235625674
2024-08-29 09:33:36,69100.0,200,Sell,235625698
2024-08-29 09:33:59,69100.0,500,Sell,235626245
2024-08-29 09:34:11,69100.0,500,Sell,235626568
2024-08-29 09:34:12,69100.0,300,Sell,235626573
2024-08-29 09:34:15,69100.0,100,Sell,235626645
2024-08-29 09:34:35,69100.0,100,Sell,235627075
2024-08-29 09:35:20,69100.0,4800,Sell,235628258
2024-08-29 09:35:27,69100.0,200,Sell,235628415
2024-08-29 09:35:36,69100.0,200,Sell,235628603
2024-08-29 09:35:43,69100.0,100,Sell,235628732
2024-08-29 09:35:50,69200.0,300,Buy,235628920
2024-08-29 09:35:50,69200.0,100,Buy,235628921
2024-08-29 09:35:50,69200.0,500,Buy,235628922
2024-08-29 09:35:50,69200.0,1100,Buy,235628923
2024-08-29 09:35:56,69100.0,100,Sell,235629044
2024-08-29 09:36:09,69100.0,100,Sell,235629329
2024-08-29 09:36:16,69200.0,300,Buy,235629538
2024-08-29 09:36:36,69100.0,100,Sell,235629911
2024-08-29 09:36:54,69100.0,500,Sell,235630340
2024-08-29 09:38:09,69100.0,100,Sell,235631872
2024-08-29 09:38:09,69100.0,300,Sell,235631873
2024-08-29 09:38:09,69100.0,200,Sell,235631870
2024-08-29 09:38:09,69100.0,100,Sell,235631871
2024-08-29 09:38:16,69200.0,100,Buy,235631997
2024-08-29 09:39:09,69100.0,300,Sell,235633005
2024-08-29 09:39:22,69200.0,200,Buy,235633293
2024-08-29 09:39:32,69100.0,100,Sell,235633451
2024-08-29 09:39:36,69100.0,100,Sell,235633542
2024-08-29 09:39:48,69100.0,1000,Sell,235633797
2024-08-29 09:39:57,69100.0,200,Sell,235634010
2024-08-29 09:39:57,69100.0,1000,Sell,235634011
2024-08-29 09:39:57,69100.0,200,Sell,235634012
2024-08-29 09:40:06,69100.0,100,Sell,235634171
2024-08-29 09:40:06,69100.0,500,Sell,235634172
2024-08-29 09:40:06,69100.0,400,Sell,235634173
2024-08-29 09:40:16,69100.0,100,Sell,235634406
2024-08-29 09:40:16,69200.0,100,Buy,235634401
2024-08-29 09:40:19,69100.0,200,Sell,235634466
2024-08-29 09:40:19,69100.0,100,Sell,235634467
2024-08-29 09:40:19,69100.0,1000,Sell,235634468
2024-08-29 09:40:36,69100.0,100,Sell,235634949
2024-08-29 09:40:36,69100.0,100,Sell,235634950
2024-08-29 09:40:41,69100.0,1300,Sell,235635183
2024-08-29 09:40:48,69100.0,200,Sell,235635334
2024-08-29 09:40:54,69100.0,100,Sell,235635467
2024-08-29 09:40:56,69100.0,100,Sell,235635509
2024-08-29 09:41:02,69100.0,1300,Sell,235635624
2024-08-29 09:41:08,69100.0,800,Sell,235635833
2024-08-29 09:41:11,69100.0,500,Sell,235635905
2024-08-29 09:41:11,69100.0,100,Sell,235635904
2024-08-29 09:41:11,69100.0,100,Sell,235635903
2024-08-29 09:41:11,69100.0,300,Sell,235635902
2024-08-29 09:41:11,69100.0,100,Sell,235635900
2024-08-29 09:41:11,69100.0,200,Sell,235635901
2024-08-29 09:41:11,69100.0,2700,Sell,235635899
2024-08-29 09:41:14,69100.0,300,Sell,235636007
2024-08-29 09:41:14,69100.0,1800,Sell,235636005
2024-08-29 09:41:14,69100.0,300,Sell,235636006
2024-08-29 09:41:16,69100.0,200,Sell,235636071
2024-08-29 09:41:16,69100.0,200,Sell,235636072
2024-08-29 09:41:24,69100.0,600,Sell,235636253
2024-08-29 09:41:24,69100.0,800,Sell,235636250
2024-08-29 09:41:24,69100.0,100,Sell,235636251
2024-08-29 09:41:24,69100.0,400,Sell,235636252
2024-08-29 09:41:36,69000.0,100,Sell,235636670
2024-08-29 09:41:45,69000.0,1300,Sell,235636839
2024-08-29 09:41:50,69100.0,400,Buy,235636955
2024-08-29 09:41:50,69100.0,2100,Buy,235636956
2024-08-29 09:41:56,69000.0,200,Sell,235637088
2024-08-29 09:42:07,69000.0,1300,Sell,235637353
2024-08-29 09:42:16,69000.0,100,Sell,235637472
2024-08-29 09:42:29,69000.0,1300,Sell,235637777
2024-08-29 09:42:32,69000.0,100,Sell,235637834
2024-08-29 09:42:32,69000.0,1000,Sell,235637835
2024-08-29 09:42:32,69000.0,1200,Sell,235637833
2024-08-29 09:42:36,69000.0,200,Sell,235637987
2024-08-29 09:42:50,69000.0,1300,Sell,235638398
2024-08-29 09:42:56,69000.0,100,Sell,235638833
2024-08-29 09:43:00,69000.0,300,Sell,235639027
2024-08-29 09:43:00,69000.0,100,Sell,235639032
2024-08-29 09:43:00,69000.0,400,Sell,235639033
2024-08-29 09:43:03,69100.0,200,Buy,235639157
2024-08-29 09:43:12,69000.0,100,Sell,235639407
2024-08-29 09:43:12,69000.0,200,Sell,235639405
2024-08-29 09:43:12,69000.0,1000,Sell,235639406
2024-08-29 09:43:16,69000.0,100,Sell,235639529
2024-08-29 09:43:19,69100.0,200,Buy,235639612
2024-08-29 09:43:23,69000.0,300,Sell,235639690
2024-08-29 09:43:29,69000.0,100,Sell,235639943
2024-08-29 09:43:34,69000.0,1300,Sell,235640152
2024-08-29 09:43:36,69000.0,100,Sell,235640256
2024-08-29 09:43:39,69000.0,500,Sell,235640419
2024-08-29 09:43:39,69000.0,1000,Sell,235640420
2024-08-29 09:43:46,69000.0,1000,Sell,235640598
2024-08-29 09:43:50,69000.0,2300,Sell,235640748
2024-08-29 09:43:55,69000.0,1300,Sell,235640905
2024-08-29 09:43:56,69000.0,300,Sell,235640943
2024-08-29 09:44:15,69000.0,7200,Sell,235641466
2024-08-29 09:44:16,69000.0,400,Sell,235641473
2024-08-29 09:44:18,69000.0,1300,Sell,235641516
2024-08-29 09:44:26,69100.0,7500,Buy,235641755
2024-08-29 09:44:26,69100.0,1000,Buy,235641756
2024-08-29 09:44:26,69100.0,500,Buy,235641757
2024-08-29 09:44:26,69100.0,1000,Buy,235641758
2024-08-29 09:44:26,69100.0,10000,Buy,235641759
2024-08-29 09:44:36,69100.0,1100,Sell,235641961
2024-08-29 09:44:38,69100.0,1300,Sell,235642076
2024-08-29 09:44:55,69200.0,4200,Buy,235642703
2024-08-29 09:44:55,69200.0,2200,Buy,235642704
2024-08-29 09:44:55,69100.0,1200,Sell,235642705
2024-08-29 09:44:56,69100.0,400,Sell,235642723
2024-08-29 09:45:00,69100.0,1300,Sell,235642829
2024-08-29 09:45:07,69100.0,2300,Sell,235643016
2024-08-29 09:45:16,69100.0,300,Sell,235643274
2024-08-29 09:45:16,69100.0,500,Sell,235643300
2024-08-29 09:45:18,69100.0,300,Sell,235643345
2024-08-29 09:45:18,69100.0,500,Sell,235643346
2024-08-29 09:45:22,69000.0,100,Sell,235643435
2024-08-29 09:45:22,69000.0,100,Sell,235643436
2024-08-29 09:45:22,69000.0,1100,Sell,235643437
2024-08-29 09:45:26,69100.0,200,Buy,235643562
2024-08-29 09:45:36,69100.0,100,Sell,235643833
2024-08-29 09:45:39,69200.0,3000,Buy,235643948
2024-08-29 09:45:43,69100.0,1300,Sell,235644072
2024-08-29 09:45:50,69100.0,500,Sell,235644268
2024-08-29 09:45:54,69100.0,6000,Sell,235644368
2024-08-29 09:45:56,69100.0,600,Sell,235644424
2024-08-29 09:45:57,69100.0,100,Sell,235644445
2024-08-29 09:46:05,69100.0,500,Sell,235644660
2024-08-29 09:46:05,69100.0,1300,Sell,235644664
2024-08-29 09:46:05,69100.0,100,Sell,235644665
2024-08-29 09:46:12,69100.0,6000,Sell,235644834
2024-08-29 09:46:16,69100.0,400,Sell,235644952
2024-08-29 09:46:23,69100.0,2300,Sell,235645139
2024-08-29 09:46:26,69100.0,600,Sell,235645197
2024-08-29 09:46:26,69100.0,100,Sell,235645198
2024-08-29 09:46:26,69100.0,300,Sell,235645199
2024-08-29 09:46:27,69100.0,600,Sell,235645221
2024-08-29 09:46:27,69100.0,1300,Sell,235645226
2024-08-29 09:46:27,69100.0,300,Sell,235645219
2024-08-29 09:46:27,69100.0,100,Sell,235645220
2024-08-29 09:46:29,69100.0,100,Sell,235645278
2024-08-29 09:46:33,69100.0,100,Buy,235645350
2024-08-29 09:46:33,69100.0,100,Sell,235645360
2024-08-29 09:46:36,69100.0,100,Sell,235645418
2024-08-29 09:46:46,69100.0,200,Buy,235645586
2024-08-29 09:46:46,69100.0,100,Buy,235645587
2024-08-29 09:46:47,69100.0,2800,Sell,235645624
2024-08-29 09:46:48,69100.0,1300,Sell,235645670
2024-08-29 09:46:52,69100.0,200,Sell,235645771
2024-08-29 09:46:53,69100.0,1000,Sell,235645786
2024-08-29 09:46:56,69100.0,300,Sell,235645833
2024-08-29 09:47:09,69100.0,1000,Sell,235646102
2024-08-29 09:47:10,69100.0,1300,Sell,235646165
2024-08-29 09:47:16,69100.0,100,Sell,235646327
2024-08-29 09:47:19,69100.0,1000,Sell,235646371
2024-08-29 09:47:23,69100.0,8500,Sell,235646426
2024-08-29 09:47:23,69100.0,1000,Sell,235646427
2024-08-29 09:47:30,69100.0,500,Sell,235646638
2024-08-29 09:47:32,69100.0,700,Sell,235646655
2024-08-29 09:47:32,69000.0,600,Sell,235646656
2024-08-29 09:47:36,69000.0,700,Sell,235646770
2024-08-29 09:47:42,69000.0,300,Sell,235646897
2024-08-29 09:47:42,69000.0,500,Sell,235646898
2024-08-29 09:47:42,69000.0,100,Sell,235646899
2024-08-29 09:47:42,69000.0,200,Sell,235646900
2024-08-29 09:47:42,69000.0,200,Sell,235646901
2024-08-29 09:47:42,69000.0,1000,Sell,235646902
2024-08-29 09:47:52,69100.0,200,Buy,235647115
2024-08-29 09:47:53,69000.0,500,Sell,235647134
2024-08-29 09:47:53,69100.0,800,Sell,235647133
2024-08-29 09:47:56,69000.0,200,Sell,235647223
2024-08-29 09:48:15,69000.0,1300,Sell,235647637
2024-08-29 09:48:15,69000.0,100,Sell,235647638
2024-08-29 09:48:22,69200.0,200,Buy,235647805
2024-08-29 09:48:22,69200.0,100,Buy,235647804
2024-08-29 09:48:22,69100.0,500,Buy,235647800
2024-08-29 09:48:22,69200.0,1000,Buy,235647802
2024-08-29 09:48:22,69200.0,800,Buy,235647801
2024-08-29 09:48:22,69200.0,4000,Buy,235647803
2024-08-29 09:48:36,69000.0,100,Sell,235648107
2024-08-29 09:48:36,69000.0,200,Sell,235648108
2024-08-29 09:48:36,69000.0,100,Sell,235648109
2024-08-29 09:48:37,69000.0,100,Sell,235648116
2024-08-29 09:48:37,69000.0,200,Sell,235648117
2024-08-29 09:48:37,69000.0,100,Sell,235648113
2024-08-29 09:48:37,69000.0,200,Sell,235648112
2024-08-29 09:48:37,69000.0,300,Sell,235648114
2024-08-29 09:48:37,69000.0,400,Sell,235648115
2024-08-29 09:48:39,69000.0,2500,Sell,235648212
2024-08-29 09:48:39,69000.0,800,Sell,235648203
2024-08-29 09:48:39,69000.0,300,Sell,235648204
2024-08-29 09:48:39,69000.0,100,Sell,235648205
2024-08-29 09:48:39,69000.0,100,Sell,235648206
2024-08-29 09:48:39,69000.0,500,Sell,235648207
2024-08-29 09:48:39,69000.0,500,Sell,235648208
2024-08-29 09:48:39,69000.0,100,Sell,235648209
2024-08-29 09:48:39,69000.0,1000,Sell,235648210
2024-08-29 09:48:39,69000.0,100,Sell,235648211
2024-08-29 09:48:40,69000.0,100,Sell,235648236
2024-08-29 09:48:56,69000.0,400,Sell,235648631
2024-08-29 09:48:56,69100.0,200,Buy,235648629
2024-08-29 09:48:59,69000.0,300,Sell,235648697
2024-08-29 09:48:59,69000.0,100,Sell,235648698
2024-08-29 09:48:59,69000.0,800,Sell,235648699
2024-08-29 09:48:59,69000.0,1400,Sell,235648700
2024-08-29 09:48:59,69000.0,1000,Sell,235648696
2024-08-29 09:49:01,69100.0,100,Buy,235648762
2024-08-29 09:49:16,69000.0,200,Sell,235649143
2024-08-29 09:49:20,69000.0,1400,Sell,235649266
2024-08-29 09:49:36,69000.0,100,Sell,235649706
2024-08-29 09:49:42,69000.0,1400,Sell,235649810
2024-08-29 09:49:54,69000.0,700,Sell,235650048
2024-08-29 09:49:54,69000.0,300,Sell,235650049
2024-08-29 09:49:56,69000.0,100,Sell,235650076
2024-08-29 09:50:04,69000.0,1400,Sell,235650242
2024-08-29 09:50:16,69000.0,100,Sell,235650597
2024-08-29 09:50:17,69000.0,100,Sell,235650606
2024-08-29 09:50:17,69000.0,100,Sell,235650607
2024-08-29 09:50:17,69000.0,2100,Sell,235650608
2024-08-29 09:50:26,69000.0,900,Sell,235650765
2024-08-29 09:50:26,69000.0,200,Sell,235650766
2024-08-29 09:50:26,69000.0,100,Sell,235650767
2024-08-29 09:50:26,69000.0,200,Sell,235650768
2024-08-29 09:50:37,69000.0,200,Sell,235651128
2024-08-29 09:50:47,69000.0,1400,Sell,235651348
2024-08-29 09:50:51,69000.0,1500,Sell,235651452
2024-08-29 09:50:51,69000.0,500,Sell,235651451
2024-08-29 09:50:51,69000.0,3400,Sell,235651449
2024-08-29 09:50:51,69000.0,600,Sell,235651450
2024-08-29 09:50:56,69000.0,300,Sell,235651533
2024-08-29 09:51:09,69000.0,1400,Sell,235651759
2024-08-29 09:51:12,69000.0,100,Sell,235651809
2024-08-29 09:51:16,69000.0,100,Sell,235651880
2024-08-29 09:51:17,69000.0,100,Sell,235651895
2024-08-29 09:51:26,69000.0,2000,Sell,235652109
2024-08-29 09:51:30,69000.0,1400,Sell,235652185
2024-08-29 09:51:34,69000.0,2300,Sell,235652223
2024-08-29 09:51:36,69000.0,300,Sell,235652296
2024-08-29 09:51:38,69000.0,400,Sell,235652335
2024-08-29 09:51:52,69000.0,1400,Sell,235652640
2024-08-29 09:51:56,69000.0,100,Sell,235652723
2024-08-29 09:52:01,69000.0,400,Sell,235652783
2024-08-29 09:52:02,69000.0,500,Sell,235652787
2024-08-29 09:52:14,69000.0,1400,Sell,235653031
2024-08-29 09:52:16,69000.0,100,Sell,235653097
2024-08-29 09:52:33,69000.0,100,Sell,235653388
2024-08-29 09:52:36,69000.0,1400,Sell,235653454
2024-08-29 09:52:37,69000.0,100,Sell,235653489
2024-08-29 09:52:37,69000.0,2100,Sell,235653515
2024-08-29 09:52:52,69000.0,2300,Sell,235653786
2024-08-29 09:52:54,69000.0,1700,Sell,235653819
2024-08-29 09:52:54,69000.0,1100,Sell,235653816
2024-08-29 09:52:54,69000.0,100,Sell,235653818
2024-08-29 09:52:54,69000.0,1000,Sell,235653814
2024-08-29 09:52:54,69000.0,500,Sell,235653815
2024-08-29 09:52:54,69000.0,200,Sell,235653812
2024-08-29 09:52:54,69000.0,100,Sell,235653817
2024-08-29 09:52:54,69000.0,300,Sell,235653813
2024-08-29 09:52:57,69000.0,500,Sell,235653935
2024-08-29 09:52:57,69000.0,1400,Sell,235653949
2024-08-29 09:53:00,69000.0,300,Sell,235654000
2024-08-29 09:53:05,69000.0,500,Sell,235654179
2024-08-29 09:53:12,69000.0,100,Sell,235654316
2024-08-29 09:53:17,69000.0,100,Sell,235654380
2024-08-29 09:53:18,69000.0,100,Sell,235654429
2024-08-29 09:53:18,69000.0,100,Sell,235654428
2024-08-29 09:53:18,69000.0,100,Sell,235654426
2024-08-29 09:53:18,69000.0,100,Sell,235654427
2024-08-29 09:53:18,69000.0,1000,Sell,235654424
2024-08-29 09:53:18,69000.0,300,Sell,235654423
2024-08-29 09:53:18,69000.0,1000,Sell,235654422
2024-08-29 09:53:18,69000.0,5500,Sell,235654421
2024-08-29 09:53:18,69000.0,10000,Sell,235654425
2024-08-29 09:53:19,68900.0,100,Sell,235654461
2024-08-29 09:53:19,68900.0,400,Sell,235654462
2024-08-29 09:53:19,69000.0,300,Buy,235654469
2024-08-29 09:53:34,68900.0,5500,Sell,235654835
2024-08-29 09:53:37,68900.0,1300,Sell,235654893
2024-08-29 09:53:46,68900.0,100,Sell,235655056
2024-08-29 09:53:52,68900.0,100,Sell,235655155
2024-08-29 09:54:11,68900.0,200,Sell,235655563
2024-08-29 09:54:30,68900.0,300,Sell,235655997
2024-08-29 09:54:37,68900.0,100,Sell,235656143
2024-08-29 09:54:44,68900.0,1000,Sell,235656312
2024-08-29 09:55:06,68900.0,1000,Sell,235656848
2024-08-29 09:55:17,68900.0,100,Sell,235657030
2024-08-29 09:55:25,68900.0,1000,Sell,235657157
2024-08-29 09:55:25,68900.0,500,Sell,235657156
2024-08-29 09:55:25,68900.0,3500,Sell,235657158
2024-08-29 09:55:29,68900.0,100,Sell,235657300
2024-08-29 09:55:29,68900.0,200,Sell,235657299
2024-08-29 09:55:29,68900.0,100,Sell,235657298
2024-08-29 09:55:29,68900.0,6500,Sell,235657293
2024-08-29 09:55:29,68900.0,100,Sell,235657296
2024-08-29 09:55:29,68900.0,100,Sell,235657295
2024-08-29 09:55:29,68900.0,1000,Sell,235657294
2024-08-29 09:55:29,68900.0,400,Sell,235657297
2024-08-29 09:55:37,68900.0,700,Sell,235657405
2024-08-29 09:55:43,68900.0,100,Sell,235657526
2024-08-29 09:56:18,68900.0,500,Sell,235658198
2024-08-29 09:56:29,68900.0,100,Sell,235658387
2024-08-29 09:56:32,68900.0,500,Sell,235658482
2024-08-29 09:56:33,68900.0,100,Sell,235658495
2024-08-29 09:56:33,68900.0,400,Sell,235658497
2024-08-29 09:56:33,68900.0,400,Sell,235658498
2024-08-29 09:56:33,68900.0,400,Sell,235658499
2024-08-29 09:56:33,68900.0,100,Sell,235658500
2024-08-29 09:56:33,68900.0,500,Sell,235658494
2024-08-29 09:56:33,68900.0,600,Sell,235658496
2024-08-29 09:56:37,68900.0,200,Sell,235658545
2024-08-29 09:57:00,68900.0,100,Sell,235658941
2024-08-29 09:57:13,68900.0,1500,Sell,235659241
2024-08-29 09:57:17,68900.0,100,Sell,235659314
2024-08-29 09:57:17,68900.0,100,Sell,235659308
2024-08-29 09:57:35,69000.0,5000,Buy,235659626
2024-08-29 09:57:37,68900.0,200,Sell,235659654
2024-08-29 09:58:33,68900.0,1000,Sell,235660552
2024-08-29 09:58:37,68900.0,100,Sell,235660650
2024-08-29 09:58:37,68900.0,100,Sell,235660653
2024-08-29 09:59:03,68900.0,100,Sell,235661080
2024-08-29 09:59:11,69000.0,300,Buy,235661208
2024-08-29 09:59:35,69000.0,1700,Buy,235661581
2024-08-29 09:59:37,68900.0,100,Sell,235661604
2024-08-29 09:59:44,69000.0,1000,Buy,235661747
2024-08-29 10:00:04,69000.0,300,Buy,235662109
2024-08-29 10:00:06,69000.0,20000,Buy,235662169
2024-08-29 10:00:17,68900.0,1100,Sell,235662373
2024-08-29 10:00:33,69000.0,500,Buy,235662612
2024-08-29 10:01:02,69000.0,300,Buy,235663079
2024-08-29 10:01:02,69000.0,2700,Buy,235663076
2024-08-29 10:01:02,69000.0,1000,Buy,235663077
2024-08-29 10:01:02,69000.0,1000,Buy,235663078
2024-08-29 10:01:11,68900.0,200,Sell,235663223
2024-08-29 10:01:17,68900.0,300,Sell,235663307
2024-08-29 10:01:39,68900.0,100,Sell,235663667
2024-08-29 10:01:54,69000.0,500,Buy,235663876
2024-08-29 10:02:08,69000.0,1700,Buy,235664098
2024-08-29 10:02:08,69000.0,2300,Buy,235664094
2024-08-29 10:02:08,69000.0,500,Buy,235664095
2024-08-29 10:02:08,69000.0,3000,Buy,235664093
2024-08-29 10:02:08,69000.0,2300,Buy,235664097
2024-08-29 10:02:08,69000.0,200,Buy,235664091
2024-08-29 10:02:08,69000.0,2200,Buy,235664092
2024-08-29 10:02:08,69000.0,4200,Buy,235664088
2024-08-29 10:02:08,69000.0,300,Buy,235664096
2024-08-29 10:02:08,69000.0,1000,Buy,235664090
2024-08-29 10:02:08,69000.0,2300,Buy,235664089
2024-08-29 10:02:11,69000.0,100,Buy,235664153
2024-08-29 10:02:14,69000.0,1000,Buy,235664192
2024-08-29 10:02:17,68900.0,1200,Sell,235664262
2024-08-29 10:02:22,69000.0,200,Buy,235664363
2024-08-29 10:02:39,69000.0,1000,Buy,235664699
2024-08-29 10:02:48,69000.0,800,Buy,235664844
2024-08-29 10:02:51,69000.0,500,Buy,235664879
2024-08-29 10:02:51,69000.0,500,Buy,235664880
2024-08-29 10:02:57,68900.0,100,Sell,235664988
2024-08-29 10:03:04,69000.0,500,Buy,235665088
2024-08-29 10:03:14,69000.0,100,Buy,235665221
2024-08-29 10:03:15,69000.0,500,Buy,235665232
2024-08-29 10:03:17,68900.0,100,Sell,235665247
2024-08-29 10:03:37,68900.0,300,Sell,235665571
2024-08-29 10:03:37,68900.0,100,Sell,235665572
2024-08-29 10:03:37,68900.0,500,Sell,235665573
2024-08-29 10:03:37,68900.0,700,Sell,235665570
2024-08-29 10:03:56,69000.0,400,Buy,235665973
2024-08-29 10:03:56,69000.0,2300,Buy,235665974
2024-08-29 10:03:56,69000.0,400,Buy,235665975
2024-08-29 10:03:56,69000.0,2300,Buy,235665976
2024-08-29 10:03:56,69000.0,2200,Buy,235665977
2024-08-29 10:03:56,69000.0,1000,Buy,235665978
2024-08-29 10:03:57,69000.0,500,Sell,235666030
2024-08-29 10:04:01,69000.0,600,Sell,235666081
2024-08-29 10:04:29,68900.0,900,Sell,235666616
2024-08-29 10:04:29,68900.0,100,Sell,235666615
2024-08-29 10:04:29,69000.0,100,Buy,235666586
2024-08-29 10:04:29,69000.0,2000,Buy,235666585
2024-08-29 10:04:29,69000.0,900,Buy,235666587
2024-08-29 10:04:37,68900.0,300,Sell,235666766
2024-08-29 10:05:05,69000.0,1000,Buy,235667317
2024-08-29 10:05:57,69000.0,1300,Buy,235668369
2024-08-29 10:05:57,69000.0,700,Buy,235668370
2024-08-29 10:05:57,69000.0,500,Buy,235668371
2024-08-29 10:05:57,69000.0,1500,Buy,235668372
2024-08-29 10:05:57,68900.0,100,Sell,235668379
2024-08-29 10:06:00,69000.0,500,Buy,235668404
2024-08-29 10:06:04,68900.0,400,Sell,235668527
2024-08-29 10:06:17,68900.0,300,Sell,235668722
2024-08-29 10:06:19,68900.0,100,Sell,235668735
2024-08-29 10:06:19,68900.0,300,Sell,235668734
2024-08-29 10:06:48,69000.0,100,Buy,235669573
2024-08-29 10:06:49,69000.0,200,Buy,235669588
2024-08-29 10:06:49,69000.0,100,Sell,235669591
2024-08-29 10:06:52,68900.0,200,Sell,235669705
2024-08-29 10:06:55,69000.0,100,Buy,235669765
2024-08-29 10:07:49,69000.0,2300,Buy,235670682
2024-08-29 10:07:49,69000.0,1500,Buy,235670683
2024-08-29 10:07:54,69000.0,100,Sell,235670804
2024-08-29 10:07:55,69000.0,1100,Sell,235670822
2024-08-29 10:07:55,69000.0,400,Sell,235670823
2024-08-29 10:07:57,68900.0,200,Sell,235670888
2024-08-29 10:07:57,68900.0,100,Sell,235670889
2024-08-29 10:08:21,69000.0,100,Sell,235671360
2024-08-29 10:08:33,69000.0,800,Buy,235671517
2024-08-29 10:08:37,68900.0,100,Sell,235671564
2024-08-29 10:08:45,69000.0,100,Buy,235671673
2024-08-29 10:08:48,69000.0,500,Buy,235671757
2024-08-29 10:09:04,69000.0,300,Buy,235672089
2024-08-29 10:09:21,69000.0,500,Buy,235672398
2024-08-29 10:09:21,69000.0,4500,Buy,235672399
2024-08-29 10:09:24,69000.0,500,Buy,235672454
2024-08-29 10:09:24,69000.0,500,Buy,235672455
2024-08-29 10:09:24,69000.0,100,Buy,235672456
2024-08-29 10:09:33,68900.0,800,Sell,235672608
2024-08-29 10:09:33,68900.0,200,Sell,235672609
2024-08-29 10:09:38,68900.0,300,Sell,235672839
2024-08-29 10:09:38,68900.0,100,Sell,235672840
2024-08-29 10:09:42,68900.0,800,Sell,235672946
2024-08-29 10:09:42,68900.0,500,Sell,235672945
2024-08-29 10:09:42,68900.0,100,Sell,235672942
2024-08-29 10:09:42,68900.0,200,Sell,235672941
2024-08-29 10:09:42,68900.0,2300,Sell,235672943
2024-08-29 10:09:42,68900.0,100,Sell,235672944
2024-08-29 10:09:44,69000.0,100,Buy,235672978
2024-08-29 10:09:58,68900.0,200,Sell,235673275
2024-08-29 10:10:03,68900.0,400,Sell,235673425
2024-08-29 10:10:11,69000.0,2000,Buy,235673654
2024-08-29 10:10:11,69000.0,100,Buy,235673655
2024-08-29 10:10:11,69000.0,1400,Buy,235673656
2024-08-29 10:10:18,68900.0,200,Sell,235673839
2024-08-29 10:10:27,68900.0,300,Sell,235674088
2024-08-29 10:10:27,68900.0,3400,Sell,235674086
2024-08-29 10:10:27,68900.0,300,Sell,235674087
2024-08-29 10:10:38,68900.0,200,Sell,235674428
2024-08-29 10:10:59,68900.0,100,Sell,235674855
2024-08-29 10:10:59,68900.0,500,Sell,235674854
2024-08-29 10:10:59,68900.0,1400,Sell,235674856
2024-08-29 10:11:15,68900.0,500,Sell,235675305
2024-08-29 10:11:17,68900.0,100,Sell,235675337
2024-08-29 10:11:27,68900.0,200,Sell,235675445
2024-08-29 10:11:38,68900.0,100,Sell,235675670
2024-08-29 10:11:46,69000.0,300,Buy,235675825
2024-08-29 10:11:52,69000.0,500,Buy,235675917
2024-08-29 10:11:52,69000.0,300,Buy,235675918
2024-08-29 10:12:40,68900.0,1500,Sell,235676870
2024-08-29 10:12:44,68900.0,2000,Sell,235676995
2024-08-29 10:12:57,69000.0,400,Buy,235677269
2024-08-29 10:12:57,69000.0,500,Buy,235677266
2024-08-29 10:12:57,69000.0,100,Buy,235677267
2024-08-29 10:12:57,69000.0,400,Buy,235677268
2024-08-29 10:12:58,68900.0,200,Sell,235677274
2024-08-29 10:13:15,68900.0,1000,Sell,235677545
2024-08-29 10:13:18,68900.0,100,Sell,235677651
2024-08-29 10:13:19,68900.0,1500,Sell,235677679
2024-08-29 10:13:31,68900.0,200,Sell,235677870
2024-08-29 10:13:38,68900.0,100,Sell,235678028
2024-08-29 10:13:52,68900.0,1000,Sell,235678238
2024-08-29 10:13:58,68900.0,100,Sell,235678299
2024-08-29 10:14:34,68900.0,500,Sell,235678924
2024-08-29 10:14:36,68900.0,100,Sell,235678978
2024-08-29 10:14:49,69000.0,4800,Buy,235679157
2024-08-29 10:14:57,69000.0,5000,Buy,235679299
2024-08-29 10:14:58,68900.0,200,Sell,235679308
2024-08-29 10:14:58,69000.0,100,Buy,235679307
2024-08-29 10:15:03,68900.0,800,Sell,235679415
2024-08-29 10:15:18,68900.0,400,Sell,235679660
2024-08-29 10:15:52,68900.0,100,Sell,235680142
2024-08-29 10:17:12,68900.0,100,Sell,235681409
2024-08-29 10:18:12,68900.0,500,Sell,235682378
2024-08-29 10:19:05,68900.0,400,Sell,235683396
2024-08-29 10:19:24,68900.0,100,Sell,235683738
2024-08-29 10:19:31,68900.0,6800,Sell,235683874
2024-08-29 10:19:31,68900.0,3100,Sell,235683875
2024-08-29 10:19:38,68900.0,500,Sell,235683964
2024-08-29 10:19:47,68900.0,100,Sell,235684091
2024-08-29 10:20:19,68900.0,500,Sell,235684661
2024-08-29 10:20:25,68900.0,500,Sell,235684713
2024-08-29 10:20:38,68900.0,100,Sell,235684930
2024-08-29 10:20:58,68900.0,1000,Sell,235685348
2024-08-29 10:21:18,68900.0,100,Sell,235685743
2024-08-29 10:21:34,68900.0,100,Sell,235685999
2024-08-29 10:22:23,68900.0,100,Sell,235686843
2024-08-29 10:22:48,69000.0,1500,Buy,235687265
2024-08-29 10:22:55,69000.0,200,Buy,235687391
2024-08-29 10:22:58,68900.0,100,Sell,235687515
2024-08-29 10:23:35,68900.0,500,Sell,235688052
2024-08-29 10:24:58,68900.0,100,Sell,235689282
2024-08-29 10:26:03,69000.0,100,Buy,235690205
2024-08-29 10:26:03,69000.0,2300,Buy,235690207
2024-08-29 10:26:03,69000.0,2300,Buy,235690203
2024-08-29 10:26:03,69000.0,2000,Buy,235690204
2024-08-29 10:26:03,69000.0,2300,Buy,235690206
2024-08-29 10:26:03,69000.0,1700,Buy,235690202
2024-08-29 10:26:04,69000.0,2000,Buy,235690221
2024-08-29 10:26:04,69000.0,2300,Buy,235690222
2024-08-29 10:26:04,69000.0,500,Buy,235690223
2024-08-29 10:26:04,69000.0,500,Buy,235690224
2024-08-29 10:26:04,69000.0,2300,Buy,235690225
2024-08-29 10:26:04,69000.0,1000,Buy,235690226
2024-08-29 10:26:04,69000.0,2200,Buy,235690227
2024-08-29 10:26:04,69000.0,100,Buy,235690228
2024-08-29 10:26:04,69000.0,2300,Buy,235690229
2024-08-29 10:26:04,69000.0,100,Buy,235690230
2024-08-29 10:26:04,69000.0,1000,Buy,235690231
2024-08-29 10:26:10,68900.0,2000,Sell,235690347
2024-08-29 10:26:13,69000.0,100,Buy,235690403
2024-08-29 10:26:13,69000.0,2300,Buy,235690404
2024-08-29 10:26:13,69000.0,200,Buy,235690405
2024-08-29 10:26:13,69000.0,2300,Buy,235690406
2024-08-29 10:26:13,69000.0,500,Buy,235690407
2024-08-29 10:26:13,69000.0,200,Buy,235690408
2024-08-29 10:26:13,69000.0,600,Buy,235690409
2024-08-29 10:26:13,69000.0,1000,Buy,235690410
2024-08-29 10:26:13,69000.0,500,Buy,235690401
2024-08-29 10:26:13,69000.0,2300,Buy,235690402
2024-08-29 10:26:18,68900.0,1200,Sell,235690520
2024-08-29 10:26:18,68900.0,400,Sell,235690521
2024-08-29 10:26:18,68900.0,300,Sell,235690522
2024-08-29 10:26:35,68900.0,200,Sell,235690775
2024-08-29 10:27:13,69000.0,100,Buy,235691323
2024-08-29 10:27:26,69000.0,900,Buy,235691545
2024-08-29 10:27:26,69000.0,1100,Buy,235691544
2024-08-29 10:27:28,69000.0,8600,Buy,235691590
2024-08-29 10:27:28,69000.0,1400,Buy,235691589
2024-08-29 10:27:31,69000.0,100,Buy,235691636
2024-08-29 10:27:39,68900.0,700,Sell,235691793
2024-08-29 10:27:54,69000.0,200,Buy,235692021
2024-08-29 10:27:57,69000.0,100,Buy,235692069
2024-08-29 10:28:10,69000.0,400,Buy,235692263
2024-08-29 10:28:18,69000.0,900,Buy,235692378
2024-08-29 10:28:19,68900.0,100,Sell,235692390
2024-08-29 10:28:33,69000.0,2000,Buy,235692574
2024-08-29 10:28:33,69000.0,1000,Buy,235692571
2024-08-29 10:28:33,69000.0,100,Buy,235692570
2024-08-29 10:28:33,69000.0,400,Buy,235692573
2024-08-29 10:28:33,69000.0,5000,Buy,235692568
2024-08-29 10:28:33,69000.0,200,Buy,235692567
2024-08-29 10:28:33,69000.0,2300,Buy,235692566
2024-08-29 10:28:33,69000.0,4700,Buy,235692565
2024-08-29 10:28:33,69000.0,2000,Buy,235692569
2024-08-29 10:28:33,69000.0,2300,Buy,235692572
2024-08-29 10:28:39,68900.0,1000,Sell,235692636
2024-08-29 10:28:40,69000.0,500,Buy,235692655
2024-08-29 10:28:55,69000.0,700,Buy,235692819
2024-08-29 10:28:56,69000.0,300,Buy,235692837
2024-08-29 10:28:56,69000.0,500,Buy,235692838
2024-08-29 10:28:59,68900.0,100,Sell,235692866
2024-08-29 10:29:02,69000.0,800,Buy,235692922
2024-08-29 10:29:13,69000.0,200,Buy,235693055
2024-08-29 10:29:19,68900.0,100,Sell,235693128
2024-08-29 10:29:41,69000.0,3000,Buy,235693482
2024-08-29 10:29:41,69000.0,2300,Buy,235693481
2024-08-29 10:29:41,69000.0,1000,Buy,235693480
2024-08-29 10:29:48,69000.0,1900,Sell,235693601
2024-08-29 10:29:59,69000.0,400,Sell,235693733
2024-08-29 10:30:02,69000.0,3000,Sell,235693787
2024-08-29 10:30:02,69000.0,3000,Sell,235693788
2024-08-29 10:30:10,69000.0,100,Sell,235693882
2024-08-29 10:30:10,69000.0,1800,Sell,235693883
2024-08-29 10:30:19,69000.0,400,Sell,235693970
2024-08-29 10:30:21,69000.0,2300,Sell,235693989
2024-08-29 10:30:24,69000.0,500,Sell,235694126
2024-08-29 10:30:32,69000.0,1800,Sell,235694238
2024-08-29 10:30:39,69000.0,300,Sell,235694339
2024-08-29 10:30:54,69000.0,1800,Sell,235694559
2024-08-29 10:30:59,69000.0,100,Sell,235694582
2024-08-29 10:31:14,69000.0,100,Sell,235694797
2024-08-29 10:31:14,69000.0,800,Sell,235694798
2024-08-29 10:31:14,69000.0,800,Sell,235694799
2024-08-29 10:31:14,69000.0,6300,Sell,235694796
2024-08-29 10:31:19,68900.0,400,Sell,235694862
2024-08-29 10:32:27,68900.0,100,Sell,235695791
2024-08-29 10:32:27,68900.0,100,Sell,235695792
2024-08-29 10:32:27,68900.0,200,Sell,235695793
2024-08-29 10:32:27,68900.0,100,Sell,235695794
2024-08-29 10:32:36,68900.0,200,Sell,235695946
2024-08-29 10:32:36,68900.0,200,Sell,235695947
2024-08-29 10:32:36,68900.0,100,Sell,235695948
2024-08-29 10:32:37,68900.0,300,Sell,235695956
2024-08-29 10:32:39,68900.0,100,Sell,235695986
2024-08-29 10:32:45,68900.0,100,Sell,235696084
2024-08-29 10:34:43,68900.0,100,Sell,235697659
2024-08-29 10:34:43,68900.0,900,Sell,235697661
2024-08-29 10:34:43,68900.0,900,Sell,235697658
2024-08-29 10:34:43,68900.0,100,Sell,235697660
2024-08-29 10:34:59,68900.0,100,Sell,235697845
2024-08-29 10:35:09,69000.0,800,Buy,235697969
2024-08-29 10:35:10,69000.0,900,Buy,235697971
2024-08-29 10:35:10,69000.0,900,Buy,235697972
2024-08-29 10:35:10,69000.0,800,Buy,235697976
2024-08-29 10:35:10,69000.0,800,Buy,235697978
2024-08-29 10:35:17,69000.0,900,Buy,235698063
2024-08-29 10:35:19,68900.0,200,Sell,235698091
2024-08-29 10:35:21,68900.0,100,Sell,235698109
2024-08-29 10:36:47,69000.0,1700,Buy,235699015
2024-08-29 10:36:52,69000.0,300,Buy,235699092
2024-08-29 10:36:54,68900.0,1000,Sell,235699098
2024-08-29 10:36:59,68900.0,200,Sell,235699151
2024-08-29 10:37:00,68900.0,200,Sell,235699162
2024-08-29 10:37:07,68900.0,500,Sell,235699212
2024-08-29 10:37:15,69000.0,200,Buy,235699297
2024-08-29 10:37:15,69000.0,100,Buy,235699298
2024-08-29 10:37:49,69000.0,900,Buy,235699660
2024-08-29 10:37:59,68900.0,100,Sell,235699737
2024-08-29 10:38:07,69000.0,100,Buy,235699839
2024-08-29 10:38:14,69000.0,2000,Buy,235699957
2024-08-29 10:38:19,68900.0,100,Sell,235700007
2024-08-29 10:38:31,68900.0,300,Sell,235700119
2024-08-29 10:38:59,69000.0,100,Buy,235700434
2024-08-29 10:39:06,69000.0,800,Buy,235700519
2024-08-29 10:39:15,69000.0,100,Buy,235700664
2024-08-29 10:39:19,68900.0,100,Sell,235700718
2024-08-29 10:39:29,69000.0,500,Buy,235700816
2024-08-29 10:39:44,69000.0,100,Buy,235700965
2024-08-29 10:39:44,69000.0,800,Buy,235700966
2024-08-29 10:39:51,69000.0,100,Buy,235701069
2024-08-29 10:39:56,69000.0,1300,Buy,235701112
2024-08-29 10:39:56,69000.0,200,Buy,235701113
2024-08-29 10:39:59,68900.0,100,Sell,235701180
2024-08-29 10:40:12,68900.0,2400,Sell,235701635
2024-08-29 10:40:12,68900.0,2000,Sell,235701632
2024-08-29 10:40:12,68900.0,1500,Sell,235701634
2024-08-29 10:40:12,68900.0,100,Sell,235701630
2024-08-29 10:40:12,68900.0,200,Sell,235701629
2024-08-29 10:40:12,68900.0,100,Sell,235701631
2024-08-29 10:40:12,68900.0,200,Sell,235701633
2024-08-29 10:40:17,68900.0,200,Sell,235701682
2024-08-29 10:40:19,68900.0,400,Sell,235701702
2024-08-29 10:40:23,68900.0,500,Sell,235701723
2024-08-29 10:40:32,68900.0,100,Sell,235701799
2024-08-29 10:40:43,69000.0,100,Buy,235702012
2024-08-29 10:41:00,69000.0,900,Buy,235702185
2024-08-29 10:41:03,69000.0,100,Buy,235702229
2024-08-29 10:41:19,68900.0,100,Sell,235702392
2024-08-29 10:41:36,69000.0,100,Buy,235702581
2024-08-29 10:41:38,69000.0,800,Buy,235702601
2024-08-29 10:41:45,69000.0,2000,Buy,235702675
2024-08-29 10:41:56,69000.0,100,Buy,235702858
2024-08-29 10:41:59,68900.0,100,Sell,235702916
2024-08-29 10:42:27,69000.0,600,Buy,235703177
2024-08-29 10:42:28,69000.0,100,Buy,235703191
2024-08-29 10:42:39,68900.0,100,Sell,235703312
2024-08-29 10:42:52,68900.0,300,Sell,235703438
2024-08-29 10:43:07,68900.0,100,Sell,235703630
2024-08-29 10:43:21,69000.0,100,Buy,235703776
2024-08-29 10:43:32,69000.0,900,Buy,235703905
2024-08-29 10:44:11,69000.0,200,Buy,235704329
2024-08-29 10:44:11,69000.0,500,Buy,235704330
2024-08-29 10:44:11,69000.0,100,Buy,235704331
2024-08-29 10:44:12,69000.0,100,Buy,235704335
2024-08-29 10:44:12,69000.0,100,Buy,235704337
2024-08-29 10:44:12,69000.0,100,Buy,235704338
2024-08-29 10:44:13,69000.0,800,Buy,235704354
2024-08-29 10:44:13,69000.0,800,Buy,235704348
2024-08-29 10:44:13,69000.0,100,Buy,235704347
2024-08-29 10:44:13,69000.0,900,Buy,235704344
2024-08-29 10:44:13,69000.0,500,Buy,235704345
2024-08-29 10:44:13,69000.0,200,Buy,235704346
2024-08-29 10:44:13,69000.0,800,Buy,235704343
2024-08-29 10:44:20,68900.0,300,Sell,235704453
2024-08-29 10:44:29,69000.0,600,Buy,235704572
2024-08-29 10:44:29,69000.0,2300,Buy,235704573
2024-08-29 10:44:29,69000.0,100,Buy,235704574
2024-08-29 10:44:40,68900.0,200,Sell,235704717
2024-08-29 10:44:50,68900.0,2000,Sell,235704818
2024-08-29 10:44:55,68900.0,100,Sell,235704854
2024-08-29 10:45:00,68900.0,100,Sell,235704895
2024-08-29 10:45:04,69000.0,100,Buy,235704952
2024-08-29 10:45:16,68900.0,100,Sell,235705084
2024-08-29 10:45:36,68900.0,100,Sell,235705306
2024-08-29 10:45:43,68900.0,100,Sell,235705379
2024-08-29 10:45:56,68900.0,100,Sell,235705527
2024-08-29 10:45:56,69000.0,100,Buy,235705533
2024-08-29 10:46:05,69000.0,700,Buy,235705603
2024-08-29 10:46:05,69000.0,100,Buy,235705604
2024-08-29 10:46:16,68900.0,100,Sell,235705744
2024-08-29 10:46:20,68900.0,100,Sell,235705772
2024-08-29 10:46:31,69000.0,100,Buy,235705892
2024-08-29 10:46:36,68900.0,100,Sell,235705944
2024-08-29 10:46:38,69000.0,100,Buy,235705970
2024-08-29 10:46:42,68900.0,100,Sell,235705996
2024-08-29 10:46:43,69000.0,900,Buy,235706001
2024-08-29 10:46:43,69000.0,100,Buy,235706000
2024-08-29 10:46:48,69000.0,100,Buy,235706035
2024-08-29 10:46:48,69000.0,200,Buy,235706037
2024-08-29 10:46:56,69000.0,100,Buy,235706108
2024-08-29 10:46:56,68900.0,100,Sell,235706109
2024-08-29 10:47:00,68900.0,100,Sell,235706154
2024-08-29 10:47:06,68900.0,1200,Sell,235706244
2024-08-29 10:47:06,68900.0,100,Sell,235706243
2024-08-29 10:47:06,68900.0,500,Sell,235706242
2024-08-29 10:47:06,68900.0,300,Sell,235706241
2024-08-29 10:47:06,68900.0,1000,Sell,235706240
2024-08-29 10:47:06,68900.0,5000,Sell,235706239
2024-08-29 10:47:06,68900.0,200,Sell,235706238
2024-08-29 10:47:06,68900.0,1000,Sell,235706237
2024-08-29 10:47:06,68900.0,2000,Sell,235706234
2024-08-29 10:47:06,68900.0,600,Sell,235706235
2024-08-29 10:47:06,68900.0,5000,Sell,235706233
2024-08-29 10:47:06,68900.0,200,Sell,235706232
2024-08-29 10:47:06,68900.0,200,Sell,235706231
2024-08-29 10:47:06,68900.0,100,Sell,235706230
2024-08-29 10:47:06,68900.0,200,Sell,235706229
2024-08-29 10:47:06,68900.0,100,Sell,235706228
2024-08-29 10:47:06,68900.0,2000,Sell,235706227
2024-08-29 10:47:06,68900.0,300,Sell,235706236
2024-08-29 10:47:16,68900.0,100,Sell,235706333
2024-08-29 10:47:20,68900.0,1000,Sell,235706368
2024-08-29 10:47:27,68900.0,100,Sell,235706482
2024-08-29 10:47:27,68900.0,800,Sell,235706474
2024-08-29 10:47:27,68900.0,200,Sell,235706479
2024-08-29 10:47:27,68900.0,900,Sell,235706478
2024-08-29 10:47:27,68900.0,100,Sell,235706477
2024-08-29 10:47:27,68900.0,1000,Sell,235706476
2024-08-29 10:47:27,68900.0,500,Sell,235706475
2024-08-29 10:47:27,68900.0,100,Sell,235706483
2024-08-29 10:47:27,68900.0,200,Sell,235706473
2024-08-29 10:47:27,68900.0,100,Sell,235706481
2024-08-29 10:47:27,68900.0,100,Sell,235706471
2024-08-29 10:47:27,68900.0,500,Sell,235706464
2024-08-29 10:47:27,68900.0,1000,Sell,235706465
2024-08-29 10:47:27,68900.0,100,Sell,235706466
2024-08-29 10:47:27,68900.0,700,Sell,235706463
2024-08-29 10:47:27,68900.0,100,Sell,235706468
2024-08-29 10:47:27,68900.0,1000,Sell,235706469
2024-08-29 10:47:27,68900.0,900,Sell,235706470
2024-08-29 10:47:27,68900.0,1000,Sell,235706467
2024-08-29 10:47:27,68900.0,900,Sell,235706472
2024-08-29 10:47:36,68900.0,100,Sell,235706573
2024-08-29 10:47:40,68900.0,200,Sell,235706599
2024-08-29 10:47:40,68900.0,400,Sell,235706600
2024-08-29 10:47:40,69000.0,100,Buy,235706603
2024-08-29 10:47:55,69000.0,100,Buy,235706753
2024-08-29 10:47:56,68900.0,100,Sell,235706766
2024-08-29 10:48:02,68900.0,100,Sell,235706813
2024-08-29 10:48:16,68900.0,100,Sell,235707016
2024-08-29 10:48:19,68900.0,100,Sell,235707030
2024-08-29 10:48:32,68900.0,1900,Sell,235707311
2024-08-29 10:48:32,68900.0,100,Sell,235707324
2024-08-29 10:48:32,68900.0,900,Sell,235707323
2024-08-29 10:48:32,68900.0,800,Sell,235707322
2024-08-29 10:48:32,68900.0,200,Sell,235707321
2024-08-29 10:48:32,68900.0,1700,Sell,235707320
2024-08-29 10:48:32,68900.0,1000,Sell,235707319
2024-08-29 10:48:32,68900.0,800,Sell,235707318
2024-08-29 10:48:32,68900.0,500,Sell,235707317
2024-08-29 10:48:32,68900.0,100,Sell,235707316
2024-08-29 10:48:32,68900.0,900,Sell,235707315
2024-08-29 10:48:32,68900.0,200,Sell,235707314
2024-08-29 10:48:32,68900.0,100,Sell,235707313
2024-08-29 10:48:32,68900.0,1000,Sell,235707312
2024-08-29 10:48:32,68900.0,100,Sell,235707310
2024-08-29 10:48:32,69000.0,100,Buy,235707325
2024-08-29 10:48:32,68900.0,20000,Sell,235707308
2024-08-29 10:48:32,68900.0,1000,Sell,235707307
2024-08-29 10:48:32,68900.0,600,Sell,235707306
2024-08-29 10:48:32,68900.0,100,Sell,235707305
2024-08-29 10:48:32,68900.0,100,Sell,235707304
2024-08-29 10:48:32,68900.0,100,Sell,235707303
2024-08-29 10:48:32,68900.0,900,Sell,235707302
2024-08-29 10:48:32,68900.0,800,Sell,235707301
2024-08-29 10:48:32,68900.0,10000,Sell,235707300
2024-08-29 10:48:32,68900.0,100,Sell,235707299
2024-08-29 10:48:32,68900.0,1000,Sell,235707298
2024-08-29 10:48:32,68900.0,200,Sell,235707297
2024-08-29 10:48:32,68900.0,200,Sell,235707296
2024-08-29 10:48:32,68900.0,100,Sell,235707295
2024-08-29 10:48:32,68900.0,400,Sell,235707309
2024-08-29 10:48:32,68900.0,100,Sell,235707294
2024-08-29 10:48:36,68800.0,100,Sell,235707356
2024-08-29 10:48:37,69000.0,100,Buy,235707360
2024-08-29 10:48:37,69000.0,300,Buy,235707359
2024-08-29 10:48:37,69000.0,400,Buy,235707361
2024-08-29 10:48:40,68800.0,2400,Sell,235707403
2024-08-29 10:48:40,68800.0,100,Sell,235707404
2024-08-29 10:48:57,68800.0,100,Sell,235707620
2024-08-29 10:49:17,68800.0,100,Sell,235707975
2024-08-29 10:49:24,68900.0,100,Buy,235708063
2024-08-29 10:49:27,68800.0,100,Sell,235708086
2024-08-29 10:49:37,68800.0,100,Sell,235708220
2024-08-29 10:49:38,68800.0,300,Sell,235708232
2024-08-29 10:49:38,68800.0,100,Sell,235708233
2024-08-29 10:49:38,68800.0,100,Sell,235708234
2024-08-29 10:49:57,68800.0,100,Sell,235708519
2024-08-29 10:50:04,68800.0,2100,Sell,235708662
2024-08-29 10:50:04,68800.0,200,Sell,235708661
2024-08-29 10:50:04,68800.0,1000,Sell,235708660
2024-08-29 10:50:04,68800.0,1100,Sell,235708658
2024-08-29 10:50:04,68800.0,300,Sell,235708657
2024-08-29 10:50:04,68800.0,100,Sell,235708656
2024-08-29 10:50:04,68800.0,200,Sell,235708659
2024-08-29 10:50:08,68800.0,200,Sell,235708701
2024-08-29 10:50:17,68800.0,100,Sell,235708810
2024-08-29 10:50:17,68900.0,100,Buy,235708811
2024-08-29 10:50:20,68800.0,100,Sell,235708835
2024-08-29 10:50:20,68800.0,200,Sell,235708836
2024-08-29 10:50:20,68800.0,100,Sell,235708852
2024-08-29 10:50:29,68900.0,400,Buy,235709017
2024-08-29 10:50:29,68900.0,500,Buy,235709018
2024-08-29 10:50:37,68900.0,100,Sell,235709224
2024-08-29 10:50:39,68900.0,400,Sell,235709250
2024-08-29 10:50:40,68900.0,100,Sell,235709267
2024-08-29 10:50:48,69000.0,200,Buy,235709359
2024-08-29 10:50:48,69000.0,500,Buy,235709356
2024-08-29 10:50:48,69000.0,1300,Buy,235709357
2024-08-29 10:50:48,69000.0,500,Buy,235709358
2024-08-29 10:50:49,68900.0,900,Sell,235709364
2024-08-29 10:50:49,68900.0,100,Buy,235709368
2024-08-29 10:50:49,68900.0,100,Sell,235709372
2024-08-29 10:50:54,68900.0,100,Sell,235709436
2024-08-29 10:50:57,69000.0,2000,Buy,235709499
2024-08-29 10:50:57,68900.0,500,Sell,235709501
2024-08-29 10:50:57,68900.0,100,Sell,235709507
2024-08-29 10:51:00,68900.0,100,Sell,235709529
2024-08-29 10:51:01,68900.0,200,Buy,235709535
2024-08-29 10:51:09,69000.0,100,Buy,235709635
2024-08-29 10:51:09,69000.0,100,Buy,235709634
2024-08-29 10:51:17,68900.0,100,Sell,235709748
2024-08-29 10:51:19,69000.0,100,Buy,235709783
2024-08-29 10:51:23,68900.0,700,Sell,235709833
2024-08-29 10:51:23,68900.0,100,Sell,235709834
2024-08-29 10:51:37,68900.0,700,Buy,235710037
2024-08-29 10:51:38,68900.0,100,Sell,235710039
2024-08-29 10:51:40,68900.0,100,Sell,235710080
2024-08-29 10:51:58,68900.0,100,Sell,235710315
2024-08-29 10:52:01,69000.0,100,Buy,235710371
2024-08-29 10:52:18,68900.0,100,Sell,235710695
2024-08-29 10:52:38,68900.0,100,Sell,235711007
2024-08-29 10:52:40,68900.0,100,Sell,235711041
2024-08-29 10:52:53,69000.0,100,Buy,235711203
2024-08-29 10:52:58,68900.0,100,Sell,235711246
2024-08-29 10:53:18,68900.0,1000,Sell,235711503
2024-08-29 10:53:18,68900.0,100,Sell,235711495
2024-08-29 10:53:19,68900.0,500,Sell,235711507
2024-08-29 10:53:26,68900.0,200,Sell,235711670
2024-08-29 10:53:30,68900.0,100,Sell,235711724
2024-08-29 10:53:38,68900.0,100,Sell,235711802
2024-08-29 10:53:40,68900.0,100,Sell,235711833
2024-08-29 10:53:45,69000.0,100,Buy,235711888
2024-08-29 10:53:58,68900.0,100,Sell,235712065
2024-08-29 10:54:18,68900.0,100,Sell,235712345
2024-08-29 10:54:31,69000.0,400,Buy,235712518
2024-08-29 10:54:37,69000.0,100,Buy,235712658
2024-08-29 10:54:38,68900.0,100,Sell,235712674
2024-08-29 10:54:58,68900.0,100,Sell,235712885
2024-08-29 10:55:10,68900.0,500,Sell,235713006
2024-08-29 10:55:19,68900.0,100,Sell,235713102
2024-08-29 10:55:20,68900.0,200,Sell,235713109
2024-08-29 10:55:20,68900.0,100,Sell,235713127
2024-08-29 10:55:21,68900.0,400,Sell,235713159
2024-08-29 10:55:21,68900.0,600,Sell,235713160
2024-08-29 10:55:29,69000.0,100,Buy,235713285
2024-08-29 10:55:37,69000.0,800,Buy,235713363
2024-08-29 10:55:39,68900.0,100,Sell,235713379
2024-08-29 10:55:40,68900.0,100,Sell,235713403
2024-08-29 10:55:45,69000.0,500,Buy,235713456
2024-08-29 10:55:53,69000.0,500,Buy,235713594
2024-08-29 10:55:59,68900.0,100,Sell,235713765
2024-08-29 10:56:00,69000.0,100,Buy,235713781
2024-08-29 10:56:13,68900.0,100,Sell,235713862
2024-08-29 10:56:15,69000.0,500,Buy,235713876
2024-08-29 10:56:19,68900.0,100,Sell,235713930
2024-08-29 10:56:20,68900.0,100,Sell,235713956
2024-08-29 10:56:21,69000.0,100,Buy,235713965
2024-08-29 10:56:39,68900.0,100,Sell,235714082
2024-08-29 10:56:59,68900.0,100,Sell,235714290
2024-08-29 10:57:13,69000.0,100,Buy,235714581
2024-08-29 10:57:19,68900.0,100,Sell,235714671
2024-08-29 10:57:39,68900.0,100,Sell,235714885
2024-08-29 10:57:59,68900.0,100,Sell,235715092
2024-08-29 10:58:05,68900.0,1200,Sell,235715189
2024-08-29 10:58:06,69000.0,200,Buy,235715198
2024-08-29 10:58:09,69000.0,800,Buy,235715229
2024-08-29 10:58:20,68900.0,100,Sell,235715306
2024-08-29 10:58:21,68900.0,100,Sell,235715310
2024-08-29 10:58:40,68900.0,100,Sell,235715563
2024-08-29 10:58:41,68900.0,100,Sell,235715571
2024-08-29 10:58:58,69000.0,100,Buy,235715791
2024-08-29 10:59:00,68900.0,100,Sell,235715808
2024-08-29 10:59:19,69000.0,1500,Buy,235716170
2024-08-29 10:59:19,69000.0,500,Buy,235716169
2024-08-29 10:59:19,69000.0,2300,Buy,235716168
2024-08-29 10:59:19,69000.0,1000,Buy,235716165
2024-08-29 10:59:19,69000.0,2300,Buy,235716164
2024-08-29 10:59:19,69000.0,500,Buy,235716167
2024-08-29 10:59:19,69000.0,400,Buy,235716162
2024-08-29 10:59:19,69000.0,100,Buy,235716163
2024-08-29 10:59:19,69000.0,5300,Buy,235716157
2024-08-29 10:59:19,69000.0,500,Buy,235716159
2024-08-29 10:59:19,69000.0,2300,Buy,235716166
2024-08-29 10:59:19,69000.0,1000,Buy,235716161
2024-08-29 10:59:19,69000.0,2300,Buy,235716160
2024-08-29 10:59:20,68900.0,100,Sell,235716177
2024-08-29 10:59:21,68900.0,200,Sell,235716180
2024-08-29 10:59:21,68900.0,900,Sell,235716181
2024-08-29 10:59:40,68900.0,100,Sell,235716383
2024-08-29 10:59:40,68900.0,100,Sell,235716384
2024-08-29 10:59:40,68900.0,100,Sell,235716385
2024-08-29 10:59:40,68900.0,100,Sell,235716386
2024-08-29 10:59:40,68900.0,100,Sell,235716387
2024-08-29 10:59:41,68900.0,100,Sell,235716451
2024-08-29 10:59:50,69000.0,100,Buy,235716697
2024-08-29 11:00:00,68900.0,100,Sell,235716839
2024-08-29 11:00:06,69000.0,1400,Buy,235716900
2024-08-29 11:00:06,69000.0,100,Buy,235716899
2024-08-29 11:00:06,69000.0,1000,Buy,235716898
2024-08-29 11:00:06,69000.0,2300,Buy,235716897
2024-08-29 11:00:06,69000.0,2300,Buy,235716894
2024-08-29 11:00:06,69000.0,2300,Buy,235716895
2024-08-29 11:00:06,69000.0,500,Buy,235716892
2024-08-29 11:00:06,69000.0,600,Buy,235716891
2024-08-29 11:00:06,69000.0,200,Buy,235716896
2024-08-29 11:00:06,69000.0,2300,Buy,235716893
2024-08-29 11:00:21,68900.0,100,Sell,235717067
2024-08-29 11:00:21,68900.0,700,Sell,235717068
2024-08-29 11:00:30,68900.0,1100,Sell,235717174
2024-08-29 11:00:30,68900.0,1900,Sell,235717173
2024-08-29 11:00:41,68900.0,200,Sell,235717273
2024-08-29 11:00:41,68900.0,100,Sell,235717272
2024-08-29 11:00:42,69000.0,100,Buy,235717283
2024-08-29 11:00:42,69000.0,100,Buy,235717284
2024-08-29 11:01:01,68900.0,100,Sell,235717556
2024-08-29 11:01:16,69000.0,1500,Buy,235717731
2024-08-29 11:01:16,69000.0,2300,Buy,235717730
2024-08-29 11:01:16,69000.0,2300,Buy,235717727
2024-08-29 11:01:16,69000.0,100,Buy,235717726
2024-08-29 11:01:16,69000.0,2300,Buy,235717725
2024-08-29 11:01:16,69000.0,2300,Buy,235717729
2024-08-29 11:01:16,69000.0,2200,Buy,235717723
2024-08-29 11:01:16,69000.0,100,Buy,235717722
2024-08-29 11:01:16,69000.0,200,Buy,235717721
2024-08-29 11:01:16,69000.0,2400,Buy,235717720
2024-08-29 11:01:16,68900.0,100,Sell,235717717
2024-08-29 11:01:16,69000.0,2300,Buy,235717724
2024-08-29 11:01:16,69000.0,2000,Buy,235717728
2024-08-29 11:01:20,69000.0,700,Buy,235717766
2024-08-29 11:01:20,69000.0,100,Buy,235717767
2024-08-29 11:01:21,68900.0,1100,Sell,235717772
2024-08-29 11:01:21,68900.0,100,Sell,235717773
2024-08-29 11:01:24,69000.0,100,Buy,235717823
2024-08-29 11:01:24,69000.0,100,Buy,235717824
2024-08-29 11:01:24,69000.0,600,Buy,235717825
2024-08-29 11:01:34,69000.0,100,Buy,235717900
2024-08-29 11:01:41,68900.0,100,Sell,235717988
2024-08-29 11:01:41,68900.0,100,Sell,235717984
2024-08-29 11:01:53,69000.0,300,Buy,235718111
2024-08-29 11:01:58,69000.0,900,Buy,235718149
2024-08-29 11:01:58,69000.0,300,Buy,235718148
2024-08-29 11:02:01,68900.0,100,Sell,235718176
2024-08-29 11:02:01,68900.0,100,Sell,235718178
2024-08-29 11:02:09,68900.0,500,Sell,235718254
2024-08-29 11:02:17,69000.0,100,Buy,235718364
2024-08-29 11:02:17,69000.0,1000,Buy,235718365
2024-08-29 11:02:17,69000.0,200,Buy,235718366
2024-08-29 11:02:21,69000.0,100,Sell,235718412
2024-08-29 11:02:21,69000.0,100,Sell,235718426
2024-08-29 11:02:26,69000.0,2500,Sell,235718467
2024-08-29 11:02:26,69100.0,100,Buy,235718468
2024-08-29 11:02:41,69000.0,100,Sell,235718652
2024-08-29 11:02:41,69000.0,100,Sell,235718657
2024-08-29 11:03:01,68900.0,100,Sell,235718945
2024-08-29 11:03:15,69000.0,400,Sell,235719131
2024-08-29 11:03:18,69100.0,100,Buy,235719161
2024-08-29 11:03:21,69000.0,100,Sell,235719194
2024-08-29 11:03:31,69000.0,2600,Sell,235719300
2024-08-29 11:03:33,69000.0,300,Sell,235719319
2024-08-29 11:03:41,69000.0,200,Sell,235719392
2024-08-29 11:03:42,69000.0,100,Sell,235719404
2024-08-29 11:03:52,69000.0,100,Sell,235719524
2024-08-29 11:03:52,69000.0,10000,Sell,235719527
2024-08-29 11:03:53,69000.0,2500,Sell,235719529
2024-08-29 11:03:57,69000.0,2300,Sell,235719567
2024-08-29 11:04:01,69000.0,800,Sell,235719615
2024-08-29 11:04:02,69000.0,100,Sell,235719638
2024-08-29 11:04:10,69100.0,100,Buy,235719747
2024-08-29 11:04:15,69000.0,2500,Sell,235719782
2024-08-29 11:04:21,69000.0,100,Sell,235719832
2024-08-29 11:04:22,69000.0,100,Sell,235719838
2024-08-29 11:04:35,69000.0,300,Sell,235719985
2024-08-29 11:04:37,69000.0,2500,Sell,235720018
2024-08-29 11:04:41,69000.0,200,Sell,235720069
2024-08-29 11:04:42,69000.0,100,Sell,235720079
2024-08-29 11:04:59,69000.0,2500,Sell,235720253
2024-08-29 11:05:01,69000.0,100,Sell,235720281
2024-08-29 11:05:02,69000.0,100,Sell,235720290
2024-08-29 11:05:02,69100.0,200,Buy,235720295
2024-08-29 11:05:17,69100.0,8900,Buy,235720544
2024-08-29 11:05:17,69100.0,10000,Buy,235720543
2024-08-29 11:05:17,69100.0,100,Buy,235720540
2024-08-29 11:05:17,69100.0,400,Buy,235720539
2024-08-29 11:05:17,69100.0,500,Buy,235720541
2024-08-29 11:05:17,69100.0,100,Buy,235720542
2024-08-29 11:05:21,69000.0,1100,Sell,235720604
2024-08-29 11:05:21,69000.0,900,Sell,235720607
2024-08-29 11:05:21,69000.0,1600,Sell,235720608
2024-08-29 11:05:22,69000.0,100,Sell,235720618
2024-08-29 11:05:23,69100.0,100,Buy,235720634
2024-08-29 11:05:41,69000.0,100,Sell,235720864
2024-08-29 11:05:42,69000.0,100,Sell,235720876
2024-08-29 11:05:44,69000.0,2500,Sell,235720888
2024-08-29 11:05:54,69100.0,100,Buy,235720974
2024-08-29 11:06:01,69000.0,200,Sell,235721070
2024-08-29 11:06:02,69000.0,100,Sell,235721082
2024-08-29 11:06:06,69000.0,700,Sell,235721116
2024-08-29 11:06:06,69000.0,800,Sell,235721114
2024-08-29 11:06:06,69000.0,1000,Sell,235721115
2024-08-29 11:06:21,69000.0,100,Sell,235721285
2024-08-29 11:06:23,69000.0,100,Sell,235721323
2024-08-29 11:06:28,69000.0,2500,Sell,235721403
2024-08-29 11:06:28,69000.0,100,Sell,235721390
2024-08-29 11:06:31,69000.0,2200,Sell,235721418
2024-08-29 11:06:41,69000.0,300,Sell,235721554
2024-08-29 11:06:43,69000.0,100,Sell,235721572
2024-08-29 11:06:47,69100.0,100,Buy,235721607
2024-08-29 11:06:51,69000.0,2500,Sell,235721637
2024-08-29 11:07:01,69000.0,100,Sell,235721732
2024-08-29 11:07:03,69000.0,100,Sell,235721770
2024-08-29 11:07:11,69000.0,100,Sell,235721857
2024-08-29 11:07:12,69000.0,2500,Sell,235721872
2024-08-29 11:07:21,69000.0,100,Sell,235721972
2024-08-29 11:07:23,69000.0,100,Sell,235722014
2024-08-29 11:07:35,69000.0,2500,Sell,235722112
2024-08-29 11:07:39,69100.0,100,Buy,235722189
2024-08-29 11:07:41,69000.0,200,Sell,235722206
2024-08-29 11:07:43,69000.0,100,Sell,235722235
2024-08-29 11:07:48,69000.0,2300,Sell,235722297
2024-08-29 11:07:57,69000.0,2500,Sell,235722401
2024-08-29 11:07:59,69000.0,1000,Sell,235722425
2024-08-29 11:08:01,69000.0,300,Sell,235722446
2024-08-29 11:08:03,69000.0,100,Sell,235722485
2024-08-29 11:08:20,69000.0,200,Sell,235722708
2024-08-29 11:08:20,69000.0,300,Sell,235722709
2024-08-29 11:08:20,69000.0,100,Sell,235722710
2024-08-29 11:08:20,69000.0,700,Sell,235722711
2024-08-29 11:08:20,69000.0,1200,Sell,235722712
2024-08-29 11:08:21,69000.0,100,Sell,235722735
2024-08-29 11:08:23,69000.0,100,Sell,235722751
2024-08-29 11:08:31,69100.0,100,Buy,235722846
2024-08-29 11:08:42,69000.0,700,Sell,235722930
2024-08-29 11:08:42,69000.0,700,Sell,235722931
2024-08-29 11:08:42,69000.0,500,Sell,235722932
2024-08-29 11:08:42,69000.0,600,Sell,235722929
2024-08-29 11:08:43,69000.0,100,Sell,235722968
2024-08-29 11:08:54,69000.0,1000,Sell,235723061
2024-08-29 11:09:01,69000.0,200,Sell,235723146
2024-08-29 11:09:03,69000.0,100,Sell,235723163
2024-08-29 11:09:04,69000.0,100,Sell,235723168
2024-08-29 11:09:04,69100.0,100,Buy,235723176
2024-08-29 11:09:05,69000.0,2500,Sell,235723186
2024-08-29 11:09:05,69100.0,100,Buy,235723191
2024-08-29 11:09:21,69000.0,200,Sell,235723353
2024-08-29 11:09:23,69000.0,100,Sell,235723373
2024-08-29 11:09:23,69100.0,100,Buy,235723372
2024-08-29 11:09:27,69000.0,2500,Sell,235723415
2024-08-29 11:09:30,69000.0,2700,Sell,235723433
2024-08-29 11:09:30,69000.0,200,Sell,235723434
2024-08-29 11:09:30,69000.0,100,Sell,235723435
2024-08-29 11:09:32,69100.0,300,Buy,235723506
2024-08-29 11:09:32,69100.0,600,Buy,235723507
2024-08-29 11:09:32,69100.0,100,Buy,235723508
2024-08-29 11:09:32,69100.0,200,Buy,235723509
2024-08-29 11:09:32,69100.0,800,Buy,235723510
2024-08-29 11:09:41,69000.0,400,Sell,235723625
2024-08-29 11:09:44,69000.0,100,Sell,235723684
2024-08-29 11:09:50,69000.0,2400,Sell,235723838
2024-08-29 11:09:50,69000.0,100,Sell,235723837
2024-08-29 11:09:53,69100.0,800,Buy,235723870
2024-08-29 11:09:53,69100.0,200,Buy,235723869
2024-08-29 11:10:01,69000.0,200,Sell,235723976
2024-08-29 11:10:04,69000.0,100,Sell,235723999
2024-08-29 11:10:05,69100.0,100,Buy,235724024
2024-08-29 11:10:12,69000.0,2300,Sell,235724095
2024-08-29 11:10:12,69000.0,200,Sell,235724096
2024-08-29 11:10:15,69100.0,100,Buy,235724124
2024-08-29 11:10:19,69100.0,1000,Buy,235724173
2024-08-29 11:10:19,69100.0,1000,Buy,235724174
2024-08-29 11:10:21,69000.0,200,Sell,235724200
2024-08-29 11:10:24,69000.0,2200,Sell,235724237
2024-08-29 11:10:24,69000.0,100,Sell,235724236
2024-08-29 11:10:25,69000.0,100,Sell,235724248
2024-08-29 11:10:34,69000.0,2500,Sell,235724353
2024-08-29 11:10:39,69000.0,100,Sell,235724575
2024-08-29 11:10:41,69000.0,100,Sell,235724592
2024-08-29 11:10:41,69000.0,200,Sell,235724593
2024-08-29 11:10:44,69000.0,100,Sell,235724624
2024-08-29 11:10:50,69000.0,400,Sell,235724724
2024-08-29 11:10:50,69000.0,100,Sell,235724725
2024-08-29 11:10:54,69000.0,600,Sell,235724766
2024-08-29 11:10:54,69000.0,4400,Sell,235724769
2024-08-29 11:10:56,69000.0,600,Sell,235724810
2024-08-29 11:10:56,69000.0,300,Sell,235724811
2024-08-29 11:10:56,69000.0,500,Sell,235724808
2024-08-29 11:10:56,69000.0,500,Sell,235724809
2024-08-29 11:10:56,69000.0,600,Sell,235724807
2024-08-29 11:11:01,69000.0,400,Sell,235724857
2024-08-29 11:11:04,68900.0,100,Sell,235724890
2024-08-29 11:11:07,69100.0,100,Buy,235724925
2024-08-29 11:11:24,68900.0,100,Sell,235725159
2024-08-29 11:11:39,68900.0,100,Sell,235725292
2024-08-29 11:11:45,68900.0,100,Sell,235725377
2024-08-29 11:11:59,69000.0,200,Buy,235725524
2024-08-29 11:12:01,69000.0,2100,Buy,235725545
2024-08-29 11:12:01,69000.0,500,Buy,235725546
2024-08-29 11:12:01,69000.0,2000,Buy,235725547
2024-08-29 11:12:01,69000.0,300,Buy,235725548
2024-08-29 11:12:01,69000.0,100,Sell,235725551
2024-08-29 11:12:02,69000.0,2600,Sell,235725554
2024-08-29 11:12:05,69000.0,100,Sell,235725583
2024-08-29 11:12:21,69000.0,400,Sell,235725753
2024-08-29 11:12:24,69000.0,600,Sell,235725810
2024-08-29 11:12:24,69000.0,100,Sell,235725811
2024-08-29 11:12:24,69000.0,1900,Sell,235725809
2024-08-29 11:12:41,69000.0,100,Sell,235725975
2024-08-29 11:12:45,69000.0,100,Sell,235726029
2024-08-29 11:12:47,69000.0,300,Sell,235726039
2024-08-29 11:12:47,69000.0,700,Sell,235726040
2024-08-29 11:12:51,69000.0,100,Buy,235726114
2024-08-29 11:12:53,69000.0,1400,Buy,235726140
2024-08-29 11:12:59,69000.0,2200,Sell,235726222
2024-08-29 11:13:01,69000.0,200,Sell,235726235
2024-08-29 11:13:05,69000.0,100,Sell,235726265
2024-08-29 11:13:09,69000.0,2500,Sell,235726319
2024-08-29 11:13:12,69000.0,500,Sell,235726386
2024-08-29 11:13:21,69000.0,200,Sell,235726514
2024-08-29 11:13:25,69000.0,100,Sell,235726557
2024-08-29 11:13:31,69000.0,2500,Sell,235726657
2024-08-29 11:13:41,69000.0,100,Sell,235726789
2024-08-29 11:13:43,69100.0,100,Buy,235726826
2024-08-29 11:13:45,69000.0,100,Sell,235726844
2024-08-29 11:13:53,69000.0,2500,Sell,235726964
2024-08-29 11:14:01,69000.0,200,Sell,235727065
2024-08-29 11:14:05,69000.0,100,Sell,235727116
2024-08-29 11:14:14,69000.0,100,Sell,235727205
2024-08-29 11:14:16,69000.0,2500,Sell,235727242
2024-08-29 11:14:17,69000.0,2300,Sell,235727250
2024-08-29 11:14:21,69000.0,300,Sell,235727286
2024-08-29 11:14:25,69000.0,100,Sell,235727330
2024-08-29 11:14:36,69100.0,100,Buy,235727439
2024-08-29 11:14:38,69000.0,2500,Sell,235727450
2024-08-29 11:14:39,69000.0,1000,Sell,235727458
2024-08-29 11:14:39,69000.0,2500,Sell,235727457
2024-08-29 11:14:41,69000.0,300,Sell,235727504
2024-08-29 11:14:45,69000.0,100,Sell,235727584
2024-08-29 11:14:46,69100.0,100,Buy,235727593
2024-08-29 11:15:01,69000.0,2500,Sell,235727778
2024-08-29 11:15:01,69100.0,100,Buy,235727783
2024-08-29 11:15:06,69000.0,100,Sell,235727958
2024-08-29 11:15:22,69000.0,100,Sell,235728234
2024-08-29 11:15:24,69000.0,2500,Sell,235728249
2024-08-29 11:15:24,69000.0,400,Sell,235728251
2024-08-29 11:15:26,69000.0,100,Sell,235728316
2024-08-29 11:15:28,69100.0,100,Buy,235728355
2024-08-29 11:15:41,69000.0,200,Sell,235728501
2024-08-29 11:15:46,69000.0,500,Sell,235728543
2024-08-29 11:15:46,69000.0,100,Sell,235728548
2024-08-29 11:15:46,69000.0,300,Sell,235728546
2024-08-29 11:15:46,69000.0,700,Sell,235728542
2024-08-29 11:15:46,69000.0,500,Sell,235728544
2024-08-29 11:15:46,69000.0,500,Sell,235728545
2024-08-29 11:16:01,69000.0,100,Sell,235728764
2024-08-29 11:16:06,69000.0,100,Sell,235728894
2024-08-29 11:16:08,69000.0,1300,Sell,235728937
2024-08-29 11:16:08,69000.0,500,Sell,235728938
2024-08-29 11:16:08,69000.0,500,Sell,235728939
2024-08-29 11:16:08,69000.0,200,Sell,235728940
2024-08-29 11:16:20,69100.0,100,Buy,235729094
2024-08-29 11:16:21,69000.0,200,Sell,235729122
2024-08-29 11:16:21,69000.0,200,Sell,235729121
2024-08-29 11:16:26,69000.0,100,Sell,235729184
2024-08-29 11:16:31,69000.0,2500,Sell,235729246
2024-08-29 11:16:42,69000.0,100,Sell,235729460
2024-08-29 11:16:46,69000.0,100,Sell,235729539
2024-08-29 11:16:50,69000.0,100,Sell,235729588
2024-08-29 11:16:51,69000.0,100,Sell,235729612
2024-08-29 11:16:51,69000.0,500,Sell,235729613
2024-08-29 11:16:51,69000.0,600,Sell,235729614
2024-08-29 11:16:51,69000.0,1100,Sell,235729615
2024-08-29 11:16:53,69000.0,2500,Sell,235729648
2024-08-29 11:17:01,69000.0,300,Sell,235729738
2024-08-29 11:17:06,69000.0,100,Sell,235729786
2024-08-29 11:17:09,69000.0,5000,Sell,235729852
2024-08-29 11:17:09,69000.0,500,Sell,235729850
2024-08-29 11:17:09,69000.0,6000,Sell,235729849
2024-08-29 11:17:09,69000.0,2400,Sell,235729851
2024-08-29 11:17:12,69000.0,100,Buy,235729883
2024-08-29 11:17:12,69000.0,500,Buy,235729878
2024-08-29 11:17:13,69000.0,5500,Buy,235729892
2024-08-29 11:17:16,69000.0,2500,Sell,235729923
2024-08-29 11:17:22,69000.0,1200,Sell,235729980
2024-08-29 11:17:26,69000.0,100,Sell,235730029
2024-08-29 11:17:27,69000.0,700,Sell,235730040
2024-08-29 11:17:27,69000.0,100,Sell,235730041
2024-08-29 11:17:32,69000.0,5000,Buy,235730095
2024-08-29 11:17:35,69000.0,500,Buy,235730124
2024-08-29 11:17:39,69000.0,500,Buy,235730156
2024-08-29 11:17:42,68900.0,300,Sell,235730186
2024-08-29 11:17:43,68900.0,100,Sell,235730263
2024-08-29 11:17:43,68900.0,100,Sell,235730261
2024-08-29 11:17:43,68900.0,200,Sell,235730262
2024-08-29 11:17:46,68900.0,100,Sell,235730351
2024-08-29 11:18:02,68900.0,100,Sell,235730571
2024-08-29 11:18:04,69000.0,100,Buy,235730759
2024-08-29 11:18:09,68900.0,100,Sell,235730832
2024-08-29 11:18:25,68900.0,500,Sell,235731296
2024-08-29 11:18:25,68900.0,200,Sell,235731297
2024-08-29 11:18:25,68900.0,900,Sell,235731298
2024-08-29 11:18:25,68900.0,1400,Sell,235731299
2024-08-29 11:18:27,68900.0,100,Sell,235731318
2024-08-29 11:18:42,68900.0,100,Sell,235731547
2024-08-29 11:18:47,68900.0,100,Sell,235731617
2024-08-29 11:18:57,69000.0,200,Buy,235731783
2024-08-29 11:19:02,68900.0,100,Sell,235731877
2024-08-29 11:19:07,68900.0,100,Sell,235731941
2024-08-29 11:19:16,69000.0,1500,Buy,235732065
2024-08-29 11:19:21,68900.0,500,Sell,235732116
2024-08-29 11:19:25,68900.0,100,Sell,235732245
2024-08-29 11:19:27,68900.0,100,Sell,235732332
2024-08-29 11:19:27,69000.0,100,Buy,235732339
2024-08-29 11:19:32,69000.0,1000,Buy,235732447
2024-08-29 11:19:42,68900.0,100,Sell,235732678
2024-08-29 11:19:47,68900.0,100,Sell,235732770
2024-08-29 11:19:49,69000.0,100,Buy,235732849
2024-08-29 11:19:52,69000.0,200,Buy,235732933
2024-08-29 11:19:52,69000.0,400,Buy,235732934
2024-08-29 11:20:01,69000.0,500,Buy,235733349
2024-08-29 11:20:01,69000.0,100,Buy,235733348
2024-08-29 11:20:01,69000.0,2300,Buy,235733347
2024-08-29 11:20:01,69000.0,1900,Buy,235733345
2024-08-29 11:20:01,69000.0,100,Buy,235733346
2024-08-29 11:20:02,69000.0,100,Sell,235733381
2024-08-29 11:20:07,69000.0,100,Sell,235733502
2024-08-29 11:20:09,69100.0,600,Buy,235733572
2024-08-29 11:20:09,69100.0,500,Buy,235733573
2024-08-29 11:20:09,69100.0,900,Buy,235733574
2024-08-29 11:20:09,69000.0,600,Sell,235733581
2024-08-29 11:20:09,69000.0,2100,Sell,235733582
2024-08-29 11:20:22,69000.0,500,Sell,235733861
2024-08-29 11:20:27,69000.0,100,Sell,235733984
2024-08-29 11:20:31,69000.0,100,Sell,235734022
2024-08-29 11:20:31,69000.0,800,Sell,235734019
2024-08-29 11:20:31,69000.0,300,Sell,235734020
2024-08-29 11:20:31,69000.0,500,Sell,235734021
2024-08-29 11:20:40,69000.0,100,Buy,235734141
2024-08-29 11:20:42,68900.0,100,Sell,235734156
2024-08-29 11:20:48,68900.0,100,Sell,235734230
2024-08-29 11:20:54,69000.0,1200,Buy,235734376
2024-08-29 11:21:01,69000.0,500,Buy,235734476
2024-08-29 11:21:02,68900.0,100,Sell,235734559
2024-08-29 11:21:08,68900.0,100,Sell,235734723
2024-08-29 11:21:19,69000.0,100,Buy,235735136
2024-08-29 11:21:28,68900.0,100,Sell,235735354
2024-08-29 11:21:32,69000.0,100,Buy,235735402
2024-08-29 11:21:37,69000.0,100,Buy,235735519
2024-08-29 11:21:38,68900.0,100,Sell,235735531
2024-08-29 11:21:38,68900.0,100,Sell,235735532
2024-08-29 11:21:39,69000.0,200,Buy,235735537
2024-08-29 11:21:39,69000.0,300,Buy,235735538
2024-08-29 11:21:48,68900.0,100,Sell,235735678
2024-08-29 11:21:52,69000.0,100,Buy,235735733
2024-08-29 11:22:02,69000.0,500,Buy,235735893
2024-08-29 11:22:02,68900.0,100,Sell,235735904
2024-08-29 11:22:08,68900.0,100,Sell,235736088
2024-08-29 11:22:10,68900.0,10600,Sell,235736167
2024-08-29 11:22:10,68900.0,900,Sell,235736166
2024-08-29 11:22:10,68900.0,300,Sell,235736164
2024-08-29 11:22:10,68900.0,200,Sell,235736165
2024-08-29 11:22:13,68900.0,500,Sell,235736221
2024-08-29 11:22:22,68900.0,600,Sell,235736401
2024-08-29 11:22:24,69000.0,100,Buy,235736441
2024-08-29 11:22:29,68900.0,100,Sell,235736487
2024-08-29 11:22:40,68900.0,100,Sell,235736719
2024-08-29 11:22:44,68900.0,100,Sell,235736748
2024-08-29 11:22:46,69000.0,300,Buy,235736785
2024-08-29 11:22:46,69000.0,100,Buy,235736786
2024-08-29 11:22:46,69000.0,600,Buy,235736787
2024-08-29 11:22:50,68900.0,100,Sell,235736849
2024-08-29 11:23:09,68900.0,100,Sell,235737134
2024-08-29 11:23:17,69000.0,100,Buy,235737252
2024-08-29 11:23:29,68900.0,100,Sell,235737410
2024-08-29 11:23:42,69000.0,500,Buy,235737624
2024-08-29 11:23:49,68900.0,100,Sell,235737698
2024-08-29 11:24:02,68900.0,100,Sell,235737905
2024-08-29 11:24:09,68900.0,100,Sell,235738014
2024-08-29 11:24:09,69000.0,100,Buy,235738019
2024-08-29 11:24:09,69000.0,100,Buy,235738020
2024-08-29 11:24:12,69000.0,500,Buy,235738066
2024-08-29 11:24:15,69000.0,400,Buy,235738099
2024-08-29 11:24:15,69000.0,600,Buy,235738100
2024-08-29 11:24:20,69000.0,200,Buy,235738176
2024-08-29 11:24:21,69000.0,200,Buy,235738197
2024-08-29 11:24:21,69000.0,300,Buy,235738198
2024-08-29 11:24:22,68900.0,100,Sell,235738210
2024-08-29 11:24:29,68900.0,100,Sell,235738305
2024-08-29 11:24:36,68900.0,100,Sell,235738384
2024-08-29 11:24:37,68900.0,200,Sell,235738400
2024-08-29 11:24:49,68900.0,100,Sell,235738563
2024-08-29 11:25:01,69000.0,100,Buy,235738704
2024-08-29 11:25:09,68900.0,100,Sell,235738854
2024-08-29 11:25:27,69000.0,100,Buy,235739015
2024-08-29 11:25:27,69000.0,400,Buy,235739016
2024-08-29 11:25:27,69000.0,1500,Buy,235739017
2024-08-29 11:25:29,68900.0,100,Sell,235739027
2024-08-29 11:25:42,68900.0,100,Sell,235739186
2024-08-29 11:25:49,69000.0,1900,Buy,235739291
2024-08-29 11:25:49,68900.0,100,Sell,235739292
2024-08-29 11:25:49,69000.0,800,Buy,235739290
2024-08-29 11:25:49,69000.0,2300,Buy,235739287
2024-08-29 11:25:49,69000.0,4000,Buy,235739288
2024-08-29 11:25:49,69000.0,200,Buy,235739289
2024-08-29 11:25:49,69000.0,800,Buy,235739286
2024-08-29 11:25:53,69100.0,200,Buy,235739339
2024-08-29 11:26:03,68900.0,600,Sell,235739463
2024-08-29 11:26:10,68900.0,100,Sell,235739542
2024-08-29 11:26:16,69000.0,100,Buy,235739606
2024-08-29 11:26:20,68900.0,2000,Sell,235739671
2024-08-29 11:26:22,68900.0,100,Sell,235739706
2024-08-29 11:26:23,68900.0,200,Sell,235739725
2024-08-29 11:26:30,68900.0,100,Sell,235739792
2024-08-29 11:26:44,68900.0,400,Sell,235739972
2024-08-29 11:26:45,69000.0,100,Buy,235739982
2024-08-29 11:26:49,69000.0,700,Buy,235740014
2024-08-29 11:26:50,68900.0,100,Sell,235740022
2024-08-29 11:27:02,68900.0,100,Sell,235740174
2024-08-29 11:27:06,68900.0,200,Sell,235740245
2024-08-29 11:27:10,68900.0,100,Sell,235740287
2024-08-29 11:27:12,68900.0,100,Sell,235740304
2024-08-29 11:27:24,69000.0,500,Buy,235740420
2024-08-29 11:27:30,68900.0,100,Sell,235740510
2024-08-29 11:27:37,69000.0,100,Buy,235740572
2024-08-29 11:27:48,69000.0,500,Buy,235740763
2024-08-29 11:27:50,68900.0,100,Sell,235740787
2024-08-29 11:27:53,68900.0,2000,Sell,235740847
2024-08-29 11:28:02,68900.0,100,Sell,235740995
2024-08-29 11:28:02,68900.0,100,Sell,235740996
2024-08-29 11:28:10,69000.0,100,Buy,235741069
2024-08-29 11:28:11,68900.0,100,Sell,235741075
2024-08-29 11:28:30,69000.0,100,Buy,235741349
2024-08-29 11:28:31,68900.0,100,Sell,235741367
2024-08-29 11:28:50,69000.0,100,Buy,235741608
2024-08-29 11:28:51,68900.0,100,Sell,235741610
2024-08-29 11:28:55,69000.0,1100,Buy,235741648
2024-08-29 11:28:56,68900.0,100,Sell,235741706
2024-08-29 11:29:21,69000.0,100,Buy,235742032
2024-08-29 11:29:41,69000.0,800,Buy,235742319
2024-08-29 11:29:41,69000.0,200,Buy,235742320
2024-08-29 11:29:51,69000.0,100,Buy,235742454
2024-08-29 11:29:51,69000.0,2300,Buy,235742453
2024-08-29 11:29:51,69000.0,300,Buy,235742452
2024-08-29 11:29:51,69000.0,200,Buy,235742450
2024-08-29 11:29:51,69000.0,500,Buy,235742449
2024-08-29 11:29:51,69000.0,2300,Buy,235742448
2024-08-29 11:29:51,69000.0,800,Buy,235742447
2024-08-29 11:29:51,69000.0,100,Buy,235742451
2024-08-29 11:29:52,69000.0,1400,Sell,235742464
2024-08-29 11:29:52,69000.0,500,Sell,235742465
2024-08-29 11:29:55,69000.0,500,Buy,235742485
2024-08-29 12:59:57,69100.0,500,Buy,235742576
2024-08-29 12:59:57,69000.0,200,Buy,235742818
2024-08-29 12:59:57,69100.0,300,Buy,235742577
2024-08-29 12:59:57,69100.0,200,Buy,235742575
2024-08-29 12:59:57,69100.0,300,Buy,235742578
2024-08-29 12:59:57,69100.0,600,Buy,235742573
2024-08-29 12:59:57,69000.0,1100,Buy,235742570
2024-08-29 12:59:57,69000.0,1500,Buy,235742534
2024-08-29 12:59:57,69100.0,400,Buy,235742574
2024-08-29 12:59:57,69100.0,100,Buy,235742572
2024-08-29 12:59:57,69100.0,1200,Buy,235742571
2024-08-29 12:59:58,68900.0,100,Sell,235742853
2024-08-29 12:59:58,69000.0,3100,Buy,235743065
2024-08-29 12:59:58,69000.0,1900,Buy,235743066
2024-08-29 13:00:00,69000.0,100,Buy,235743777
2024-08-29 13:00:03,69000.0,3000,Buy,235744205
2024-08-29 13:00:06,68900.0,300,Sell,235744549
2024-08-29 13:00:08,69000.0,100,Buy,235744806
2024-08-29 13:00:08,69000.0,400,Buy,235744807
2024-08-29 13:00:08,68900.0,400,Sell,235744853
2024-08-29 13:00:11,69000.0,600,Buy,235745083
2024-08-29 13:00:11,69000.0,400,Buy,235745084
2024-08-29 13:00:14,69000.0,100,Buy,235745245
2024-08-29 13:00:15,69000.0,200,Buy,235745341
2024-08-29 13:00:33,69000.0,300,Buy,235745831
2024-08-29 13:00:33,69000.0,200,Buy,235745832
2024-08-29 13:00:48,69000.0,100,Buy,235746082
2024-08-29 13:00:56,68900.0,1500,Sell,235746197
2024-08-29 13:00:56,68900.0,100,Sell,235746198
2024-08-29 13:01:06,69000.0,100,Buy,235746337
2024-08-29 13:01:10,69000.0,600,Buy,235746372
2024-08-29 13:01:10,69000.0,400,Buy,235746373
2024-08-29 13:01:11,69000.0,500,Buy,235746389
2024-08-29 13:01:11,68900.0,2800,Sell,235746397
2024-08-29 13:01:14,68900.0,500,Sell,235746447
2024-08-29 13:01:16,68900.0,300,Sell,235746467
2024-08-29 13:01:33,69000.0,3400,Buy,235746747
2024-08-29 13:01:33,69000.0,1200,Buy,235746746
2024-08-29 13:01:33,69000.0,100,Buy,235746745
2024-08-29 13:01:33,69000.0,400,Buy,235746743
2024-08-29 13:01:33,69000.0,200,Buy,235746742
2024-08-29 13:01:33,69000.0,100,Buy,235746744
2024-08-29 13:01:33,69000.0,600,Buy,235746741
2024-08-29 13:01:36,68900.0,100,Sell,235746823
2024-08-29 13:01:36,68900.0,300,Sell,235746819
2024-08-29 13:01:54,69000.0,1000,Buy,235747056
2024-08-29 13:01:56,68900.0,100,Sell,235747093
2024-08-29 13:01:56,68900.0,100,Sell,235747102
2024-08-29 13:01:58,69000.0,100,Buy,235747210
2024-08-29 13:02:02,68900.0,100,Sell,235747474
2024-08-29 13:02:16,68900.0,100,Sell,235747757
2024-08-29 13:02:23,68900.0,100,Sell,235747933
2024-08-29 13:02:36,68900.0,200,Sell,235748275
2024-08-29 13:02:50,69000.0,200,Buy,235748543
2024-08-29 13:02:58,68900.0,200,Sell,235748662
2024-08-29 13:03:17,68900.0,200,Sell,235749100
2024-08-29 13:03:31,69000.0,100,Buy,235749332
2024-08-29 13:03:37,68900.0,200,Sell,235749466
2024-08-29 13:03:42,69000.0,100,Buy,235749557
2024-08-29 13:03:46,69000.0,2600,Buy,235749619
2024-08-29 13:03:49,69000.0,1000,Buy,235749663
2024-08-29 13:03:51,69000.0,400,Buy,235749706
2024-08-29 13:03:56,68900.0,300,Sell,235749813
2024-08-29 13:03:58,68900.0,200,Sell,235749842
2024-08-29 13:04:18,68900.0,200,Sell,235750250
2024-08-29 13:04:19,68900.0,100,Sell,235750268
2024-08-29 13:04:34,69000.0,100,Buy,235750562
2024-08-29 13:04:38,68900.0,200,Sell,235750701
2024-08-29 13:04:58,68900.0,200,Sell,235751073
2024-08-29 13:04:59,68900.0,100,Sell,235751085
2024-08-29 13:05:18,68900.0,100,Sell,235751564
2024-08-29 13:05:19,68900.0,200,Sell,235751584
2024-08-29 13:05:26,69000.0,100,Buy,235751725
2024-08-29 13:05:36,68900.0,100,Sell,235751903
2024-08-29 13:05:39,68900.0,100,Sell,235751947
2024-08-29 13:05:39,68900.0,100,Sell,235751948
2024-08-29 13:05:45,68900.0,400,Sell,235752093
2024-08-29 13:05:45,68900.0,100,Sell,235752094
2024-08-29 13:06:00,68900.0,200,Sell,235752356
2024-08-29 13:06:05,68900.0,100,Sell,235752474
2024-08-29 13:06:18,69000.0,100,Buy,235752718
2024-08-29 13:06:20,68900.0,200,Sell,235752742
2024-08-29 13:06:40,68900.0,200,Sell,235753168
2024-08-29 13:06:45,68900.0,100,Sell,235753301
2024-08-29 13:06:45,68900.0,200,Sell,235753302
2024-08-29 13:06:45,68900.0,100,Sell,235753300
2024-08-29 13:06:56,68900.0,100,Sell,235753543
2024-08-29 13:07:00,68900.0,200,Sell,235753617
2024-08-29 13:07:02,68900.0,300,Sell,235753641
2024-08-29 13:07:02,68900.0,200,Sell,235753642
2024-08-29 13:07:10,69000.0,100,Buy,235753788
2024-08-29 13:07:21,68900.0,200,Sell,235754021
2024-08-29 13:07:21,68900.0,500,Sell,235754025
2024-08-29 13:07:24,68900.0,500,Sell,235754069
2024-08-29 13:07:34,68900.0,100,Sell,235754261
2024-08-29 13:07:36,68900.0,100,Sell,235754383
2024-08-29 13:07:39,68900.0,400,Sell,235754443
2024-08-29 13:07:39,68900.0,100,Sell,235754442
2024-08-29 13:07:40,68900.0,100,Sell,235754452
2024-08-29 13:07:41,68900.0,200,Sell,235754474
2024-08-29 13:07:45,69000.0,300,Buy,235754595
2024-08-29 13:07:50,69000.0,400,Buy,235754678
2024-08-29 13:07:50,69000.0,3200,Buy,235754679
2024-08-29 13:07:50,69000.0,500,Buy,235754680
2024-08-29 13:07:50,69000.0,1000,Buy,235754681
2024-08-29 13:07:50,69000.0,2300,Buy,235754682
2024-08-29 13:07:50,69000.0,2300,Buy,235754683
2024-08-29 13:07:50,69000.0,300,Buy,235754684
2024-08-29 13:07:53,69000.0,700,Buy,235754753
2024-08-29 13:07:53,69000.0,2000,Buy,235754752
2024-08-29 13:07:53,69000.0,500,Buy,235754751
2024-08-29 13:07:53,69000.0,2300,Buy,235754750
2024-08-29 13:07:53,69000.0,200,Buy,235754749
2024-08-29 13:07:53,69000.0,100,Buy,235754746
2024-08-29 13:07:53,69000.0,1000,Buy,235754747
2024-08-29 13:07:53,69000.0,2300,Buy,235754745
2024-08-29 13:07:53,69000.0,2000,Buy,235754744
2024-08-29 13:07:53,69000.0,1000,Buy,235754743
2024-08-29 13:07:53,69000.0,700,Buy,235754742
2024-08-29 13:07:53,69000.0,2200,Buy,235754748
2024-08-29 13:07:56,69000.0,100,Buy,235754819
2024-08-29 13:07:56,68900.0,1300,Sell,235754820
2024-08-29 13:08:01,68900.0,200,Sell,235754974
2024-08-29 13:08:02,69000.0,100,Buy,235754993
2024-08-29 13:08:09,68900.0,100,Sell,235755142
2024-08-29 13:08:09,69000.0,1700,Buy,235755128
2024-08-29 13:08:09,69000.0,100,Buy,235755127
2024-08-29 13:08:09,69000.0,100,Buy,235755126
2024-08-29 13:08:09,69000.0,100,Buy,235755125
2024-08-29 13:08:10,69000.0,500,Buy,235755153
2024-08-29 13:08:13,69100.0,100,Buy,235755215
2024-08-29 13:08:13,69000.0,100,Buy,235755209
2024-08-29 13:08:13,69000.0,100,Buy,235755210
2024-08-29 13:08:14,69000.0,100,Sell,235755222
2024-08-29 13:08:16,68900.0,200,Sell,235755297
2024-08-29 13:08:21,68900.0,200,Sell,235755503
2024-08-29 13:08:37,68900.0,100,Sell,235755817
2024-08-29 13:08:37,68900.0,100,Sell,235755818
2024-08-29 13:08:37,68900.0,300,Sell,235755816
2024-08-29 13:08:41,69000.0,300,Buy,235755880
2024-08-29 13:08:42,68900.0,200,Sell,235755895
2024-08-29 13:08:54,69000.0,100,Buy,235756190
2024-08-29 13:08:56,68900.0,100,Sell,235756219
2024-08-29 13:09:01,68900.0,200,Sell,235756321
2024-08-29 13:09:22,68900.0,200,Sell,235756773
2024-08-29 13:09:37,69000.0,300,Buy,235757121
2024-08-29 13:09:42,68900.0,100,Sell,235757278
2024-08-29 13:09:42,68900.0,100,Sell,235757279
2024-08-29 13:09:47,69000.0,200,Buy,235757375
2024-08-29 13:09:56,68900.0,500,Sell,235757557
2024-08-29 13:10:02,68900.0,200,Sell,235757722
2024-08-29 13:10:10,68900.0,100,Sell,235757887
2024-08-29 13:10:13,69000.0,100,Buy,235758004
2024-08-29 13:10:17,68900.0,100,Sell,235758074
2024-08-29 13:10:22,68900.0,200,Sell,235758299
2024-08-29 13:10:29,69000.0,2600,Buy,235758418
2024-08-29 13:10:35,69000.0,300,Buy,235758554
2024-08-29 13:10:36,68900.0,200,Sell,235758581
2024-08-29 13:10:39,69000.0,100,Buy,235758625
2024-08-29 13:10:42,68900.0,200,Sell,235758734
2024-08-29 13:10:43,69000.0,500,Buy,235758737
2024-08-29 13:11:02,68900.0,200,Sell,235759207
2024-08-29 13:11:03,68900.0,1000,Sell,235759213
2024-08-29 13:11:13,68900.0,300,Sell,235759427
2024-08-29 13:11:17,68900.0,100,Sell,235759498
2024-08-29 13:11:22,68900.0,500,Sell,235759676
2024-08-29 13:11:23,68900.0,200,Sell,235759688
2024-08-29 13:11:31,69000.0,100,Buy,235759938
2024-08-29 13:11:43,68900.0,200,Sell,235760173
2024-08-29 13:11:44,69000.0,400,Buy,235760216
2024-08-29 13:11:44,69000.0,2300,Buy,235760217
2024-08-29 13:11:44,69000.0,800,Buy,235760218
2024-08-29 13:11:44,69000.0,100,Buy,235760219
2024-08-29 13:11:44,69000.0,2400,Buy,235760220
2024-08-29 13:11:57,68900.0,300,Sell,235760809
2024-08-29 13:12:01,69000.0,2000,Buy,235760941
2024-08-29 13:12:01,69000.0,200,Buy,235760939
2024-08-29 13:12:01,69000.0,100,Buy,235760940
2024-08-29 13:12:01,69000.0,5000,Buy,235760937
2024-08-29 13:12:01,69000.0,2600,Buy,235760936
2024-08-29 13:12:01,69000.0,100,Buy,235760938
2024-08-29 13:12:03,68900.0,200,Sell,235760991
2024-08-29 13:12:12,69000.0,300,Buy,235761233
2024-08-29 13:12:12,69000.0,200,Buy,235761234
2024-08-29 13:12:17,68900.0,600,Sell,235761369
2024-08-29 13:12:19,69000.0,200,Buy,235761438
2024-08-29 13:12:19,69000.0,100,Buy,235761439
2024-08-29 13:12:19,69000.0,700,Buy,235761440
2024-08-29 13:12:23,68900.0,200,Sell,235761547
2024-08-29 13:12:23,69000.0,100,Buy,235761555
2024-08-29 13:12:36,69000.0,2900,Buy,235761893
2024-08-29 13:12:36,69000.0,300,Buy,235761892
2024-08-29 13:12:36,69000.0,100,Buy,235761891
2024-08-29 13:12:36,69000.0,1000,Buy,235761888
2024-08-29 13:12:36,69000.0,500,Buy,235761889
2024-08-29 13:12:36,69000.0,2200,Buy,235761890
2024-08-29 13:12:36,69000.0,200,Buy,235761887
2024-08-29 13:12:37,68900.0,100,Sell,235761906
2024-08-29 13:12:37,69000.0,500,Buy,235761904
2024-08-29 13:12:41,69000.0,3800,Buy,235762008
2024-08-29 13:12:41,69000.0,200,Buy,235762009
2024-08-29 13:12:41,69000.0,6600,Buy,235762007
2024-08-29 13:12:42,69000.0,2300,Sell,235762060
2024-08-29 13:12:43,69000.0,200,Sell,235762081
2024-08-29 13:12:45,69000.0,100,Sell,235762109
2024-08-29 13:12:54,69000.0,3800,Sell,235762371
2024-08-29 13:12:54,69100.0,100,Buy,235762390
2024-08-29 13:12:57,69000.0,1300,Sell,235762432
2024-08-29 13:13:03,69000.0,200,Sell,235762521
2024-08-29 13:13:08,69000.0,400,Sell,235762729
2024-08-29 13:13:08,69000.0,1000,Sell,235762721
2024-08-29 13:13:15,69100.0,100,Buy,235762927
2024-08-29 13:13:16,69000.0,3800,Sell,235762959
2024-08-29 13:13:17,69000.0,100,Sell,235762973
2024-08-29 13:13:24,69000.0,200,Sell,235763228
2024-08-29 13:13:36,69000.0,500,Sell,235763571
2024-08-29 13:13:37,69000.0,200,Sell,235763574
2024-08-29 13:13:38,69100.0,100,Buy,235763622
2024-08-29 13:13:39,69000.0,3800,Sell,235763634
2024-08-29 13:13:43,69000.0,1500,Sell,235763736
2024-08-29 13:13:43,69000.0,500,Sell,235763737
2024-08-29 13:13:44,69000.0,200,Sell,235763756
2024-08-29 13:13:52,69000.0,800,Sell,235763909
2024-08-29 13:13:57,69000.0,400,Sell,235764077
2024-08-29 13:13:59,69000.0,200,Sell,235764122
2024-08-29 13:13:59,69000.0,100,Sell,235764121
2024-08-29 13:14:01,69000.0,1800,Sell,235764156
2024-08-29 13:14:01,69000.0,100,Sell,235764157
2024-08-29 13:14:01,69000.0,400,Sell,235764158
2024-08-29 13:14:01,69000.0,100,Sell,235764167
2024-08-29 13:14:01,69000.0,2000,Sell,235764168
2024-08-29 13:14:01,69000.0,1700,Sell,235764169
2024-08-29 13:14:04,69000.0,200,Sell,235764244
2024-08-29 13:14:05,69000.0,100,Sell,235764265
2024-08-29 13:14:05,69000.0,100,Sell,235764266
2024-08-29 13:14:07,69100.0,100,Buy,235764349
2024-08-29 13:14:11,69000.0,100,Sell,235764456
2024-08-29 13:14:11,69000.0,1000,Sell,235764444
2024-08-29 13:14:15,69000.0,800,Sell,235764562
2024-08-29 13:14:15,69000.0,200,Sell,235764563
2024-08-29 13:14:17,69000.0,400,Sell,235764597
2024-08-29 13:14:19,69000.0,100,Sell,235764626
2024-08-29 13:14:19,69000.0,1000,Sell,235764633
2024-08-29 13:14:24,69000.0,200,Sell,235764745
2024-08-29 13:14:24,69000.0,100,Sell,235764762
2024-08-29 13:14:24,69000.0,500,Sell,235764763
2024-08-29 13:14:27,69000.0,1500,Buy,235764974
2024-08-29 13:14:31,69000.0,500,Buy,235765029
2024-08-29 13:14:37,68900.0,200,Sell,235765144
2024-08-29 13:14:44,68900.0,200,Sell,235765452
2024-08-29 13:14:46,68900.0,100,Sell,235765540
2024-08-29 13:14:46,68900.0,400,Sell,235765541
2024-08-29 13:14:57,68900.0,100,Sell,235765881
2024-08-29 13:14:59,69000.0,100,Buy,235765996
2024-08-29 13:15:04,68900.0,200,Sell,235766181
2024-08-29 13:15:21,68900.0,100,Sell,235766677
2024-08-29 13:15:24,68900.0,200,Sell,235766813
2024-08-29 13:15:44,68900.0,200,Sell,235767456
2024-08-29 13:15:51,69000.0,100,Buy,235767669
2024-08-29 13:15:57,68900.0,100,Sell,235767772
2024-08-29 13:16:05,68900.0,200,Sell,235767947
2024-08-29 13:16:06,69000.0,200,Buy,235767960
2024-08-29 13:16:12,69000.0,4000,Buy,235768132
2024-08-29 13:16:12,69000.0,1000,Buy,235768133
2024-08-29 13:16:17,68900.0,300,Sell,235768228
2024-08-29 13:16:25,68900.0,200,Sell,235768436
2024-08-29 13:16:29,68900.0,1000,Sell,235768549
2024-08-29 13:16:29,68900.0,500,Sell,235768547
2024-08-29 13:16:29,68900.0,500,Sell,235768548
2024-08-29 13:16:37,68900.0,100,Sell,235768751
2024-08-29 13:16:43,69000.0,200,Buy,235768856
2024-08-29 13:16:45,68900.0,200,Sell,235768944
2024-08-29 13:16:57,68900.0,100,Sell,235769368
2024-08-29 13:17:04,68900.0,1600,Sell,235769653
2024-08-29 13:17:05,68900.0,200,Sell,235769696
2024-08-29 13:17:09,68900.0,900,Sell,235769858
2024-08-29 13:17:17,68900.0,100,Sell,235770143
2024-08-29 13:17:18,69000.0,3300,Buy,235770190
2024-08-29 13:17:18,69000.0,100,Buy,235770189
2024-08-29 13:17:18,69000.0,2300,Buy,235770188
2024-08-29 13:17:18,69000.0,4000,Buy,235770187
2024-08-29 13:17:18,69000.0,4300,Buy,235770185
2024-08-29 13:17:18,69000.0,800,Buy,235770183
2024-08-29 13:17:18,69000.0,200,Buy,235770186
2024-08-29 13:17:18,69000.0,5000,Buy,235770184
2024-08-29 13:17:25,68900.0,200,Sell,235770412
2024-08-29 13:17:32,68900.0,100,Sell,235770530
2024-08-29 13:17:36,69000.0,100,Buy,235770626
2024-08-29 13:17:36,69000.0,100,Buy,235770627
2024-08-29 13:17:37,68900.0,1100,Sell,235770634
2024-08-29 13:17:39,68900.0,300,Sell,235770687
2024-08-29 13:17:45,68900.0,200,Sell,235770835
2024-08-29 13:17:57,68900.0,100,Sell,235771069
2024-08-29 13:18:04,69000.0,2000,Buy,235771329
2024-08-29 13:18:06,68900.0,200,Sell,235771360
2024-08-29 13:18:17,68900.0,100,Sell,235771668
2024-08-29 13:18:25,68900.0,200,Sell,235771871
2024-08-29 13:18:28,69000.0,100,Buy,235771939
2024-08-29 13:18:46,68900.0,200,Sell,235772311
2024-08-29 13:18:54,69000.0,300,Buy,235772563
2024-08-29 13:18:57,68900.0,100,Sell,235772633
2024-08-29 13:19:06,68900.0,200,Sell,235772848
2024-08-29 13:19:11,68900.0,100,Sell,235773202
2024-08-29 13:19:17,68900.0,100,Sell,235773318
2024-08-29 13:19:17,68900.0,300,Sell,235773319
2024-08-29 13:19:20,69000.0,100,Buy,235773383
2024-08-29 13:19:26,68900.0,100,Sell,235773570
2024-08-29 13:19:26,68900.0,100,Sell,235773571
2024-08-29 13:19:33,69000.0,1000,Buy,235773744
2024-08-29 13:19:36,68900.0,200,Sell,235773820
2024-08-29 13:19:36,69000.0,500,Buy,235773806
2024-08-29 13:19:37,68900.0,100,Sell,235773825
2024-08-29 13:19:46,68900.0,100,Sell,235774031
2024-08-29 13:19:46,68900.0,100,Sell,235774032
2024-08-29 13:20:06,68900.0,200,Sell,235774454
2024-08-29 13:20:12,69000.0,100,Buy,235774571
2024-08-29 13:20:14,69000.0,500,Buy,235774601
2024-08-29 13:20:17,68900.0,100,Sell,235774690
2024-08-29 13:20:18,68900.0,100,Sell,235774833
2024-08-29 13:20:18,68900.0,2900,Sell,235774834
2024-08-29 13:20:27,68900.0,200,Sell,235775081
2024-08-29 13:20:32,68900.0,100,Sell,235775206
2024-08-29 13:20:37,68900.0,100,Sell,235775293
2024-08-29 13:20:38,69000.0,100,Buy,235775317
2024-08-29 13:20:47,68900.0,200,Sell,235775521
2024-08-29 13:20:57,68900.0,100,Sell,235776014
2024-08-29 13:21:04,69000.0,100,Buy,235776216
2024-08-29 13:21:06,68900.0,2900,Sell,235776315
2024-08-29 13:21:07,68900.0,200,Sell,235776335
2024-08-29 13:21:17,68900.0,100,Sell,235776786
2024-08-29 13:21:27,68900.0,200,Sell,235776978
2024-08-29 13:21:47,68900.0,200,Sell,235777453
2024-08-29 13:21:56,69000.0,100,Buy,235777692
2024-08-29 13:21:57,69000.0,500,Buy,235777716
2024-08-29 13:21:57,69000.0,500,Buy,235777717
2024-08-29 13:21:58,69000.0,400,Buy,235777726
2024-08-29 13:21:58,69000.0,200,Buy,235777725
2024-08-29 13:21:58,69000.0,300,Buy,235777724
2024-08-29 13:21:58,69000.0,200,Buy,235777722
2024-08-29 13:21:58,69000.0,500,Buy,235777720
2024-08-29 13:21:58,69000.0,300,Buy,235777723
2024-08-29 13:21:59,69000.0,500,Buy,235777759
2024-08-29 13:22:07,68900.0,200,Sell,235777935
2024-08-29 13:22:08,69000.0,500,Buy,235777954
2024-08-29 13:22:09,69000.0,500,Buy,235777957
2024-08-29 13:22:09,69000.0,500,Buy,235777958
2024-08-29 13:22:09,69000.0,500,Buy,235777960
2024-08-29 13:22:09,69000.0,400,Buy,235777964
2024-08-29 13:22:09,69000.0,500,Buy,235777986
2024-08-29 13:22:09,69000.0,500,Buy,235777990
2024-08-29 13:22:10,69000.0,500,Buy,235778003
2024-08-29 13:22:10,69000.0,500,Buy,235778001
2024-08-29 13:22:10,69000.0,500,Buy,235777996
2024-08-29 13:22:10,69000.0,500,Buy,235777997
2024-08-29 13:22:11,69000.0,500,Buy,235778008
2024-08-29 13:22:11,69000.0,500,Buy,235778010
2024-08-29 13:22:11,69000.0,500,Buy,235778011
2024-08-29 13:22:11,69000.0,400,Buy,235778018
2024-08-29 13:22:11,69000.0,500,Buy,235778035
2024-08-29 13:22:11,69000.0,500,Buy,235778039
2024-08-29 13:22:12,69000.0,200,Buy,235778050
2024-08-29 13:22:17,68900.0,700,Sell,235778181
2024-08-29 13:22:17,69000.0,100,Buy,235778183
2024-08-29 13:22:27,68900.0,200,Sell,235778386
2024-08-29 13:22:38,69000.0,300,Buy,235778638
2024-08-29 13:22:38,69000.0,5000,Buy,235778639
2024-08-29 13:22:38,69000.0,1000,Buy,235778640
2024-08-29 13:22:38,69000.0,2300,Buy,235778641
2024-08-29 13:22:38,69000.0,100,Buy,235778643
2024-08-29 13:22:38,69000.0,100,Buy,235778646
2024-08-29 13:22:38,69000.0,100,Buy,235778642
2024-08-29 13:22:38,69000.0,1000,Buy,235778644
2024-08-29 13:22:38,69000.0,100,Buy,235778645
2024-08-29 13:22:46,69000.0,500,Buy,235778824
2024-08-29 13:22:48,68900.0,200,Sell,235778846
2024-08-29 13:22:48,69000.0,100,Buy,235778855
2024-08-29 13:22:49,69000.0,1400,Buy,235778887
2024-08-29 13:22:49,69000.0,1600,Buy,235778884
2024-08-29 13:22:49,69000.0,2600,Buy,235778885
2024-08-29 13:22:49,69000.0,400,Buy,235778886
2024-08-29 13:22:53,69000.0,800,Buy,235778971
2024-08-29 13:22:53,69000.0,900,Buy,235778972
2024-08-29 13:22:53,69000.0,100,Buy,235779036
2024-08-29 13:22:53,69000.0,100,Buy,235779037
2024-08-29 13:22:57,68900.0,1000,Sell,235779113
2024-08-29 13:22:59,69000.0,900,Buy,235779164
2024-08-29 13:22:59,69000.0,1100,Buy,235779165
2024-08-29 13:23:05,69000.0,500,Buy,235779315
2024-08-29 13:23:08,68900.0,200,Sell,235779388
2024-08-29 13:23:14,69000.0,500,Buy,235779502
2024-08-29 13:23:15,69000.0,100,Buy,235779521
2024-08-29 13:23:17,68900.0,200,Sell,235779593
2024-08-29 13:23:24,69000.0,400,Buy,235779699
2024-08-29 13:23:25,69000.0,400,Buy,235779768
2024-08-29 13:23:25,69000.0,100,Buy,235779769
2024-08-29 13:23:28,68900.0,100,Sell,235779861
2024-08-29 13:23:28,68900.0,100,Sell,235779862
2024-08-29 13:23:28,69000.0,400,Buy,235779863
2024-08-29 13:23:41,69000.0,100,Buy,235780343
2024-08-29 13:23:48,68900.0,200,Sell,235780491
2024-08-29 13:23:57,68900.0,100,Sell,235780700
2024-08-29 13:24:08,68900.0,200,Sell,235780896
2024-08-29 13:24:16,68900.0,1000,Sell,235781050
2024-08-29 13:24:28,68900.0,200,Sell,235781276
2024-08-29 13:24:28,68900.0,100,Sell,235781260
2024-08-29 13:24:32,69000.0,200,Buy,235781382
2024-08-29 13:24:41,69000.0,200,Buy,235781522
2024-08-29 13:24:41,69000.0,200,Buy,235781521
2024-08-29 13:24:42,69000.0,100,Buy,235781546
2024-08-29 13:24:48,68900.0,200,Sell,235781636
2024-08-29 13:24:53,69000.0,100,Buy,235781703
2024-08-29 13:24:57,68900.0,100,Sell,235781791
2024-08-29 13:25:02,68900.0,2400,Sell,235781861
2024-08-29 13:25:04,68900.0,2500,Sell,235781897
2024-08-29 13:25:09,68900.0,200,Sell,235781986
2024-08-29 13:25:17,68900.0,300,Sell,235782152
2024-08-29 13:25:18,69000.0,300,Buy,235782206
2024-08-29 13:25:24,69000.0,100,Buy,235782380
2024-08-29 13:25:29,68900.0,200,Sell,235782470
2024-08-29 13:25:43,68900.0,100,Sell,235782843
2024-08-29 13:25:49,68900.0,200,Sell,235783138
2024-08-29 13:26:09,68900.0,200,Sell,235783738
2024-08-29 13:26:17,69000.0,100,Buy,235783959
2024-08-29 13:26:29,68900.0,200,Sell,235784262
2024-08-29 13:26:50,68900.0,200,Sell,235784768
2024-08-29 13:26:58,69000.0,100,Buy,235785002
2024-08-29 13:27:09,69000.0,100,Buy,235785228
2024-08-29 13:27:10,68900.0,200,Sell,235785243
2024-08-29 13:27:11,68900.0,100,Sell,235785272
2024-08-29 13:27:11,68900.0,100,Sell,235785271
2024-08-29 13:27:11,68900.0,500,Sell,235785270
2024-08-29 13:27:11,68900.0,100,Sell,235785269
2024-08-29 13:27:11,68900.0,100,Sell,235785267
2024-08-29 13:27:11,68900.0,500,Sell,235785266
2024-08-29 13:27:11,68900.0,1200,Sell,235785263
2024-08-29 13:27:11,68900.0,500,Sell,235785268
2024-08-29 13:27:11,68900.0,100,Sell,235785265
2024-08-29 13:27:11,68900.0,500,Sell,235785264
2024-08-29 13:27:17,68900.0,300,Sell,235785406
2024-08-29 13:27:30,68900.0,200,Sell,235785644
2024-08-29 13:27:40,68900.0,100,Sell,235785914
2024-08-29 13:27:40,68900.0,100,Sell,235785913
2024-08-29 13:27:40,68900.0,100,Sell,235785912
2024-08-29 13:27:40,68900.0,800,Sell,235785915
2024-08-29 13:27:40,68900.0,500,Sell,235785910
2024-08-29 13:27:40,68900.0,500,Sell,235785909
2024-08-29 13:27:40,68900.0,500,Sell,235785908
2024-08-29 13:27:40,68900.0,300,Sell,235785911
2024-08-29 13:27:40,68900.0,900,Sell,235785907
2024-08-29 13:27:50,68900.0,200,Sell,235786112
2024-08-29 13:27:57,68900.0,200,Sell,235786273
2024-08-29 13:28:01,69000.0,100,Buy,235786726
2024-08-29 13:28:10,68900.0,200,Sell,235786900
2024-08-29 13:28:10,68900.0,100,Sell,235786920
2024-08-29 13:28:10,68900.0,400,Sell,235786921
2024-08-29 13:28:10,68900.0,100,Sell,235786922
2024-08-29 13:28:10,68900.0,500,Sell,235786923
2024-08-29 13:28:10,68900.0,500,Sell,235786924
2024-08-29 13:28:10,68900.0,100,Sell,235786925
2024-08-29 13:28:10,68900.0,2000,Sell,235786926
2024-08-29 13:28:10,68900.0,100,Sell,235786919
2024-08-29 13:28:17,68900.0,200,Sell,235787105
2024-08-29 13:28:18,68900.0,400,Sell,235787115
2024-08-29 13:28:19,68900.0,100,Sell,235787126
2024-08-29 13:28:30,68900.0,200,Sell,235787370
2024-08-29 13:28:32,68900.0,100,Sell,235787419
2024-08-29 13:28:41,68900.0,3800,Sell,235787605
2024-08-29 13:28:43,68900.0,2400,Sell,235787683
2024-08-29 13:28:50,68900.0,200,Sell,235787864
2024-08-29 13:28:53,69000.0,100,Buy,235787911
2024-08-29 13:28:56,68900.0,300,Sell,235788033
2024-08-29 13:28:56,68900.0,700,Sell,235788032
2024-08-29 13:28:56,68900.0,200,Sell,235788030
2024-08-29 13:28:56,68900.0,200,Sell,235788029
2024-08-29 13:28:56,68900.0,500,Sell,235788031
2024-08-29 13:28:56,68900.0,500,Sell,235788027
2024-08-29 13:28:56,68900.0,100,Sell,235788026
2024-08-29 13:28:56,68900.0,500,Sell,235788025
2024-08-29 13:28:56,68900.0,600,Sell,235788024
2024-08-29 13:28:56,68900.0,400,Sell,235788028
2024-08-29 13:28:57,68900.0,200,Sell,235788180
2024-08-29 13:28:57,68900.0,400,Sell,235788181
2024-08-29 13:29:10,68900.0,200,Sell,235788451
2024-08-29 13:29:10,68900.0,3700,Sell,235788452
2024-08-29 13:29:10,68900.0,100,Sell,235788453
2024-08-29 13:29:14,68900.0,400,Sell,235788508
2024-08-29 13:29:14,68900.0,100,Sell,235788509
2024-08-29 13:29:14,68900.0,500,Sell,235788510
2024-08-29 13:29:14,68900.0,200,Sell,235788511
2024-08-29 13:29:18,68900.0,200,Sell,235788687
2024-08-29 13:29:18,68900.0,100,Sell,235788688
2024-08-29 13:29:26,68900.0,300,Sell,235788902
2024-08-29 13:29:26,68900.0,400,Sell,235788903
2024-08-29 13:29:30,68900.0,200,Sell,235789047
2024-08-29 13:29:37,68900.0,1100,Sell,235789210
2024-08-29 13:29:40,68900.0,500,Sell,235789353
2024-08-29 13:29:40,68900.0,100,Sell,235789362
2024-08-29 13:29:40,68900.0,100,Sell,235789359
2024-08-29 13:29:40,68900.0,500,Sell,235789358
2024-08-29 13:29:40,68900.0,700,Sell,235789361
2024-08-29 13:29:40,68900.0,200,Sell,235789356
2024-08-29 13:29:40,68900.0,100,Sell,235789355
2024-08-29 13:29:40,68900.0,100,Sell,235789354
2024-08-29 13:29:40,68900.0,1000,Sell,235789357
2024-08-29 13:29:40,68900.0,500,Sell,235789360
2024-08-29 13:29:45,69000.0,100,Buy,235789540
2024-08-29 13:29:51,68900.0,100,Sell,235789772
2024-08-29 13:29:51,68900.0,100,Sell,235789773
2024-08-29 13:29:51,68900.0,900,Sell,235789774
2024-08-29 13:29:51,68900.0,400,Sell,235789775
2024-08-29 13:29:51,68900.0,200,Sell,235789785
2024-08-29 13:29:57,68900.0,400,Sell,235790077
2024-08-29 13:30:01,69000.0,200,Buy,235790242
2024-08-29 13:30:09,68900.0,1300,Sell,235790445
2024-08-29 13:30:11,68900.0,2000,Sell,235790469
2024-08-29 13:30:11,68900.0,3700,Sell,235790470
2024-08-29 13:30:17,68900.0,300,Sell,235790678
2024-08-29 13:30:23,68900.0,800,Sell,235790798
2024-08-29 13:30:23,68900.0,100,Sell,235790799
2024-08-29 13:30:27,68900.0,400,Sell,235790899
2024-08-29 13:30:27,68900.0,100,Sell,235790900
2024-08-29 13:30:27,68900.0,200,Sell,235790901
2024-08-29 13:30:34,69000.0,300,Buy,235791156
2024-08-29 13:30:35,68900.0,2000,Sell,235791181
2024-08-29 13:30:37,69000.0,100,Buy,235791263
2024-08-29 13:30:37,68900.0,200,Sell,235791275
2024-08-29 13:30:40,68900.0,6300,Sell,235791425
2024-08-29 13:30:41,68900.0,100,Sell,235791446
2024-08-29 13:30:41,68900.0,1000,Sell,235791449
2024-08-29 13:30:41,68900.0,800,Sell,235791447
2024-08-29 13:30:41,68900.0,600,Sell,235791445
2024-08-29 13:30:41,68900.0,1200,Sell,235791440
2024-08-29 13:30:41,68900.0,600,Sell,235791443
2024-08-29 13:30:41,68900.0,200,Sell,235791442
2024-08-29 13:30:41,68900.0,100,Sell,235791441
2024-08-29 13:30:41,68900.0,200,Sell,235791444
2024-08-29 13:30:48,68900.0,400,Sell,235791677
2024-08-29 13:30:48,68900.0,3800,Sell,235791680
2024-08-29 13:30:48,68900.0,100,Sell,235791681
2024-08-29 13:30:48,68900.0,300,Sell,235791682
2024-08-29 13:30:48,68900.0,100,Sell,235791683
2024-08-29 13:30:48,68900.0,700,Sell,235791684
2024-08-29 13:30:49,68900.0,4000,Sell,235791707
2024-08-29 13:30:54,68900.0,100,Sell,235791827
2024-08-29 13:30:57,68900.0,200,Sell,235791896
2024-08-29 13:30:57,68900.0,100,Sell,235791897
2024-08-29 13:30:58,68900.0,100,Sell,235791960
2024-08-29 13:30:58,68900.0,1000,Sell,235791959
2024-08-29 13:31:00,68900.0,100,Sell,235792035
2024-08-29 13:31:00,68900.0,300,Sell,235792036
2024-08-29 13:31:00,68900.0,1100,Sell,235792037
2024-08-29 13:31:02,68900.0,200,Sell,235792098
2024-08-29 13:31:02,68900.0,500,Sell,235792087
2024-08-29 13:31:02,68900.0,2000,Sell,235792097
2024-08-29 13:31:02,68900.0,200,Sell,235792094
2024-08-29 13:31:02,68900.0,300,Sell,235792093
2024-08-29 13:31:02,68900.0,500,Sell,235792092
2024-08-29 13:31:02,68900.0,500,Sell,235792091
2024-08-29 13:31:02,68900.0,200,Sell,235792090
2024-08-29 13:31:02,68900.0,1000,Sell,235792089
2024-08-29 13:31:02,68900.0,200,Sell,235792088
2024-08-29 13:31:02,68900.0,400,Sell,235792086
2024-08-29 13:31:02,68900.0,500,Sell,235792075
2024-08-29 13:31:02,68900.0,500,Sell,235792084
2024-08-29 13:31:02,68900.0,3900,Sell,235792073
2024-08-29 13:31:02,68900.0,1000,Sell,235792076
2024-08-29 13:31:02,68900.0,100,Sell,235792077
2024-08-29 13:31:02,68900.0,100,Sell,235792078
2024-08-29 13:31:02,68900.0,200,Sell,235792085
2024-08-29 13:31:02,68900.0,1000,Sell,235792080
2024-08-29 13:31:02,68900.0,500,Sell,235792081
2024-08-29 13:31:02,68900.0,5000,Sell,235792082
2024-08-29 13:31:02,68900.0,100,Sell,235792083
2024-08-29 13:31:02,68900.0,100,Sell,235792079
2024-08-29 13:31:04,68900.0,400,Sell,235792192
2024-08-29 13:31:07,68900.0,300,Sell,235792309
2024-08-29 13:31:10,68900.0,500,Sell,235792363
2024-08-29 13:31:10,68900.0,200,Sell,235792373
2024-08-29 13:31:10,68900.0,500,Sell,235792374
2024-08-29 13:31:10,68900.0,100,Sell,235792375
2024-08-29 13:31:10,68900.0,500,Sell,235792376
2024-08-29 13:31:10,68900.0,500,Sell,235792377
2024-08-29 13:31:10,68900.0,500,Sell,235792378
2024-08-29 13:31:10,68900.0,1500,Sell,235792379
2024-08-29 13:31:10,68900.0,300,Sell,235792362
2024-08-29 13:31:10,68900.0,300,Sell,235792364
2024-08-29 13:31:15,68900.0,500,Sell,235792492
2024-08-29 13:31:15,68900.0,500,Sell,235792490
