time,price,volume,match_type,id
2024-08-20 09:14:39,18250.0,123200,ATO/ATC,232874163
2024-08-20 09:14:40,18300.0,100,Buy,232874188
2024-08-20 09:15:11,18300.0,1000,Buy,232874735
2024-08-20 09:15:29,18300.0,100,Buy,232875049
2024-08-20 09:15:37,18300.0,100,Buy,232875235
2024-08-20 09:15:37,18300.0,21400,Buy,232875244
2024-08-20 09:15:37,18300.0,1800,Buy,232875243
2024-08-20 09:15:37,18300.0,5000,Buy,232875242
2024-08-20 09:15:37,18300.0,100,Buy,232875241
2024-08-20 09:15:37,18300.0,300,Buy,232875234
2024-08-20 09:15:37,18300.0,100,Buy,232875239
2024-08-20 09:15:37,18300.0,300,Buy,232875236
2024-08-20 09:15:37,18300.0,100,Buy,232875240
2024-08-20 09:15:37,18300.0,300,Buy,232875238
2024-08-20 09:15:37,18300.0,500,Buy,232875237
2024-08-20 09:15:38,18300.0,4600,Buy,232875312
2024-08-20 09:16:13,18350.0,100,Buy,232876112
2024-08-20 09:16:13,18350.0,200,Buy,232876113
2024-08-20 09:16:17,18400.0,100,Buy,232876183
2024-08-20 09:16:37,18400.0,200,Buy,232876615
2024-08-20 09:16:37,18400.0,100,Buy,232876616
2024-08-20 09:16:37,18400.0,100,Buy,232876617
2024-08-20 09:16:51,18400.0,100,Buy,232876965
2024-08-20 09:17:50,18400.0,200,Buy,232878461
2024-08-20 09:17:57,18350.0,100,Sell,232878568
2024-08-20 09:18:03,18400.0,1000,Buy,232878651
2024-08-20 09:18:03,18400.0,100,Buy,232878650
2024-08-20 09:18:03,18400.0,100,Buy,232878652
2024-08-20 09:18:03,18400.0,600,Buy,232878648
2024-08-20 09:18:03,18400.0,100,Buy,232878649
2024-08-20 09:18:03,18400.0,100,Buy,232878647
2024-08-20 09:18:06,18350.0,100,Sell,232878732
2024-08-20 09:18:06,18350.0,6200,Sell,232878731
2024-08-20 09:18:06,18350.0,1600,Sell,232878728
2024-08-20 09:18:06,18350.0,100,Sell,232878729
2024-08-20 09:18:06,18350.0,100,Sell,232878730
2024-08-20 09:18:08,18350.0,1200,Buy,232878765
2024-08-20 09:18:14,18300.0,4800,Sell,232879015
2024-08-20 09:18:36,18350.0,700,Buy,232879512
2024-08-20 09:18:36,18350.0,5000,Buy,232879513
2024-08-20 09:18:36,18350.0,100,Buy,232879514
2024-08-20 09:18:36,18350.0,4200,Buy,232879515
2024-08-20 09:18:45,18350.0,200,Buy,232879821
2024-08-20 09:18:55,18350.0,500,Buy,232880068
2024-08-20 09:19:06,18350.0,100,Buy,232880403
2024-08-20 09:19:06,18350.0,100,Buy,232880396
2024-08-20 09:19:14,18350.0,800,Buy,232880636
2024-08-20 09:19:14,18300.0,100,Sell,232880637
2024-08-20 09:19:23,18300.0,100,Sell,232880825
2024-08-20 09:19:26,18300.0,4600,Sell,232880924
2024-08-20 09:19:40,18300.0,100,Sell,232881323
2024-08-20 09:19:43,18300.0,5000,Sell,232881409
2024-08-20 09:19:44,18350.0,2100,Buy,232881488
2024-08-20 09:19:44,18350.0,900,Buy,232881489
2024-08-20 09:19:46,18350.0,100,Buy,232881540
2024-08-20 09:19:56,18350.0,500,Buy,232881747
2024-08-20 09:20:01,18350.0,200,Buy,232881877
2024-08-20 09:20:08,18350.0,900,Buy,232882051
2024-08-20 09:20:26,18350.0,1800,Buy,232882467
2024-08-20 09:20:26,18350.0,2000,Buy,232882468
2024-08-20 09:20:26,18350.0,100,Buy,232882469
2024-08-20 09:20:26,18350.0,500,Buy,232882470
2024-08-20 09:20:26,18350.0,400,Buy,232882466
2024-08-20 09:20:33,18400.0,100,Buy,232882628
2024-08-20 09:20:33,18400.0,200,Buy,232882629
2024-08-20 09:21:09,18400.0,100,Buy,232883534
2024-08-20 09:21:09,18400.0,300,Buy,232883532
2024-08-20 09:21:09,18400.0,100,Buy,232883533
2024-08-20 09:21:16,18400.0,100,Buy,232883685
2024-08-20 09:21:25,18400.0,200,Buy,232883905
2024-08-20 09:21:41,18400.0,100,Buy,232884412
2024-08-20 09:21:49,18350.0,200,Sell,232884612
2024-08-20 09:21:49,18350.0,500,Sell,232884613
2024-08-20 09:21:49,18350.0,1000,Sell,232884614
2024-08-20 09:21:49,18350.0,300,Sell,232884615
2024-08-20 09:21:54,18350.0,9700,Sell,232884735
2024-08-20 09:21:54,18350.0,100,Sell,232884736
2024-08-20 09:21:58,18350.0,200,Buy,232884821
2024-08-20 09:21:58,18400.0,500,Buy,232884822
2024-08-20 09:21:58,18400.0,300,Buy,232884823
2024-08-20 09:22:15,18350.0,1000,Sell,232885245
2024-08-20 09:22:16,18350.0,100,Buy,232885256
2024-08-20 09:22:27,18350.0,200,Buy,232885624
2024-08-20 09:23:08,18350.0,500,Buy,232886639
2024-08-20 09:23:13,18350.0,200,Buy,232886774
2024-08-20 09:23:25,18300.0,100,Sell,232887169
2024-08-20 09:23:25,18300.0,100,Sell,232887168
2024-08-20 09:23:25,18300.0,700,Sell,232887165
2024-08-20 09:23:25,18300.0,3000,Sell,232887166
2024-08-20 09:23:25,18300.0,900,Sell,232887167
2024-08-20 09:23:29,18350.0,100,Buy,232887299
2024-08-20 09:24:02,18350.0,700,Buy,232888256
2024-08-20 09:24:17,18350.0,1000,Buy,232888644
2024-08-20 09:24:19,18350.0,200,Buy,232888697
2024-08-20 09:24:33,18350.0,1000,Buy,232889015
2024-08-20 09:24:46,18350.0,1000,Buy,232889332
2024-08-20 09:24:46,18350.0,1000,Buy,232889333
2024-08-20 09:24:46,18350.0,2000,Buy,232889334
2024-08-20 09:24:46,18350.0,200,Buy,232889335
2024-08-20 09:24:46,18350.0,200,Buy,232889336
2024-08-20 09:24:46,18350.0,100,Buy,232889337
2024-08-20 09:25:17,18350.0,100,Sell,232890159
2024-08-20 09:25:19,18350.0,4800,Sell,232890255
2024-08-20 09:25:25,18350.0,100,Sell,232890521
2024-08-20 09:25:25,18350.0,1900,Sell,232890520
2024-08-20 09:25:25,18350.0,600,Sell,232890518
2024-08-20 09:25:25,18350.0,100,Sell,232890519
2024-08-20 09:25:45,18350.0,100,Buy,232891109
2024-08-20 09:25:54,18350.0,2000,Buy,232891342
2024-08-20 09:25:59,18350.0,300,Buy,232891433
2024-08-20 09:26:02,18350.0,100,Buy,232891500
2024-08-20 09:26:14,18350.0,100,Buy,232891802
2024-08-20 09:26:19,18350.0,600,Buy,232891923
2024-08-20 09:26:19,18350.0,500,Buy,232891922
2024-08-20 09:26:25,18350.0,400,Buy,232892080
2024-08-20 09:27:00,18350.0,100,Sell,232893097
2024-08-20 09:27:00,18350.0,900,Sell,232893098
2024-08-20 09:27:13,18350.0,800,Sell,232893464
2024-08-20 09:27:28,18350.0,1300,Sell,232893792
2024-08-20 09:27:28,18350.0,100,Sell,232893793
2024-08-20 09:27:28,18350.0,400,Sell,232893794
2024-08-20 09:27:36,18350.0,4800,Sell,232894015
2024-08-20 09:27:36,18350.0,500,Sell,232894014
2024-08-20 09:27:36,18350.0,200,Sell,232894012
2024-08-20 09:27:36,18350.0,1000,Sell,232894013
2024-08-20 09:27:36,18350.0,100,Sell,232894011
2024-08-20 09:27:39,18350.0,200,Sell,232894086
2024-08-20 09:27:54,18350.0,300,Buy,232894553
2024-08-20 09:27:54,18350.0,100,Buy,232894554
2024-08-20 09:27:56,18350.0,100,Sell,232894605
2024-08-20 09:28:01,18400.0,100,Buy,232894743
2024-08-20 09:28:30,18400.0,8500,Buy,232895427
2024-08-20 09:28:30,18400.0,3000,Buy,232895426
2024-08-20 09:28:30,18400.0,500,Buy,232895425
2024-08-20 09:28:30,18400.0,2000,Buy,232895424
2024-08-20 09:28:30,18400.0,200,Buy,232895422
2024-08-20 09:28:30,18400.0,28500,Buy,232895420
2024-08-20 09:28:30,18400.0,1400,Buy,232895417
2024-08-20 09:28:30,18400.0,5000,Buy,232895423
2024-08-20 09:28:30,18400.0,900,Buy,232895421
2024-08-20 09:28:41,18350.0,200,Sell,232895761
2024-08-20 09:28:52,18400.0,1000,Buy,232896051
2024-08-20 09:29:20,18400.0,300,Buy,232896826
2024-08-20 09:29:31,18350.0,100,Sell,232897064
2024-08-20 09:29:40,18350.0,100,Sell,232897238
2024-08-20 09:30:13,18350.0,200,Sell,232897977
2024-08-20 09:30:19,18400.0,100,Buy,232898114
2024-08-20 09:30:36,18350.0,100,Sell,232898577
2024-08-20 09:31:11,18350.0,2000,Sell,232899534
2024-08-20 09:31:22,18350.0,4800,Sell,232899745
2024-08-20 09:31:23,18350.0,100,Sell,232899807
2024-08-20 09:31:28,18400.0,100,Buy,232899920
2024-08-20 09:31:28,18400.0,100,Buy,232899919
2024-08-20 09:32:00,18350.0,1900,Sell,232900878
2024-08-20 09:32:00,18350.0,1000,Sell,232900879
2024-08-20 09:32:00,18350.0,1000,Sell,232900880
2024-08-20 09:32:00,18350.0,1000,Sell,232900881
2024-08-20 09:32:00,18350.0,5100,Sell,232900882
2024-08-20 09:32:02,18400.0,100,Buy,232900919
2024-08-20 09:32:21,18400.0,100,Buy,232901327
2024-08-20 09:32:48,18400.0,100,Buy,232902159
2024-08-20 09:33:56,18400.0,300,Buy,232903903
2024-08-20 09:33:56,18400.0,1200,Buy,232903911
2024-08-20 09:33:56,18400.0,100,Buy,232903910
2024-08-20 09:33:56,18400.0,4000,Buy,232903909
2024-08-20 09:33:56,18400.0,5100,Buy,232903908
2024-08-20 09:33:56,18400.0,600,Buy,232903902
2024-08-20 09:33:56,18400.0,100,Buy,232903906
2024-08-20 09:33:56,18400.0,2000,Buy,232903904
2024-08-20 09:33:56,18400.0,6000,Buy,232903907
2024-08-20 09:33:56,18400.0,500,Buy,232903905
2024-08-20 09:34:06,18400.0,1800,Buy,232904164
2024-08-20 09:34:06,18400.0,500,Buy,232904165
2024-08-20 09:34:06,18400.0,1000,Buy,232904166
2024-08-20 09:34:06,18400.0,100,Buy,232904167
2024-08-20 09:34:06,18400.0,100,Buy,232904168
2024-08-20 09:34:06,18400.0,1000,Buy,232904169
2024-08-20 09:34:06,18400.0,200,Buy,232904170
2024-08-20 09:34:06,18400.0,300,Buy,232904171
2024-08-20 09:34:06,18400.0,100,Buy,232904173
2024-08-20 09:34:08,18400.0,1600,Buy,232904241
2024-08-20 09:34:08,18400.0,100,Buy,232904240
2024-08-20 09:34:08,18400.0,500,Buy,232904243
2024-08-20 09:34:08,18400.0,3000,Buy,232904238
2024-08-20 09:34:08,18400.0,100,Buy,232904239
2024-08-20 09:34:08,18400.0,100,Buy,232904242
2024-08-20 09:34:08,18400.0,600,Buy,232904237
2024-08-20 09:34:10,18400.0,300,Buy,232904349
2024-08-20 09:34:21,18400.0,700,Buy,232904612
2024-08-20 09:34:21,18400.0,2000,Buy,232904613
2024-08-20 09:34:21,18400.0,1500,Buy,232904614
2024-08-20 09:34:21,18400.0,800,Buy,232904615
2024-08-20 09:34:34,18400.0,2000,Buy,232905011
2024-08-20 09:34:34,18400.0,100,Buy,232905018
2024-08-20 09:34:54,18400.0,1900,Buy,232905594
2024-08-20 09:34:54,18400.0,1100,Buy,232905595
2024-08-20 09:34:55,18400.0,200,Buy,232905613
2024-08-20 09:35:16,18400.0,500,Buy,232906165
2024-08-20 09:35:16,18400.0,200,Buy,232906169
2024-08-20 09:35:16,18400.0,1800,Buy,232906168
2024-08-20 09:35:16,18400.0,100,Buy,232906167
2024-08-20 09:35:16,18400.0,100,Buy,232906166
2024-08-20 09:35:16,18400.0,1000,Buy,232906163
2024-08-20 09:35:16,18400.0,500,Buy,232906162
2024-08-20 09:35:16,18400.0,100,Buy,232906164
2024-08-20 09:35:16,18400.0,200,Buy,232906158
2024-08-20 09:35:16,18400.0,100,Buy,232906160
2024-08-20 09:35:16,18400.0,300,Buy,232906159
2024-08-20 09:35:16,18400.0,100,Buy,232906161
2024-08-20 09:36:49,18400.0,100,Buy,232908707
2024-08-20 09:36:49,18350.0,1500,Sell,232908710
2024-08-20 09:36:50,18350.0,100,Sell,232908733
2024-08-20 09:36:50,18350.0,2800,Sell,232908734
2024-08-20 09:37:31,18400.0,300,Buy,232909979
2024-08-20 09:37:37,18400.0,200,Buy,232910129
2024-08-20 09:37:49,18400.0,500,Buy,232910571
2024-08-20 09:37:55,18400.0,300,Buy,232910799
2024-08-20 09:38:06,18350.0,1900,Sell,232911205
2024-08-20 09:38:45,18400.0,100,Buy,232912535
2024-08-20 09:38:45,18400.0,900,Buy,232912536
2024-08-20 09:38:45,18400.0,6000,Buy,232912533
2024-08-20 09:38:45,18400.0,100,Buy,232912532
2024-08-20 09:38:45,18400.0,700,Buy,232912531
2024-08-20 09:38:45,18400.0,3000,Buy,232912534
2024-08-20 09:39:00,18350.0,500,Sell,232913193
2024-08-20 09:39:00,18400.0,100,Buy,232913198
2024-08-20 09:39:01,18400.0,1000,Buy,232913209
2024-08-20 09:39:01,18400.0,500,Buy,232913210
2024-08-20 09:39:01,18400.0,100,Buy,232913211
2024-08-20 09:39:01,18400.0,500,Buy,232913212
2024-08-20 09:39:01,18400.0,900,Buy,232913213
2024-08-20 09:39:01,18400.0,800,Buy,232913214
2024-08-20 09:39:01,18400.0,100,Buy,232913215
2024-08-20 09:39:01,18400.0,100,Buy,232913216
2024-08-20 09:39:01,18400.0,5000,Buy,232913217
2024-08-20 09:39:01,18400.0,1000,Buy,232913218
2024-08-20 09:39:15,18400.0,600,Buy,232913662
2024-08-20 09:39:27,18400.0,500,Buy,232913953
2024-08-20 09:39:27,18400.0,800,Buy,232913951
2024-08-20 09:39:27,18400.0,200,Buy,232913952
2024-08-20 09:39:32,18400.0,300,Sell,232914111
2024-08-20 09:40:25,18400.0,200,Sell,232915535
2024-08-20 09:40:25,18400.0,400,Sell,232915536
2024-08-20 09:40:32,18400.0,600,Sell,232915713
2024-08-20 09:40:32,18400.0,100,Sell,232915714
2024-08-20 09:40:32,18400.0,100,Sell,232915715
2024-08-20 09:40:32,18400.0,3000,Sell,232915716
2024-08-20 09:40:32,18400.0,6200,Sell,232915717
2024-08-20 09:40:39,18400.0,300,Sell,232915907
2024-08-20 09:40:39,18400.0,2100,Sell,232915908
2024-08-20 09:40:42,18400.0,200,Sell,232915999
2024-08-20 09:40:44,18400.0,100,Sell,232916035
2024-08-20 09:40:54,18400.0,200,Sell,232916283
2024-08-20 09:40:56,18400.0,2400,Sell,232916353
2024-08-20 09:40:56,18400.0,1000,Sell,232916354
2024-08-20 09:40:56,18400.0,1000,Sell,232916355
2024-08-20 09:41:13,18400.0,100,Buy,232916788
2024-08-20 09:41:19,18400.0,100,Buy,232916964
2024-08-20 09:41:19,18400.0,300,Buy,232916963
2024-08-20 09:41:23,18350.0,900,Sell,232917084
2024-08-20 09:41:43,18400.0,100,Buy,232917564
2024-08-20 09:41:43,18400.0,4900,Buy,232917563
2024-08-20 09:41:50,18400.0,100,Buy,232917760
2024-08-20 09:42:02,18400.0,1900,Buy,232918113
2024-08-20 09:42:02,18400.0,200,Buy,232918114
2024-08-20 09:42:02,18400.0,2900,Sell,232918121
2024-08-20 09:42:02,18400.0,600,Sell,232918122
2024-08-20 09:42:15,18400.0,100,Buy,232918472
2024-08-20 09:42:18,18350.0,1400,Sell,232918541
2024-08-20 09:42:49,18350.0,400,Sell,232919455
2024-08-20 09:43:02,18400.0,1400,Buy,232919885
2024-08-20 09:43:02,18400.0,100,Buy,232919886
2024-08-20 09:43:02,18400.0,100,Buy,232919887
2024-08-20 09:43:02,18400.0,200,Buy,232919888
2024-08-20 09:43:02,18400.0,200,Buy,232919889
2024-08-20 09:43:04,18350.0,100,Sell,232919924
2024-08-20 09:43:20,18400.0,1600,Buy,232920465
2024-08-20 09:43:28,18400.0,100,Buy,232920846
2024-08-20 09:43:34,18350.0,1600,Sell,232921128
2024-08-20 09:43:39,18400.0,500,Buy,232921352
2024-08-20 09:43:40,18350.0,4600,Sell,232921394
2024-08-20 09:43:40,18350.0,400,Sell,232921393
2024-08-20 09:43:52,18400.0,200,Buy,232921986
2024-08-20 09:44:24,18400.0,100,Buy,232922748
2024-08-20 09:44:49,18400.0,1300,Buy,232923470
2024-08-20 09:44:49,18400.0,300,Buy,232923471
2024-08-20 09:44:49,18400.0,300,Buy,232923472
2024-08-20 09:44:49,18400.0,100,Buy,232923474
2024-08-20 09:44:49,18400.0,400,Buy,232923473
2024-08-20 09:45:39,18450.0,100,Buy,232924753
2024-08-20 09:45:57,18450.0,300,Buy,232925134
2024-08-20 09:45:57,18450.0,100,Buy,232925135
2024-08-20 09:45:57,18450.0,100,Buy,232925136
2024-08-20 09:45:57,18450.0,100,Buy,232925140
2024-08-20 09:45:57,18450.0,100,Buy,232925141
2024-08-20 09:45:58,18450.0,100,Buy,232925159
2024-08-20 09:47:03,18450.0,200,Buy,232927008
2024-08-20 09:47:03,18450.0,800,Buy,232927007
2024-08-20 09:47:30,18450.0,8700,Buy,232927793
2024-08-20 09:47:30,18450.0,100,Buy,232927778
2024-08-20 09:47:30,18450.0,2000,Buy,232927779
2024-08-20 09:47:30,18450.0,200,Buy,232927780
2024-08-20 09:47:30,18450.0,200,Buy,232927781
2024-08-20 09:47:30,18450.0,100,Buy,232927782
2024-08-20 09:47:30,18450.0,100,Buy,232927783
2024-08-20 09:47:30,18450.0,100,Buy,232927784
2024-08-20 09:47:30,18450.0,1500,Buy,232927777
2024-08-20 09:47:30,18450.0,1000,Buy,232927786
2024-08-20 09:47:30,18450.0,1000,Buy,232927787
2024-08-20 09:47:30,18450.0,1000,Buy,232927788
2024-08-20 09:47:30,18450.0,300,Buy,232927789
2024-08-20 09:47:30,18450.0,100,Buy,232927790
2024-08-20 09:47:30,18450.0,500,Buy,232927791
2024-08-20 09:47:30,18450.0,200,Buy,232927792
2024-08-20 09:47:30,18450.0,500,Buy,232927785
2024-08-20 09:47:30,18450.0,300,Buy,232927776
2024-08-20 09:47:30,18450.0,6000,Buy,232927765
2024-08-20 09:47:30,18450.0,3000,Buy,232927774
2024-08-20 09:47:30,18450.0,2600,Buy,232927775
2024-08-20 09:47:30,18450.0,100,Buy,232927756
2024-08-20 09:47:30,18450.0,10000,Buy,232927757
2024-08-20 09:47:30,18450.0,25000,Buy,232927758
2024-08-20 09:47:30,18450.0,500,Buy,232927759
2024-08-20 09:47:30,18450.0,1000,Buy,232927760
2024-08-20 09:47:30,18450.0,1000,Buy,232927761
2024-08-20 09:47:30,18450.0,100,Buy,232927762
2024-08-20 09:47:30,18450.0,100,Buy,232927763
2024-08-20 09:47:30,18450.0,500,Buy,232927764
2024-08-20 09:47:30,18450.0,2000,Buy,232927766
2024-08-20 09:47:30,18450.0,100,Buy,232927772
2024-08-20 09:47:30,18450.0,20000,Buy,232927771
2024-08-20 09:47:30,18450.0,3000,Buy,232927770
2024-08-20 09:47:30,18450.0,1000,Buy,232927773
2024-08-20 09:47:30,18450.0,5000,Buy,232927768
2024-08-20 09:47:30,18450.0,1000,Buy,232927767
2024-08-20 09:47:30,18450.0,100,Buy,232927769
2024-08-20 09:47:31,18450.0,1300,Buy,232927898
2024-08-20 09:47:31,18450.0,1800,Buy,232927899
2024-08-20 09:47:31,18450.0,100,Buy,232927900
2024-08-20 09:47:31,18450.0,500,Buy,232927901
2024-08-20 09:47:31,18450.0,400,Buy,232927902
2024-08-20 09:47:35,18450.0,600,Buy,232927989
2024-08-20 09:47:35,18450.0,2500,Buy,232927990
2024-08-20 09:47:35,18450.0,900,Buy,232927991
2024-08-20 09:47:36,18400.0,100,Sell,232928004
2024-08-20 09:47:37,18450.0,1500,Buy,232928008
2024-08-20 09:47:41,18450.0,800,Buy,232928066
2024-08-20 09:47:42,18450.0,1800,Buy,232928095
2024-08-20 09:47:52,18450.0,200,Sell,232928491
2024-08-20 09:47:57,18450.0,100,Sell,232928578
2024-08-20 09:47:58,18450.0,2900,Sell,232928592
2024-08-20 09:47:58,18450.0,2000,Sell,232928593
2024-08-20 09:47:58,18450.0,10000,Sell,232928594
2024-08-20 09:47:58,18450.0,5800,Sell,232928595
2024-08-20 09:47:58,18450.0,1600,Sell,232928596
2024-08-20 09:47:58,18450.0,31800,Sell,232928597
2024-08-20 09:47:59,18450.0,26000,Buy,232928616
2024-08-20 09:48:06,18450.0,3200,Buy,232928794
2024-08-20 09:48:07,18450.0,3100,Buy,232928810
2024-08-20 09:48:13,18450.0,200,Buy,232928977
2024-08-20 09:48:14,18450.0,100000,Buy,232928996
2024-08-20 09:48:17,18450.0,43400,Buy,232929053
2024-08-20 09:48:17,18450.0,2900,Buy,232929054
2024-08-20 09:48:20,18500.0,10000,Buy,232929120
2024-08-20 09:48:21,18450.0,500,Sell,232929129
2024-08-20 09:48:25,18500.0,2000,Buy,232929206
2024-08-20 09:48:26,18500.0,100,Buy,232929318
2024-08-20 09:48:26,18500.0,500,Buy,232929317
2024-08-20 09:48:26,18500.0,1000,Buy,232929316
2024-08-20 09:48:26,18500.0,100,Buy,232929315
2024-08-20 09:48:26,18500.0,5400,Buy,232929314
2024-08-20 09:48:26,18500.0,5000,Buy,232929312
2024-08-20 09:48:26,18500.0,4500,Buy,232929311
2024-08-20 09:48:26,18500.0,200,Buy,232929310
2024-08-20 09:48:26,18500.0,100,Buy,232929309
2024-08-20 09:48:26,18500.0,500,Buy,232929308
2024-08-20 09:48:26,18500.0,200,Buy,232929307
2024-08-20 09:48:26,18500.0,100,Buy,232929313
2024-08-20 09:48:26,18500.0,100,Buy,232929319
2024-08-20 09:48:26,18500.0,1000,Buy,232929321
2024-08-20 09:48:26,18500.0,200,Buy,232929322
2024-08-20 09:48:26,18500.0,200,Buy,232929323
2024-08-20 09:48:26,18500.0,100,Buy,232929324
2024-08-20 09:48:26,18500.0,500,Buy,232929325
2024-08-20 09:48:26,18500.0,500,Buy,232929326
2024-08-20 09:48:26,18500.0,1000,Buy,232929327
2024-08-20 09:48:26,18500.0,100,Buy,232929328
2024-08-20 09:48:26,18500.0,200,Buy,232929329
2024-08-20 09:48:26,18500.0,2000,Buy,232929330
2024-08-20 09:48:26,18500.0,3900,Buy,232929331
2024-08-20 09:48:26,18500.0,1800,Buy,232929332
2024-08-20 09:48:26,18500.0,1000,Buy,232929306
2024-08-20 09:48:26,18500.0,1000,Buy,232929320
2024-08-20 09:48:26,18500.0,2000,Buy,232929305
2024-08-20 09:48:26,18500.0,1000,Buy,232929298
2024-08-20 09:48:26,18500.0,500,Buy,232929303
2024-08-20 09:48:26,18450.0,100,Sell,232929273
2024-08-20 09:48:26,18500.0,18000,Buy,232929276
2024-08-20 09:48:26,18500.0,100,Buy,232929304
2024-08-20 09:48:26,18500.0,300,Buy,232929278
2024-08-20 09:48:26,18500.0,100,Buy,232929279
2024-08-20 09:48:26,18500.0,200,Buy,232929280
2024-08-20 09:48:26,18500.0,400,Buy,232929281
2024-08-20 09:48:26,18500.0,100,Buy,232929282
2024-08-20 09:48:26,18500.0,500,Buy,232929283
2024-08-20 09:48:26,18500.0,400,Buy,232929284
2024-08-20 09:48:26,18500.0,10000,Buy,232929285
2024-08-20 09:48:26,18500.0,5000,Buy,232929286
2024-08-20 09:48:26,18500.0,100,Buy,232929287
2024-08-20 09:48:26,18500.0,500,Buy,232929277
2024-08-20 09:48:26,18500.0,100,Buy,232929289
2024-08-20 09:48:26,18500.0,200,Buy,232929290
2024-08-20 09:48:26,18500.0,2000,Buy,232929291
2024-08-20 09:48:26,18500.0,1000,Buy,232929292
2024-08-20 09:48:26,18500.0,1000,Buy,232929293
2024-08-20 09:48:26,18500.0,500,Buy,232929294
2024-08-20 09:48:26,18500.0,600,Buy,232929295
2024-08-20 09:48:26,18500.0,200,Buy,232929296
2024-08-20 09:48:26,18500.0,500,Buy,232929302
2024-08-20 09:48:26,18500.0,20000,Buy,232929299
2024-08-20 09:48:26,18500.0,300,Buy,232929300
2024-08-20 09:48:26,18500.0,100,Buy,232929301
2024-08-20 09:48:26,18500.0,27400,Buy,232929288
2024-08-20 09:48:30,18500.0,500,Buy,232929467
2024-08-20 09:48:30,18500.0,200,Buy,232929464
2024-08-20 09:48:30,18500.0,100,Buy,232929465
2024-08-20 09:48:30,18500.0,200,Buy,232929466
2024-08-20 09:48:33,18500.0,1000,Buy,232929556
2024-08-20 09:48:33,18500.0,2000,Buy,232929557
2024-08-20 09:48:33,18500.0,5000,Buy,232929562
2024-08-20 09:48:33,18500.0,2100,Buy,232929558
2024-08-20 09:48:33,18500.0,2400,Buy,232929559
2024-08-20 09:48:33,18500.0,1000,Buy,232929555
2024-08-20 09:48:33,18500.0,1100,Buy,232929560
2024-08-20 09:48:33,18500.0,100,Buy,232929561
2024-08-20 09:48:33,18500.0,1000,Buy,232929563
2024-08-20 09:48:33,18500.0,1000,Buy,232929571
2024-08-20 09:48:33,18500.0,1000,Buy,232929565
2024-08-20 09:48:33,18500.0,400,Buy,232929566
2024-08-20 09:48:33,18500.0,100,Buy,232929567
2024-08-20 09:48:33,18500.0,1000,Buy,232929569
2024-08-20 09:48:33,18500.0,600,Buy,232929570
2024-08-20 09:48:33,18500.0,300,Buy,232929572
2024-08-20 09:48:33,18500.0,100,Buy,232929573
2024-08-20 09:48:33,18500.0,100,Buy,232929554
2024-08-20 09:48:33,18500.0,10000,Buy,232929564
2024-08-20 09:48:33,18500.0,1200,Buy,232929553
2024-08-20 09:48:33,18500.0,100,Buy,232929574
2024-08-20 09:48:33,18500.0,2000,Buy,232929551
2024-08-20 09:48:33,18500.0,1000,Buy,232929552
2024-08-20 09:48:33,18500.0,2500,Buy,232929532
2024-08-20 09:48:33,18500.0,100,Buy,232929533
2024-08-20 09:48:33,18500.0,100,Buy,232929534
2024-08-20 09:48:33,18500.0,3000,Buy,232929535
2024-08-20 09:48:33,18500.0,100,Buy,232929536
2024-08-20 09:48:33,18500.0,1000,Buy,232929537
2024-08-20 09:48:33,18500.0,100,Buy,232929538
2024-08-20 09:48:33,18500.0,10000,Buy,232929539
2024-08-20 09:48:33,18500.0,1500,Buy,232929540
2024-08-20 09:48:33,18500.0,100,Buy,232929568
2024-08-20 09:48:33,18500.0,900,Buy,232929542
2024-08-20 09:48:33,18500.0,2000,Buy,232929549
2024-08-20 09:48:33,18500.0,1000,Buy,232929548
2024-08-20 09:48:33,18500.0,100,Buy,232929547
2024-08-20 09:48:33,18500.0,1000,Buy,232929550
2024-08-20 09:48:33,18500.0,3600,Buy,232929545
2024-08-20 09:48:33,18500.0,2000,Buy,232929544
2024-08-20 09:48:33,18500.0,1000,Buy,232929543
2024-08-20 09:48:33,18500.0,5000,Buy,232929546
2024-08-20 09:48:33,18500.0,1000,Buy,232929541
2024-08-20 09:48:37,18550.0,7000,Buy,232929725
2024-08-20 09:48:37,18550.0,100,Buy,232929719
2024-08-20 09:48:37,18550.0,2500,Buy,232929720
2024-08-20 09:48:37,18550.0,100,Buy,232929721
2024-08-20 09:48:37,18550.0,5000,Buy,232929722
2024-08-20 09:48:37,18550.0,2400,Buy,232929723
2024-08-20 09:48:37,18550.0,100,Buy,232929724
2024-08-20 09:48:37,18550.0,3000,Buy,232929730
2024-08-20 09:48:37,18550.0,300,Buy,232929728
2024-08-20 09:48:37,18550.0,500,Buy,232929729
2024-08-20 09:48:37,18550.0,5000,Buy,232929718
2024-08-20 09:48:37,18550.0,1800,Buy,232929731
2024-08-20 09:48:37,18550.0,300,Buy,232929732
2024-08-20 09:48:37,18550.0,900,Buy,232929733
2024-08-20 09:48:37,18550.0,1000,Buy,232929727
2024-08-20 09:48:37,18550.0,5000,Buy,232929717
2024-08-20 09:48:37,18550.0,1000,Buy,232929726
2024-08-20 09:48:37,18550.0,1000,Buy,232929715
2024-08-20 09:48:37,18550.0,400,Buy,232929700
2024-08-20 09:48:37,18550.0,1500,Buy,232929701
2024-08-20 09:48:37,18550.0,200,Buy,232929702
2024-08-20 09:48:37,18550.0,9500,Buy,232929703
2024-08-20 09:48:37,18550.0,100,Buy,232929705
2024-08-20 09:48:37,18550.0,2000,Buy,232929706
2024-08-20 09:48:37,18550.0,500,Buy,232929707
2024-08-20 09:48:37,18550.0,100,Buy,232929704
2024-08-20 09:48:37,18550.0,200,Buy,232929709
2024-08-20 09:48:37,18550.0,500,Buy,232929710
2024-08-20 09:48:37,18550.0,100,Buy,232929711
2024-08-20 09:48:37,18550.0,1000,Buy,232929712
2024-08-20 09:48:37,18550.0,1000,Buy,232929713
2024-08-20 09:48:37,18550.0,4000,Buy,232929714
2024-08-20 09:48:37,18550.0,100,Buy,232929708
2024-08-20 09:48:37,18550.0,1200,Buy,232929716
2024-08-20 09:48:39,18550.0,500,Sell,232929776
2024-08-20 09:48:40,18550.0,500,Sell,232929813
2024-08-20 09:48:44,18600.0,1000,Buy,232929927
2024-08-20 09:48:44,18600.0,900,Buy,232929930
2024-08-20 09:48:44,18600.0,500,Buy,232929929
2024-08-20 09:48:44,18600.0,100,Buy,232929928
2024-08-20 09:48:44,18600.0,100,Buy,232929925
2024-08-20 09:48:44,18600.0,300,Buy,232929924
2024-08-20 09:48:44,18600.0,100,Buy,232929923
2024-08-20 09:48:44,18600.0,500,Buy,232929922
2024-08-20 09:48:44,18600.0,200,Buy,232929921
2024-08-20 09:48:44,18600.0,300,Buy,232929926
2024-08-20 09:48:45,18550.0,1000,Sell,232929942
2024-08-20 09:48:48,18550.0,500,Sell,232930019
2024-08-20 09:48:52,18600.0,100,Buy,232930105
2024-08-20 09:48:52,18600.0,1900,Buy,232930106
2024-08-20 09:48:59,18550.0,2600,Sell,232930207
2024-08-20 09:49:00,18600.0,100,Buy,232930247
2024-08-20 09:49:00,18600.0,1100,Buy,232930256
2024-08-20 09:49:00,18600.0,100,Buy,232930248
2024-08-20 09:49:00,18600.0,1000,Buy,232930249
2024-08-20 09:49:00,18600.0,2000,Buy,232930254
2024-08-20 09:49:00,18600.0,1200,Buy,232930251
2024-08-20 09:49:00,18600.0,500,Buy,232930252
2024-08-20 09:49:00,18600.0,2000,Buy,232930253
2024-08-20 09:49:00,18600.0,2000,Buy,232930255
2024-08-20 09:49:00,18600.0,100,Buy,232930250
2024-08-20 09:49:00,18600.0,100,Buy,232930245
2024-08-20 09:49:00,18600.0,100,Buy,232930246
2024-08-20 09:49:00,18600.0,4500,Buy,232930243
2024-08-20 09:49:00,18600.0,100,Buy,232930244
2024-08-20 09:49:00,18600.0,100,Buy,232930232
2024-08-20 09:49:00,18600.0,1000,Buy,232930233
2024-08-20 09:49:00,18600.0,400,Buy,232930234
2024-08-20 09:49:00,18600.0,100,Buy,232930235
2024-08-20 09:49:00,18600.0,2000,Buy,232930240
2024-08-20 09:49:00,18600.0,200,Buy,232930237
2024-08-20 09:49:00,18600.0,300,Buy,232930236
2024-08-20 09:49:00,18600.0,500,Buy,232930241
2024-08-20 09:49:00,18600.0,100,Buy,232930242
2024-08-20 09:49:00,18600.0,300,Buy,232930238
2024-08-20 09:49:00,18600.0,100,Buy,232930239
2024-08-20 09:49:02,18600.0,200,Buy,232930332
2024-08-20 09:49:02,18600.0,500,Buy,232930331
2024-08-20 09:49:02,18600.0,500,Buy,232930330
2024-08-20 09:49:02,18600.0,200,Buy,232930329
2024-08-20 09:49:02,18600.0,200,Buy,232930328
2024-08-20 09:49:02,18600.0,300,Buy,232930327
2024-08-20 09:49:02,18600.0,1000,Buy,232930325
2024-08-20 09:49:02,18600.0,3600,Buy,232930326
2024-08-20 09:49:02,18600.0,300,Buy,232930322
2024-08-20 09:49:02,18600.0,700,Buy,232930295
2024-08-20 09:49:02,18600.0,200,Buy,232930294
2024-08-20 09:49:02,18600.0,1000,Buy,232930293
2024-08-20 09:49:02,18600.0,1000,Buy,232930292
2024-08-20 09:49:02,18600.0,100,Buy,232930291
2024-08-20 09:49:02,18600.0,100,Buy,232930290
2024-08-20 09:49:02,18600.0,900,Buy,232930289
2024-08-20 09:49:02,18600.0,200,Buy,232930323
2024-08-20 09:49:02,18600.0,1000,Buy,232930324
2024-08-20 09:49:05,18600.0,1000,Sell,232930398
2024-08-20 09:49:07,18600.0,500,Sell,232930425
2024-08-20 09:49:07,18600.0,500,Sell,232930450
2024-08-20 09:49:12,18600.0,2000,Sell,232930552
2024-08-20 09:49:12,18600.0,2000,Buy,232930557
2024-08-20 09:49:12,18600.0,700,Sell,232930553
2024-08-20 09:49:12,18600.0,100,Sell,232930551
2024-08-20 09:49:12,18600.0,1000,Sell,232930549
2024-08-20 09:49:12,18600.0,5000,Sell,232930548
2024-08-20 09:49:12,18600.0,100,Sell,232930547
2024-08-20 09:49:12,18600.0,3000,Sell,232930550
2024-08-20 09:49:13,18600.0,700,Buy,232930592
2024-08-20 09:49:15,18600.0,1000,Sell,232930637
2024-08-20 09:49:16,18600.0,100,Sell,232930660
2024-08-20 09:49:16,18600.0,100,Sell,232930661
2024-08-20 09:49:21,18650.0,100,Buy,232930844
2024-08-20 09:49:21,18650.0,400,Buy,232930845
2024-08-20 09:49:21,18650.0,100,Buy,232930846
2024-08-20 09:49:21,18650.0,2000,Buy,232930847
2024-08-20 09:49:21,18650.0,1000,Buy,232930848
2024-08-20 09:49:21,18650.0,300,Buy,232930849
2024-08-20 09:49:21,18650.0,200,Buy,232930850
2024-08-20 09:49:21,18650.0,100,Buy,232930851
2024-08-20 09:49:21,18650.0,800,Buy,232930852
2024-08-20 09:49:25,18650.0,700,Buy,232930909
2024-08-20 09:49:25,18650.0,10000,Buy,232930908
2024-08-20 09:49:25,18650.0,1000,Buy,232930907
2024-08-20 09:49:25,18650.0,100,Buy,232930906
2024-08-20 09:49:25,18650.0,200,Buy,232930905
2024-08-20 09:49:26,18650.0,1000,Buy,232930924
2024-08-20 09:49:29,18600.0,2100,Sell,232930986
2024-08-20 09:49:29,18600.0,1000,Sell,232930987
2024-08-20 09:49:29,18600.0,900,Sell,232930988
2024-08-20 09:49:29,18600.0,500,Sell,232930989
2024-08-20 09:49:29,18600.0,300,Sell,232930990
2024-08-20 09:49:29,18600.0,1000,Sell,232930985
2024-08-20 09:49:35,18600.0,100,Buy,232931275
2024-08-20 09:49:36,18600.0,200,Buy,232931440
2024-08-20 09:49:37,18600.0,1900,Buy,232931442
2024-08-20 09:49:37,18600.0,100,Buy,232931443
2024-08-20 09:49:37,18600.0,1800,Buy,232931444
2024-08-20 09:49:37,18650.0,1000,Buy,232931448
2024-08-20 09:49:39,18600.0,200,Sell,232931568
2024-08-20 09:49:41,18650.0,10000,Buy,232931582
2024-08-20 09:49:43,18650.0,1000,Buy,232931682
2024-08-20 09:49:46,18650.0,1000,Buy,232931724
2024-08-20 09:49:47,18600.0,500,Sell,232931742
2024-08-20 09:49:47,18600.0,10000,Sell,232931743
2024-08-20 09:49:47,18600.0,10000,Sell,232931744
2024-08-20 09:49:47,18600.0,200,Sell,232931745
2024-08-20 09:49:47,18600.0,1000,Sell,232931741
2024-08-20 09:49:54,18550.0,100,Sell,232931900
2024-08-20 09:49:54,18600.0,500,Buy,232931906
2024-08-20 09:49:54,18600.0,100,Buy,232931923
2024-08-20 09:49:58,18650.0,1000,Buy,232931991
2024-08-20 09:49:58,18650.0,3000,Buy,232931992
2024-08-20 09:49:58,18650.0,200,Buy,232931993
2024-08-20 09:49:58,18650.0,300,Buy,232931998
2024-08-20 09:49:58,18650.0,100,Buy,232931996
2024-08-20 09:49:58,18650.0,100,Buy,232931997
2024-08-20 09:49:58,18650.0,200,Buy,232931990
2024-08-20 09:49:58,18650.0,500,Buy,232931995
2024-08-20 09:49:58,18650.0,800,Buy,232931989
2024-08-20 09:49:58,18650.0,5000,Buy,232931994
2024-08-20 09:49:58,18650.0,100,Buy,232931987
2024-08-20 09:49:58,18650.0,2800,Buy,232931986
2024-08-20 09:49:58,18650.0,2000,Buy,232931985
2024-08-20 09:49:58,18650.0,1000,Buy,232931984
2024-08-20 09:49:58,18600.0,7700,Buy,232931979
2024-08-20 09:49:58,18650.0,3200,Buy,232931983
2024-08-20 09:49:58,18650.0,100,Buy,232931982
2024-08-20 09:49:58,18650.0,5300,Buy,232931981
2024-08-20 09:49:58,18600.0,3300,Buy,232931980
2024-08-20 09:49:58,18650.0,1300,Buy,232931988
2024-08-20 09:50:01,18600.0,1000,Sell,232932154
2024-08-20 09:50:02,18600.0,100,Sell,232932180
2024-08-20 09:50:03,18600.0,100,Sell,232932206
2024-08-20 09:50:04,18600.0,100,Sell,232932267
2024-08-20 09:50:04,18650.0,500,Buy,232932255
2024-08-20 09:50:04,18650.0,700,Buy,232932253
2024-08-20 09:50:04,18600.0,500,Sell,232932243
2024-08-20 09:50:04,18650.0,500,Buy,232932254
2024-08-20 09:50:05,18600.0,100,Sell,232932273
2024-08-20 09:50:06,18600.0,100,Sell,232932318
2024-08-20 09:50:09,18650.0,1000,Buy,232932445
2024-08-20 09:50:09,18650.0,162000,Buy,232932451
2024-08-20 09:50:09,18650.0,400,Buy,232932450
2024-08-20 09:50:09,18650.0,1000,Buy,232932449
2024-08-20 09:50:09,18650.0,200,Buy,232932448
2024-08-20 09:50:09,18650.0,1000,Buy,232932447
2024-08-20 09:50:09,18650.0,500,Buy,232932446
2024-08-20 09:50:09,18650.0,200,Buy,232932444
2024-08-20 09:50:09,18650.0,5000,Buy,232932438
2024-08-20 09:50:09,18650.0,5000,Buy,232932442
2024-08-20 09:50:09,18650.0,1100,Buy,232932441
2024-08-20 09:50:09,18650.0,16100,Buy,232932440
2024-08-20 09:50:09,18650.0,200,Buy,232932439
2024-08-20 09:50:09,18600.0,1000,Sell,232932429
2024-08-20 09:50:09,18650.0,1300,Buy,232932437
2024-08-20 09:50:09,18600.0,100,Sell,232932435
2024-08-20 09:50:09,18650.0,5000,Buy,232932443
2024-08-20 09:50:10,18600.0,100,Sell,232932489
2024-08-20 09:50:10,18600.0,200,Sell,232932475
2024-08-20 09:50:10,18650.0,100,Buy,232932474
2024-08-20 09:50:10,18600.0,200,Sell,232932459
2024-08-20 09:50:10,18600.0,500,Sell,232932460
2024-08-20 09:50:10,18600.0,100,Sell,232932458
2024-08-20 09:50:10,18600.0,1800,Sell,232932457
2024-08-20 09:50:10,18600.0,200,Sell,232932461
2024-08-20 09:50:12,18600.0,100,Sell,232932615
2024-08-20 09:50:13,18650.0,25000,Buy,232932637
2024-08-20 09:50:13,18650.0,900,Buy,232932638
2024-08-20 09:50:13,18650.0,1000,Buy,232932636
2024-08-20 09:50:13,18650.0,187900,Buy,232932632
2024-08-20 09:50:13,18650.0,200,Buy,232932634
2024-08-20 09:50:13,18650.0,5000,Buy,232932633
2024-08-20 09:50:13,18650.0,10000,Buy,232932635
2024-08-20 09:50:14,18700.0,600,Buy,232932770
2024-08-20 09:50:14,18700.0,100,Buy,232932769
2024-08-20 09:50:14,18700.0,100,Buy,232932768
2024-08-20 09:50:14,18700.0,100,Buy,232932767
2024-08-20 09:50:14,18700.0,300,Buy,232932766
2024-08-20 09:50:14,18700.0,10000,Buy,232932765
2024-08-20 09:50:14,18700.0,10000,Buy,232932762
2024-08-20 09:50:14,18700.0,200,Buy,232932764
2024-08-20 09:50:14,18700.0,100,Buy,232932763
2024-08-20 09:50:14,18700.0,200,Buy,232932761
2024-08-20 09:50:14,18700.0,100,Buy,232932746
2024-08-20 09:50:14,18700.0,1000,Buy,232932759
2024-08-20 09:50:14,18700.0,300,Buy,232932760
2024-08-20 09:50:14,18700.0,6000,Buy,232932741
2024-08-20 09:50:14,18700.0,400,Buy,232932742
2024-08-20 09:50:14,18700.0,100,Buy,232932743
2024-08-20 09:50:14,18700.0,300,Buy,232932740
2024-08-20 09:50:14,18700.0,300,Buy,232932745
2024-08-20 09:50:14,18700.0,100,Buy,232932747
2024-08-20 09:50:14,18700.0,300,Buy,232932757
2024-08-20 09:50:14,18700.0,1000,Buy,232932758
2024-08-20 09:50:14,18700.0,500,Buy,232932744
2024-08-20 09:50:19,18650.0,100,Sell,232932895
2024-08-20 09:50:20,18650.0,100,Sell,232932909
2024-08-20 09:50:21,18700.0,100,Buy,232932970
2024-08-20 09:50:22,18650.0,100,Sell,232933047
2024-08-20 09:50:24,18650.0,100,Sell,232933095
2024-08-20 09:50:25,18700.0,1500,Buy,232933131
2024-08-20 09:50:25,18650.0,100,Sell,232933134
2024-08-20 09:50:25,18700.0,12900,Buy,232933132
2024-08-20 09:50:25,18700.0,2000,Buy,232933130
2024-08-20 09:50:25,18700.0,100,Buy,232933129
2024-08-20 09:50:25,18700.0,100,Buy,232933128
2024-08-20 09:50:25,18700.0,100,Buy,232933127
2024-08-20 09:50:25,18700.0,200,Buy,232933126
2024-08-20 09:50:25,18700.0,3100,Buy,232933125
2024-08-20 09:50:26,18700.0,2500,Buy,232933152
2024-08-20 09:50:27,18650.0,100,Sell,232933175
2024-08-20 09:50:28,18700.0,100,Buy,232933209
2024-08-20 09:50:28,18700.0,800,Buy,232933212
2024-08-20 09:50:29,18650.0,300,Sell,232933242
2024-08-20 09:50:29,18650.0,200,Sell,232933243
2024-08-20 09:50:31,18700.0,100,Buy,232933268
2024-08-20 09:50:32,18700.0,1400,Buy,232933300
2024-08-20 09:50:32,18700.0,2000,Buy,232933305
2024-08-20 09:50:32,18700.0,10000,Buy,232933306
2024-08-20 09:50:32,18700.0,3600,Buy,232933299
2024-08-20 09:50:33,18700.0,600,Buy,232933343
2024-08-20 09:50:33,18700.0,1700,Buy,232933345
2024-08-20 09:50:33,18700.0,1000,Buy,232933344
2024-08-20 09:50:33,18700.0,100,Buy,232933342
2024-08-20 09:50:33,18700.0,500,Buy,232933327
2024-08-20 09:50:33,18700.0,2000,Buy,232933340
2024-08-20 09:50:33,18700.0,200,Buy,232933339
2024-08-20 09:50:33,18700.0,11700,Buy,232933338
2024-08-20 09:50:33,18700.0,2700,Buy,232933341
2024-08-20 09:50:34,18650.0,100,Sell,232933394
2024-08-20 09:50:34,18700.0,2900,Buy,232933363
2024-08-20 09:50:34,18700.0,1000,Buy,232933361
2024-08-20 09:50:34,18700.0,100,Buy,232933360
2024-08-20 09:50:34,18700.0,100,Buy,232933362
2024-08-20 09:50:34,18700.0,100,Buy,232933358
2024-08-20 09:50:34,18700.0,1000,Buy,232933357
2024-08-20 09:50:34,18700.0,1000,Buy,232933356
2024-08-20 09:50:34,18700.0,3300,Buy,232933355
2024-08-20 09:50:34,18700.0,500,Buy,232933359
2024-08-20 09:50:35,18650.0,5000,Sell,232933406
2024-08-20 09:50:37,18700.0,400,Buy,232933463
2024-08-20 09:50:37,18700.0,3500,Buy,232933467
2024-08-20 09:50:37,18700.0,100,Buy,232933466
2024-08-20 09:50:37,18700.0,200,Buy,232933465
2024-08-20 09:50:37,18700.0,200,Buy,232933464
2024-08-20 09:50:37,18700.0,1000,Buy,232933462
2024-08-20 09:50:37,18650.0,3000,Sell,232933455
2024-08-20 09:50:37,18700.0,100,Buy,232933460
2024-08-20 09:50:37,18700.0,100,Buy,232933459
2024-08-20 09:50:37,18700.0,200,Buy,232933458
2024-08-20 09:50:37,18700.0,2000,Buy,232933457
2024-08-20 09:50:37,18700.0,2100,Buy,232933456
2024-08-20 09:50:37,18700.0,100,Buy,232933461
2024-08-20 09:50:38,18700.0,500,Sell,232933504
2024-08-20 09:50:38,18700.0,200,Buy,232933491
2024-08-20 09:50:38,18700.0,5900,Buy,232933488
2024-08-20 09:50:38,18700.0,8400,Buy,232933489
2024-08-20 09:50:38,18700.0,200,Buy,232933490
2024-08-20 09:50:38,18700.0,600,Buy,232933483
2024-08-20 09:50:40,18700.0,100,Sell,232933565
2024-08-20 09:50:41,18700.0,100,Sell,232933633
2024-08-20 09:50:41,18700.0,1000,Sell,232933626
2024-08-20 09:50:42,18750.0,100,Buy,232933672
2024-08-20 09:50:42,18750.0,100,Buy,232933673
2024-08-20 09:50:42,18750.0,5000,Buy,232933674
2024-08-20 09:50:42,18750.0,100,Buy,232933675
2024-08-20 09:50:42,18750.0,100,Buy,232933676
2024-08-20 09:50:42,18750.0,9000,Buy,232933677
2024-08-20 09:50:42,18750.0,500,Buy,232933678
2024-08-20 09:50:42,18750.0,5000,Buy,232933680
2024-08-20 09:50:42,18750.0,200,Buy,232933681
2024-08-20 09:50:42,18750.0,1000,Buy,232933682
2024-08-20 09:50:42,18750.0,1000,Buy,232933683
2024-08-20 09:50:42,18750.0,500,Buy,232933684
2024-08-20 09:50:42,18750.0,1800,Buy,232933685
2024-08-20 09:50:42,18750.0,2000,Buy,232933671
2024-08-20 09:50:42,18750.0,1000,Buy,232933679
2024-08-20 09:50:42,18750.0,1000,Buy,232933669
2024-08-20 09:50:42,18750.0,200,Sell,232933695
2024-08-20 09:50:42,18700.0,3600,Sell,232933648
2024-08-20 09:50:42,18700.0,16400,Sell,232933649
2024-08-20 09:50:42,18750.0,6000,Buy,232933656
2024-08-20 09:50:42,18750.0,800,Buy,232933657
2024-08-20 09:50:42,18750.0,200,Buy,232933658
2024-08-20 09:50:42,18750.0,2000,Buy,232933659
2024-08-20 09:50:42,18750.0,1500,Buy,232933670
2024-08-20 09:50:42,18750.0,200,Buy,232933660
2024-08-20 09:50:42,18750.0,1000,Buy,232933662
2024-08-20 09:50:42,18750.0,1000,Buy,232933663
2024-08-20 09:50:42,18750.0,100,Buy,232933664
2024-08-20 09:50:42,18750.0,1000,Buy,232933665
2024-08-20 09:50:42,18750.0,100,Buy,232933666
2024-08-20 09:50:42,18750.0,3000,Buy,232933667
2024-08-20 09:50:42,18750.0,10000,Buy,232933661
2024-08-20 09:50:42,18750.0,500,Buy,232933668
2024-08-20 09:50:43,18750.0,200,Sell,232933711
2024-08-20 09:50:44,18750.0,200,Sell,232933750
2024-08-20 09:50:47,18750.0,100,Sell,232933819
2024-08-20 09:50:48,18750.0,1500,Sell,232933876
2024-08-20 09:50:49,18750.0,5000,Sell,232933899
2024-08-20 09:50:50,18750.0,500,Sell,232933920
2024-08-20 09:50:50,18750.0,5400,Sell,232933944
2024-08-20 09:50:50,18750.0,600,Sell,232933945
2024-08-20 09:50:55,18750.0,200,Buy,232934094
2024-08-20 09:51:01,18750.0,1000,Buy,232934277
2024-08-20 09:51:05,18800.0,1000,Buy,232934525
2024-08-20 09:51:05,18800.0,100,Buy,232934524
2024-08-20 09:51:05,18800.0,100,Buy,232934523
2024-08-20 09:51:05,18800.0,200,Buy,232934522
2024-08-20 09:51:05,18800.0,1000,Buy,232934521
2024-08-20 09:51:05,18800.0,100,Buy,232934517
2024-08-20 09:51:05,18800.0,5000,Buy,232934519
2024-08-20 09:51:05,18800.0,200,Buy,232934518
2024-08-20 09:51:05,18800.0,100,Buy,232934526
2024-08-20 09:51:05,18800.0,500,Buy,232934516
2024-08-20 09:51:05,18800.0,3000,Buy,232934515
2024-08-20 09:51:05,18800.0,100,Buy,232934520
2024-08-20 09:51:05,18800.0,100,Buy,232934527
2024-08-20 09:51:05,18800.0,200,Buy,232934531
2024-08-20 09:51:05,18800.0,500,Buy,232934529
2024-08-20 09:51:05,18800.0,2000,Buy,232934530
2024-08-20 09:51:05,18800.0,1000,Buy,232934532
2024-08-20 09:51:05,18800.0,2000,Buy,232934533
2024-08-20 09:51:05,18800.0,2000,Buy,232934534
2024-08-20 09:51:05,18800.0,100,Buy,232934535
2024-08-20 09:51:05,18800.0,1000,Buy,232934536
2024-08-20 09:51:05,18800.0,100,Buy,232934537
2024-08-20 09:51:05,18800.0,1000,Buy,232934538
2024-08-20 09:51:05,18800.0,1000,Buy,232934539
2024-08-20 09:51:05,18800.0,2000,Buy,232934540
2024-08-20 09:51:05,18800.0,83500,Buy,232934541
2024-08-20 09:51:05,18800.0,100,Buy,232934528
2024-08-20 09:51:05,18800.0,10000,Buy,232934514
2024-08-20 09:51:05,18800.0,500,Buy,232934511
2024-08-20 09:51:05,18800.0,1000,Buy,232934512
2024-08-20 09:51:05,18750.0,42800,Buy,232934484
2024-08-20 09:51:05,18750.0,100,Buy,232934485
2024-08-20 09:51:05,18750.0,500,Buy,232934486
2024-08-20 09:51:05,18750.0,2000,Buy,232934487
2024-08-20 09:51:05,18750.0,10000,Buy,232934488
2024-08-20 09:51:05,18750.0,1000,Buy,232934489
2024-08-20 09:51:05,18800.0,100,Buy,232934490
2024-08-20 09:51:05,18800.0,500,Buy,232934491
2024-08-20 09:51:05,18800.0,500,Buy,232934492
2024-08-20 09:51:05,18800.0,1000,Buy,232934493
2024-08-20 09:51:05,18800.0,2000,Buy,232934495
2024-08-20 09:51:05,18800.0,10000,Buy,232934496
2024-08-20 09:51:05,18800.0,800,Buy,232934494
2024-08-20 09:51:05,18800.0,100,Buy,232934498
2024-08-20 09:51:05,18800.0,300,Buy,232934510
2024-08-20 09:51:05,18800.0,1000,Buy,232934509
2024-08-20 09:51:05,18800.0,1000,Buy,232934507
2024-08-20 09:51:05,18800.0,100,Buy,232934497
2024-08-20 09:51:05,18800.0,500,Buy,232934505
2024-08-20 09:51:05,18800.0,500,Buy,232934504
2024-08-20 09:51:05,18800.0,700,Buy,232934506
2024-08-20 09:51:05,18800.0,1200,Buy,232934502
2024-08-20 09:51:05,18800.0,200,Buy,232934501
2024-08-20 09:51:05,18800.0,1000,Buy,232934500
2024-08-20 09:51:05,18800.0,200,Buy,232934499
2024-08-20 09:51:05,18800.0,400,Buy,232934503
2024-08-20 09:51:05,18800.0,2000,Buy,232934513
2024-08-20 09:51:08,18750.0,200,Buy,232934612
2024-08-20 09:51:17,18750.0,1500,Buy,232934942
2024-08-20 09:51:18,18750.0,4000,Buy,232934948
2024-08-20 09:51:20,18750.0,2000,Buy,232935001
2024-08-20 09:51:21,18750.0,100,Buy,232935035
2024-08-20 09:51:21,18750.0,10000,Buy,232935036
2024-08-20 09:51:21,18750.0,1800,Buy,232935034
2024-08-20 09:51:21,18750.0,500,Buy,232935025
2024-08-20 09:51:21,18750.0,1800,Buy,232935024
2024-08-20 09:51:21,18750.0,2500,Buy,232935023
2024-08-20 09:51:21,18750.0,200,Buy,232935026
2024-08-20 09:51:23,18750.0,100,Sell,232935167
2024-08-20 09:51:24,18750.0,2000,Sell,232935189
2024-08-20 09:51:28,18750.0,100,Sell,232935261
2024-08-20 09:51:30,18750.0,1000,Sell,232935316
2024-08-20 09:51:31,18750.0,1000,Sell,232935336
2024-08-20 09:51:33,18750.0,100,Sell,232935384
2024-08-20 09:51:33,18750.0,2900,Sell,232935383
2024-08-20 09:51:33,18750.0,1000,Sell,232935380
2024-08-20 09:51:33,18750.0,200,Sell,232935381
2024-08-20 09:51:33,18750.0,3900,Sell,232935379
2024-08-20 09:51:33,18750.0,2000,Sell,232935382
2024-08-20 09:51:36,18750.0,100,Sell,232935454
2024-08-20 09:51:38,18750.0,300,Sell,232935494
2024-08-20 09:51:38,18750.0,100,Sell,232935495
2024-08-20 09:51:39,18750.0,200,Buy,232935539
2024-08-20 09:51:39,18750.0,2000,Sell,232935528
2024-08-20 09:51:39,18750.0,4700,Sell,232935525
2024-08-20 09:51:39,18750.0,1000,Sell,232935526
2024-08-20 09:51:39,18750.0,200,Sell,232935507
2024-08-20 09:51:39,18750.0,400,Sell,232935527
2024-08-20 09:51:41,18750.0,10700,Buy,232935564
2024-08-20 09:51:41,18750.0,1000,Sell,232935566
2024-08-20 09:51:41,18750.0,100,Sell,232935573
2024-08-20 09:51:43,18750.0,2000,Sell,232935669
2024-08-20 09:51:43,18750.0,100,Sell,232935683
2024-08-20 09:51:48,18700.0,6400,Sell,232935863
2024-08-20 09:51:48,18700.0,100000,Sell,232935862
2024-08-20 09:51:48,18700.0,20000,Sell,232935861
2024-08-20 09:51:48,18700.0,300,Sell,232935860
2024-08-20 09:51:48,18700.0,500,Sell,232935859
2024-08-20 09:51:48,18700.0,100,Sell,232935858
2024-08-20 09:51:48,18700.0,200,Sell,232935857
2024-08-20 09:51:48,18700.0,500,Sell,232935856
2024-08-20 09:51:48,18700.0,10000,Sell,232935854
2024-08-20 09:51:48,18700.0,200,Sell,232935853
2024-08-20 09:51:48,18800.0,500,Buy,232935833
2024-08-20 09:51:48,18750.0,2000,Sell,232935848
2024-08-20 09:51:48,18750.0,34100,Sell,232935849
2024-08-20 09:51:48,18700.0,3000,Sell,232935855
2024-08-20 09:51:48,18750.0,100,Sell,232935851
2024-08-20 09:51:48,18700.0,23600,Sell,232935852
2024-08-20 09:51:48,18750.0,1000,Sell,232935850
2024-08-20 09:51:50,18750.0,100,Buy,232935882
2024-08-20 09:51:50,18700.0,400,Sell,232935902
2024-08-20 09:51:52,18750.0,100,Buy,232935948
2024-08-20 09:51:55,18750.0,2000,Buy,232936090
2024-08-20 09:51:55,18750.0,900,Buy,232936091
2024-08-20 09:51:57,18800.0,3000,Buy,232936114
2024-08-20 09:51:57,18750.0,4100,Sell,232936129
2024-08-20 09:51:57,18750.0,200,Sell,232936130
2024-08-20 09:51:57,18750.0,5000,Sell,232936131
2024-08-20 09:52:05,18750.0,500,Buy,232936406
2024-08-20 09:52:09,18750.0,200,Buy,232936547
2024-08-20 09:52:09,18750.0,100,Buy,232936548
2024-08-20 09:52:09,18750.0,100,Buy,232936549
2024-08-20 09:52:18,18700.0,800,Sell,232936762
2024-08-20 09:52:18,18700.0,100,Sell,232936761
2024-08-20 09:52:20,18750.0,100,Buy,232936800
2024-08-20 09:52:20,18750.0,900,Buy,232936801
2024-08-20 09:52:21,18700.0,100,Sell,232936863
2024-08-20 09:52:23,18700.0,100,Sell,232936942
2024-08-20 09:52:29,18750.0,800,Buy,232937145
2024-08-20 09:52:29,18750.0,1000,Buy,232937153
2024-08-20 09:52:32,18700.0,1000,Sell,232937217
2024-08-20 09:52:35,18700.0,2000,Sell,232937350
2024-08-20 09:52:35,18700.0,100,Sell,232937347
2024-08-20 09:52:35,18700.0,300,Sell,232937344
2024-08-20 09:52:37,18750.0,2000,Buy,232937407
2024-08-20 09:52:39,18700.0,6000,Sell,232937458
2024-08-20 09:52:39,18700.0,10800,Sell,232937449
2024-08-20 09:52:39,18700.0,2000,Sell,232937448
2024-08-20 09:52:39,18700.0,200,Sell,232937447
2024-08-20 09:52:39,18700.0,2000,Sell,232937446
2024-08-20 09:52:39,18700.0,10000,Sell,232937444
2024-08-20 09:52:39,18700.0,1600,Sell,232937439
2024-08-20 09:52:39,18700.0,400,Sell,232937443
2024-08-20 09:52:39,18700.0,1000,Sell,232937442
2024-08-20 09:52:39,18700.0,1000,Sell,232937441
2024-08-20 09:52:39,18700.0,10000,Sell,232937440
2024-08-20 09:52:39,18700.0,1000,Sell,232937445
2024-08-20 09:52:46,18700.0,3200,Sell,232937665
2024-08-20 09:52:46,18700.0,1000,Sell,232937666
2024-08-20 09:52:46,18700.0,300,Sell,232937667
2024-08-20 09:52:46,18700.0,500,Sell,232937668
2024-08-20 09:52:48,18700.0,100,Sell,232937850
2024-08-20 09:52:48,18700.0,2000,Sell,232937851
2024-08-20 09:52:48,18700.0,400,Sell,232937852
2024-08-20 09:52:49,18700.0,100,Sell,232937890
2024-08-20 09:52:49,18750.0,100,Buy,232937888
2024-08-20 09:52:49,18750.0,300,Buy,232937889
2024-08-20 09:52:49,18750.0,500,Buy,232937886
2024-08-20 09:52:49,18750.0,300,Buy,232937885
2024-08-20 09:52:49,18750.0,800,Buy,232937887
2024-08-20 09:52:53,18700.0,500,Sell,232938034
2024-08-20 09:52:53,18700.0,5000,Sell,232938038
2024-08-20 09:52:53,18700.0,1000,Sell,232938039
2024-08-20 09:52:53,18700.0,2000,Sell,232938040
2024-08-20 09:52:53,18700.0,100,Sell,232938041
2024-08-20 09:52:53,18700.0,4000,Sell,232938042
2024-08-20 09:53:09,18650.0,137000,Sell,232938468
2024-08-20 09:53:15,18650.0,1000,Sell,232938643
2024-08-20 09:53:15,18650.0,7000,Sell,232938649
2024-08-20 09:53:20,18650.0,100000,Sell,232938841
2024-08-20 09:53:26,18650.0,10000,Sell,232938960
2024-08-20 09:53:28,18650.0,300,Sell,232939054
2024-08-20 09:53:28,18650.0,1400,Sell,232939055
2024-08-20 09:53:28,18650.0,100,Sell,232939052
2024-08-20 09:53:28,18650.0,100,Sell,232939082
2024-08-20 09:53:28,18650.0,500,Sell,232939053
2024-08-20 09:53:28,18650.0,5800,Sell,232939048
2024-08-20 09:53:28,18650.0,200,Sell,232939051
2024-08-20 09:53:28,18650.0,1500,Sell,232939050
2024-08-20 09:53:28,18650.0,200,Sell,232939049
2024-08-20 09:53:32,18650.0,100,Sell,232939217
2024-08-20 09:53:36,18650.0,500,Buy,232939307
2024-08-20 09:53:39,18650.0,100,Buy,232939388
2024-08-20 09:53:45,18650.0,200,Buy,232939647
2024-08-20 09:53:45,18650.0,200,Buy,232939656
2024-08-20 09:53:47,18650.0,1000,Buy,232939680
2024-08-20 09:54:09,18650.0,300,Buy,232940218
2024-08-20 09:54:09,18650.0,700,Buy,232940219
2024-08-20 09:54:11,18650.0,500,Buy,232940250
2024-08-20 09:54:12,18650.0,100,Buy,232940258
2024-08-20 09:54:17,18600.0,200,Sell,232940395
2024-08-20 09:54:49,18650.0,700,Buy,232941348
2024-08-20 09:54:49,18650.0,300,Buy,232941349
2024-08-20 09:54:57,18650.0,100,Buy,232941559
2024-08-20 09:55:02,18600.0,100,Sell,232941674
2024-08-20 09:55:05,18650.0,2000,Buy,232941749
2024-08-20 09:55:06,18600.0,200,Sell,232941757
2024-08-20 09:55:06,18600.0,100,Sell,232941758
2024-08-20 09:55:06,18600.0,400,Sell,232941759
2024-08-20 09:55:06,18600.0,500,Sell,232941760
2024-08-20 09:55:06,18600.0,8800,Sell,232941761
2024-08-20 09:55:18,18600.0,500,Sell,232942035
2024-08-20 09:55:18,18600.0,12300,Sell,232942036
2024-08-20 09:55:18,18600.0,1200,Sell,232942033
2024-08-20 09:55:18,18600.0,1000,Sell,232942034
2024-08-20 09:55:24,18650.0,100,Buy,232942151
2024-08-20 09:55:34,18650.0,200,Buy,232942474
2024-08-20 09:55:36,18600.0,1000,Sell,232942513
2024-08-20 09:55:39,18650.0,400,Buy,232942586
2024-08-20 09:55:49,18650.0,300,Buy,232942871
2024-08-20 09:55:49,18650.0,1000,Buy,232942892
2024-08-20 09:55:55,18600.0,100,Sell,232943111
2024-08-20 09:55:56,18650.0,400,Buy,232943136
2024-08-20 09:56:02,18650.0,53100,Buy,232943319
2024-08-20 09:56:06,18650.0,10000,Buy,232943439
2024-08-20 09:56:09,18650.0,3000,Buy,232943526
2024-08-20 09:56:10,18650.0,300,Buy,232943558
2024-08-20 09:56:15,18650.0,100,Buy,232943698
2024-08-20 09:56:17,18650.0,4200,Buy,232943719
2024-08-20 09:56:25,18650.0,1500,Buy,232943910
2024-08-20 09:56:26,18650.0,700,Buy,232944004
2024-08-20 09:56:26,18650.0,100,Buy,232944035
2024-08-20 09:56:29,18650.0,3800,Buy,232944102
2024-08-20 09:56:30,18650.0,100,Buy,232944137
2024-08-20 09:56:31,18650.0,500,Buy,232944176
2024-08-20 09:56:40,18650.0,100,Buy,232944423
2024-08-20 09:56:40,18650.0,100,Buy,232944424
2024-08-20 09:56:40,18650.0,800,Buy,232944422
2024-08-20 09:56:46,18650.0,500,Buy,232944554
2024-08-20 09:56:47,18650.0,200,Buy,232944573
2024-08-20 09:56:50,18650.0,600,Buy,232944660
2024-08-20 09:56:50,18650.0,100,Buy,232944659
2024-08-20 09:56:50,18650.0,500,Buy,232944658
2024-08-20 09:56:50,18650.0,100,Buy,232944656
2024-08-20 09:56:50,18650.0,1800,Buy,232944655
2024-08-20 09:56:50,18650.0,1600,Buy,232944654
2024-08-20 09:56:50,18650.0,200,Buy,232944653
2024-08-20 09:56:50,18650.0,100,Buy,232944657
2024-08-20 09:56:55,18650.0,1000,Buy,232944799
2024-08-20 09:56:57,18650.0,500,Buy,232944829
2024-08-20 09:56:57,18650.0,300,Buy,232944827
2024-08-20 09:56:57,18650.0,800,Buy,232944828
2024-08-20 09:56:57,18650.0,100,Buy,232944818
2024-08-20 09:56:57,18650.0,400,Buy,232944817
2024-08-20 09:56:57,18650.0,400,Buy,232944826
2024-08-20 09:57:02,18600.0,100,Sell,232944931
2024-08-20 09:57:06,18650.0,100,Buy,232945049
2024-08-20 09:57:06,18650.0,100,Buy,232945077
2024-08-20 09:57:06,18650.0,100,Buy,232945078
2024-08-20 09:57:06,18650.0,400,Buy,232945079
2024-08-20 09:57:07,18600.0,2300,Sell,232945117
2024-08-20 09:57:07,18650.0,1100,Sell,232945116
2024-08-20 09:57:07,18650.0,1400,Sell,232945115
2024-08-20 09:57:19,18650.0,900,Sell,232945492
2024-08-20 09:57:19,18650.0,900,Sell,232945489
2024-08-20 09:57:19,18650.0,100,Sell,232945491
2024-08-20 09:57:22,18650.0,100,Sell,232945558
2024-08-20 09:57:22,18650.0,900,Sell,232945559
2024-08-20 09:57:25,18700.0,400,Buy,232945602
2024-08-20 09:57:26,18650.0,200,Sell,232945657
2024-08-20 09:57:28,18600.0,10000,Sell,232945725
2024-08-20 09:57:28,18600.0,10000,Sell,232945726
2024-08-20 09:57:28,18600.0,100,Sell,232945727
2024-08-20 09:57:28,18600.0,1000,Sell,232945728
2024-08-20 09:57:28,18600.0,2700,Sell,232945729
2024-08-20 09:57:28,18600.0,500,Sell,232945731
2024-08-20 09:57:28,18600.0,5000,Sell,232945732
2024-08-20 09:57:28,18600.0,200,Sell,232945733
2024-08-20 09:57:28,18600.0,300,Sell,232945734
2024-08-20 09:57:28,18600.0,5900,Sell,232945735
2024-08-20 09:57:28,18600.0,1000,Sell,232945730
2024-08-20 09:57:28,18600.0,100,Sell,232945724
2024-08-20 09:57:28,18600.0,2000,Sell,232945721
2024-08-20 09:57:28,18600.0,500,Sell,232945722
2024-08-20 09:57:28,18600.0,2700,Sell,232945719
2024-08-20 09:57:28,18600.0,200,Sell,232945718
2024-08-20 09:57:28,18600.0,200,Sell,232945717
2024-08-20 09:57:28,18600.0,300,Sell,232945716
2024-08-20 09:57:28,18600.0,1000,Sell,232945715
2024-08-20 09:57:28,18600.0,100,Sell,232945714
2024-08-20 09:57:28,18600.0,1000,Sell,232945713
2024-08-20 09:57:28,18600.0,9200,Sell,232945712
2024-08-20 09:57:28,18650.0,100,Sell,232945711
2024-08-20 09:57:28,18650.0,900,Sell,232945710
2024-08-20 09:57:28,18600.0,1000,Sell,232945723
2024-08-20 09:57:28,18600.0,20000,Sell,232945720
2024-08-20 09:57:36,18650.0,5000,Sell,232945896
2024-08-20 09:57:46,18650.0,7000,Buy,232946320
2024-08-20 09:57:50,18650.0,500,Buy,232946409
2024-08-20 09:57:50,18650.0,5000,Buy,232946410
2024-08-20 09:57:50,18650.0,4300,Buy,232946408
2024-08-20 09:58:03,18700.0,3800,Buy,232946843
2024-08-20 09:58:03,18700.0,1000,Buy,232946842
2024-08-20 09:58:03,18700.0,500,Buy,232946841
2024-08-20 09:58:03,18700.0,10000,Buy,232946840
2024-08-20 09:58:03,18700.0,3000,Buy,232946839
2024-08-20 09:58:03,18700.0,200,Buy,232946838
2024-08-20 09:58:03,18700.0,1000,Buy,232946837
2024-08-20 09:58:03,18700.0,500,Buy,232946836
2024-08-20 09:58:03,18700.0,200,Buy,232946835
2024-08-20 09:58:03,18700.0,500,Buy,232946833
2024-08-20 09:58:03,18700.0,100,Buy,232946832
2024-08-20 09:58:03,18700.0,100,Buy,232946834
2024-08-20 09:58:03,18700.0,400,Buy,232946830
2024-08-20 09:58:03,18700.0,37500,Buy,232946820
2024-08-20 09:58:03,18700.0,1500,Buy,232946831
2024-08-20 09:58:03,18700.0,1000,Buy,232946822
2024-08-20 09:58:03,18700.0,200,Buy,232946823
2024-08-20 09:58:03,18700.0,1000,Buy,232946824
2024-08-20 09:58:03,18700.0,1000,Buy,232946821
2024-08-20 09:58:03,18700.0,100,Buy,232946826
2024-08-20 09:58:03,18700.0,100,Buy,232946827
2024-08-20 09:58:03,18700.0,500,Buy,232946828
2024-08-20 09:58:03,18700.0,10000,Buy,232946829
2024-08-20 09:58:03,18700.0,1800,Buy,232946825
2024-08-20 09:58:11,18700.0,200,Buy,232947136
2024-08-20 09:58:14,18700.0,100,Buy,232947312
2024-08-20 09:58:14,18700.0,1600,Buy,232947311
2024-08-20 09:58:14,18700.0,100,Buy,232947306
2024-08-20 09:58:14,18700.0,200,Buy,232947308
2024-08-20 09:58:14,18700.0,1000,Buy,232947307
2024-08-20 09:58:14,18700.0,100,Buy,232947305
2024-08-20 09:58:14,18700.0,100,Buy,232947309
2024-08-20 09:58:14,18700.0,500,Buy,232947303
2024-08-20 09:58:14,18700.0,200,Buy,232947302
2024-08-20 09:58:14,18700.0,900,Buy,232947301
2024-08-20 09:58:14,18700.0,2000,Buy,232947300
2024-08-20 09:58:14,18700.0,100,Buy,232947299
2024-08-20 09:58:14,18700.0,16000,Buy,232947298
2024-08-20 09:58:14,18700.0,500,Buy,232947304
2024-08-20 09:58:16,18700.0,200,Sell,232947358
2024-08-20 09:58:17,18700.0,1000,Sell,232947403
2024-08-20 09:58:20,18700.0,3000,Sell,232947445
2024-08-20 09:58:28,18700.0,4800,Sell,232947761
2024-08-20 09:58:30,18750.0,1700,Buy,232947802
2024-08-20 09:58:38,18750.0,1000,Buy,232947962
2024-08-20 09:58:46,18800.0,500,Buy,232948173
2024-08-20 09:58:46,18800.0,1000,Buy,232948174
2024-08-20 09:58:46,18800.0,100,Buy,232948175
2024-08-20 09:58:46,18800.0,1000,Buy,232948177
2024-08-20 09:58:46,18800.0,100,Buy,232948176
2024-08-20 09:58:46,18800.0,1000,Buy,232948178
2024-08-20 09:58:46,18800.0,100,Buy,232948183
2024-08-20 09:58:46,18800.0,100,Buy,232948180
2024-08-20 09:58:46,18800.0,100,Buy,232948181
2024-08-20 09:58:46,18800.0,300,Buy,232948182
2024-08-20 09:58:46,18800.0,200,Buy,232948172
2024-08-20 09:58:46,18800.0,100,Buy,232948184
2024-08-20 09:58:46,18800.0,5000,Buy,232948179
2024-08-20 09:58:46,18800.0,200,Buy,232948171
2024-08-20 09:58:46,18800.0,200,Buy,232948165
2024-08-20 09:58:46,18800.0,500,Buy,232948169
2024-08-20 09:58:46,18800.0,200,Buy,232948168
2024-08-20 09:58:46,18800.0,2000,Buy,232948167
2024-08-20 09:58:46,18800.0,3000,Buy,232948166
2024-08-20 09:58:46,18800.0,5000,Buy,232948185
2024-08-20 09:58:46,18800.0,600,Buy,232948164
2024-08-20 09:58:46,18800.0,200,Buy,232948163
2024-08-20 09:58:46,18800.0,1000,Buy,232948162
2024-08-20 09:58:46,18800.0,500,Buy,232948161
2024-08-20 09:58:46,18800.0,1000,Buy,232948160
2024-08-20 09:58:46,18800.0,100,Buy,232948159
2024-08-20 09:58:46,18800.0,500,Buy,232948158
2024-08-20 09:58:46,18800.0,5000,Buy,232948157
2024-08-20 09:58:46,18800.0,5000,Buy,232948156
2024-08-20 09:58:46,18800.0,200,Buy,232948170
2024-08-20 09:58:46,18800.0,100,Buy,232948186
2024-08-20 09:58:46,18800.0,500,Buy,232948193
2024-08-20 09:58:46,18800.0,1900,Buy,232948188
2024-08-20 09:58:46,18800.0,500,Buy,232948220
2024-08-20 09:58:46,18800.0,500,Buy,232948219
2024-08-20 09:58:46,18800.0,2000,Buy,232948218
2024-08-20 09:58:46,18800.0,2000,Buy,232948217
2024-08-20 09:58:46,18800.0,25300,Buy,232948216
2024-08-20 09:58:46,18800.0,30000,Buy,232948215
2024-08-20 09:58:46,18800.0,6300,Buy,232948214
2024-08-20 09:58:46,18800.0,27700,Buy,232948213
2024-08-20 09:58:46,18800.0,1000,Buy,232948212
2024-08-20 09:58:46,18800.0,100,Buy,232948155
2024-08-20 09:58:46,18800.0,100,Buy,232948209
2024-08-20 09:58:46,18800.0,100,Buy,232948208
2024-08-20 09:58:46,18800.0,5000,Buy,232948207
2024-08-20 09:58:46,18800.0,2000,Buy,232948206
2024-08-20 09:58:46,18800.0,4800,Buy,232948187
2024-08-20 09:58:46,18800.0,1000,Buy,232948205
2024-08-20 09:58:46,18800.0,3000,Buy,232948203
2024-08-20 09:58:46,18800.0,200,Buy,232948202
2024-08-20 09:58:46,18800.0,300,Buy,232948201
2024-08-20 09:58:46,18800.0,100,Buy,232948200
2024-08-20 09:58:46,18800.0,500,Buy,232948199
2024-08-20 09:58:46,18800.0,20000,Buy,232948198
2024-08-20 09:58:46,18800.0,500,Buy,232948197
2024-08-20 09:58:46,18800.0,500,Buy,232948196
2024-08-20 09:58:46,18800.0,36900,Buy,232948195
2024-08-20 09:58:46,18800.0,1000,Buy,232948194
2024-08-20 09:58:46,18800.0,1500,Buy,232948192
2024-08-20 09:58:46,18800.0,200,Buy,232948191
2024-08-20 09:58:46,18800.0,100,Buy,232948190
2024-08-20 09:58:46,18800.0,2000,Buy,232948189
2024-08-20 09:58:46,18800.0,1300,Buy,232948204
2024-08-20 09:58:46,18800.0,10000,Buy,232948153
2024-08-20 09:58:46,18800.0,100,Buy,232948211
2024-08-20 09:58:46,18800.0,100,Buy,232948151
2024-08-20 09:58:46,18750.0,500,Buy,232948115
2024-08-20 09:58:46,18750.0,100,Buy,232948114
2024-08-20 09:58:46,18750.0,500,Buy,232948113
2024-08-20 09:58:46,18750.0,9900,Buy,232948112
2024-08-20 09:58:46,18750.0,200,Buy,232948111
2024-08-20 09:58:46,18750.0,100,Buy,232948110
2024-08-20 09:58:46,18750.0,2000,Buy,232948109
2024-08-20 09:58:46,18750.0,100,Buy,232948108
2024-08-20 09:58:46,18750.0,400,Buy,232948107
2024-08-20 09:58:46,18750.0,2000,Buy,232948106
2024-08-20 09:58:46,18750.0,6500,Buy,232948105
2024-08-20 09:58:46,18750.0,500,Buy,232948104
2024-08-20 09:58:46,18750.0,1000,Buy,232948103
2024-08-20 09:58:46,18750.0,1000,Buy,232948102
2024-08-20 09:58:46,18750.0,100,Buy,232948116
2024-08-20 09:58:46,18750.0,1000,Buy,232948101
2024-08-20 09:58:46,18750.0,1000,Buy,232948099
2024-08-20 09:58:46,18750.0,3900,Buy,232948098
2024-08-20 09:58:46,18750.0,100,Buy,232948097
2024-08-20 09:58:46,18750.0,10000,Buy,232948096
2024-08-20 09:58:46,18750.0,2500,Buy,232948095
2024-08-20 09:58:46,18750.0,100,Buy,232948094
2024-08-20 09:58:46,18750.0,1000,Buy,232948093
2024-08-20 09:58:46,18750.0,800,Buy,232948092
2024-08-20 09:58:46,18750.0,31700,Buy,232948091
2024-08-20 09:58:46,18750.0,1800,Buy,232948090
2024-08-20 09:58:46,18750.0,10000,Buy,232948089
2024-08-20 09:58:46,18750.0,2500,Buy,232948088
2024-08-20 09:58:46,18750.0,14000,Buy,232948087
2024-08-20 09:58:46,18800.0,100,Buy,232948152
2024-08-20 09:58:46,18750.0,200,Buy,232948100
2024-08-20 09:58:46,18750.0,4000,Buy,232948117
2024-08-20 09:58:46,18800.0,5000,Buy,232948210
2024-08-20 09:58:46,18750.0,400,Buy,232948119
2024-08-20 09:58:46,18800.0,1000,Buy,232948149
2024-08-20 09:58:46,18800.0,5000,Buy,232948148
2024-08-20 09:58:46,18800.0,5000,Buy,232948147
2024-08-20 09:58:46,18800.0,100,Buy,232948146
2024-08-20 09:58:46,18800.0,100,Buy,232948145
2024-08-20 09:58:46,18800.0,3900,Buy,232948144
2024-08-20 09:58:46,18800.0,200,Buy,232948143
2024-08-20 09:58:46,18800.0,2000,Buy,232948142
2024-08-20 09:58:46,18800.0,100,Buy,232948141
2024-08-20 09:58:46,18800.0,400,Buy,232948140
2024-08-20 09:58:46,18750.0,10000,Buy,232948118
2024-08-20 09:58:46,18800.0,300,Buy,232948139
2024-08-20 09:58:46,18800.0,100,Buy,232948138
2024-08-20 09:58:46,18800.0,200,Buy,232948137
2024-08-20 09:58:46,18800.0,1000,Buy,232948136
2024-08-20 09:58:46,18800.0,200,Buy,232948150
2024-08-20 09:58:46,18800.0,100,Buy,232948134
2024-08-20 09:58:46,18750.0,100,Buy,232948120
2024-08-20 09:58:46,18750.0,1000,Buy,232948121
2024-08-20 09:58:46,18750.0,500,Buy,232948122
2024-08-20 09:58:46,18750.0,100,Buy,232948123
2024-08-20 09:58:46,18750.0,4000,Buy,232948125
2024-08-20 09:58:46,18750.0,1000,Buy,232948126
2024-08-20 09:58:46,18750.0,5000,Buy,232948124
2024-08-20 09:58:46,18750.0,5000,Buy,232948128
2024-08-20 09:58:46,18800.0,13000,Buy,232948129
2024-08-20 09:58:46,18800.0,100,Buy,232948130
2024-08-20 09:58:46,18800.0,500,Buy,232948131
2024-08-20 09:58:46,18800.0,100,Buy,232948132
2024-08-20 09:58:46,18800.0,2000,Buy,232948133
2024-08-20 09:58:46,18750.0,3000,Buy,232948127
2024-08-20 09:58:46,18800.0,1000,Buy,232948135
2024-08-20 09:58:48,18800.0,5000,Sell,232948316
2024-08-20 09:58:50,18800.0,200,Sell,232948353
2024-08-20 09:58:51,18800.0,100,Sell,232948368
2024-08-20 09:59:00,18850.0,800,Buy,232948709
2024-08-20 09:59:01,18850.0,3000,Buy,232948748
2024-08-20 09:59:03,18800.0,5000,Sell,232948797
2024-08-20 09:59:05,18800.0,500,Sell,232948861
2024-08-20 09:59:07,18800.0,1500,Sell,232948912
2024-08-20 09:59:10,18850.0,100,Buy,232949075
2024-08-20 09:59:11,18800.0,1400,Sell,232949098
2024-08-20 09:59:15,18800.0,100,Sell,232949241
2024-08-20 09:59:16,18850.0,1900,Buy,232949264
2024-08-20 09:59:16,18850.0,1000,Buy,232949263
2024-08-20 09:59:16,18850.0,100,Buy,232949262
2024-08-20 09:59:16,18850.0,100,Buy,232949261
2024-08-20 09:59:16,18850.0,800,Buy,232949260
2024-08-20 09:59:16,18850.0,1100,Buy,232949259
2024-08-20 09:59:17,18850.0,5000,Buy,232949280
2024-08-20 09:59:17,18850.0,2000,Buy,232949279
2024-08-20 09:59:17,18850.0,100,Buy,232949278
2024-08-20 09:59:17,18850.0,1700,Buy,232949281
2024-08-20 09:59:17,18850.0,100,Buy,232949276
2024-08-20 09:59:17,18850.0,2000,Buy,232949275
2024-08-20 09:59:17,18850.0,1000,Buy,232949274
2024-08-20 09:59:17,18850.0,3100,Buy,232949273
2024-08-20 09:59:17,18850.0,5000,Buy,232949277
2024-08-20 09:59:34,18850.0,300,Buy,232949689
2024-08-20 09:59:34,18850.0,200,Buy,232949690
2024-08-20 09:59:35,18800.0,3000,Sell,232949716
2024-08-20 09:59:35,18800.0,41100,Sell,232949714
2024-08-20 09:59:35,18800.0,40000,Sell,232949700
2024-08-20 09:59:35,18800.0,2000,Sell,232949715
2024-08-20 09:59:38,18800.0,200,Buy,232949773
2024-08-20 09:59:45,18800.0,4500,Buy,232949939
2024-08-20 09:59:47,18800.0,500,Buy,232950001
2024-08-20 09:59:59,18750.0,100,Buy,232950322
2024-08-20 09:59:59,18800.0,4900,Buy,232950323
2024-08-20 10:00:03,18800.0,7600,Buy,232950416
2024-08-20 10:00:03,18750.0,500,Buy,232950408
2024-08-20 10:00:03,18800.0,3600,Buy,232950409
2024-08-20 10:00:03,18800.0,6300,Buy,232950413
2024-08-20 10:00:03,18800.0,100,Buy,232950414
2024-08-20 10:00:03,18800.0,1000,Buy,232950415
2024-08-20 10:00:05,18800.0,2000,Buy,232950434
2024-08-20 10:00:09,18750.0,100,Sell,232950613
2024-08-20 10:00:14,18750.0,1000,Sell,232950720
2024-08-20 10:00:18,18750.0,2000,Sell,232950899
2024-08-20 10:00:19,18750.0,2000,Sell,232950910
2024-08-20 10:00:20,18750.0,4000,Sell,232950933
2024-08-20 10:00:20,18750.0,100,Sell,232950934
2024-08-20 10:00:20,18750.0,900,Sell,232950932
2024-08-20 10:00:29,18750.0,10000,Buy,232951268
2024-08-20 10:00:29,18750.0,1000,Buy,232951269
2024-08-20 10:00:29,18750.0,100,Buy,232951270
2024-08-20 10:00:29,18750.0,8900,Buy,232951271
2024-08-20 10:00:31,18750.0,2000,Buy,232951329
2024-08-20 10:01:05,18750.0,900,Buy,232952205
2024-08-20 10:01:05,18750.0,9100,Buy,232952199
2024-08-20 10:01:05,18750.0,1000,Buy,232952200
2024-08-20 10:01:05,18750.0,2000,Buy,232952201
2024-08-20 10:01:05,18750.0,3000,Buy,232952202
2024-08-20 10:01:05,18750.0,1000,Buy,232952203
2024-08-20 10:01:05,18750.0,3000,Buy,232952204
2024-08-20 10:01:06,18750.0,300,Buy,232952220
2024-08-20 10:01:07,18750.0,200,Buy,232952239
2024-08-20 10:01:07,18750.0,800,Buy,232952238
2024-08-20 10:01:12,18750.0,400,Buy,232952343
2024-08-20 10:01:12,18750.0,300,Buy,232952344
2024-08-20 10:01:12,18750.0,500,Buy,232952345
2024-08-20 10:01:12,18750.0,800,Buy,232952342
2024-08-20 10:01:13,18750.0,100,Buy,232952371
2024-08-20 10:01:13,18750.0,400,Buy,232952377
2024-08-20 10:01:13,18750.0,100,Buy,232952378
2024-08-20 10:01:13,18750.0,1500,Buy,232952379
2024-08-20 10:01:14,18700.0,200,Sell,232952395
2024-08-20 10:01:15,18750.0,2700,Buy,232952406
2024-08-20 10:01:19,18750.0,300,Buy,232952479
2024-08-20 10:01:19,18750.0,600,Buy,232952475
2024-08-20 10:01:19,18750.0,500,Buy,232952476
2024-08-20 10:01:19,18750.0,100,Buy,232952477
2024-08-20 10:01:19,18750.0,500,Buy,232952478
2024-08-20 10:01:23,18700.0,100,Sell,232952545
2024-08-20 10:01:24,18700.0,4800,Sell,232952619
2024-08-20 10:01:31,18750.0,400,Buy,232952814
2024-08-20 10:01:39,18700.0,100,Sell,232953047
2024-08-20 10:01:52,18750.0,200,Buy,232953535
2024-08-20 10:01:55,18700.0,1500,Sell,232953596
2024-08-20 10:02:01,18700.0,900,Sell,232953779
2024-08-20 10:02:01,18700.0,1000,Sell,232953780
2024-08-20 10:02:01,18700.0,2900,Sell,232953781
2024-08-20 10:02:12,18750.0,1000,Buy,232954064
2024-08-20 10:02:23,18700.0,200,Sell,232954326
2024-08-20 10:02:23,18700.0,100,Sell,232954333
2024-08-20 10:02:23,18700.0,1000,Sell,232954332
2024-08-20 10:02:23,18700.0,500,Sell,232954331
2024-08-20 10:02:23,18700.0,400,Sell,232954330
2024-08-20 10:02:23,18700.0,5000,Sell,232954329
2024-08-20 10:02:23,18700.0,1000,Sell,232954328
2024-08-20 10:02:23,18700.0,1000,Sell,232954327
2024-08-20 10:02:23,18700.0,300,Sell,232954334
2024-08-20 10:02:23,18700.0,18000,Sell,232954325
2024-08-20 10:02:23,18700.0,100,Sell,232954323
2024-08-20 10:02:23,18700.0,20000,Sell,232954322
2024-08-20 10:02:23,18700.0,1000,Sell,232954321
2024-08-20 10:02:23,18700.0,10000,Sell,232954320
2024-08-20 10:02:23,18700.0,200,Sell,232954319
2024-08-20 10:02:23,18700.0,1500,Sell,232954318
2024-08-20 10:02:23,18700.0,100,Sell,232954317
2024-08-20 10:02:23,18700.0,13300,Sell,232954316
2024-08-20 10:02:23,18700.0,1000,Sell,232954324
2024-08-20 10:02:26,18700.0,2000,Buy,232954389
2024-08-20 10:02:28,18700.0,1000,Buy,232954520
2024-08-20 10:02:32,18650.0,2000,Sell,232954571
2024-08-20 10:02:36,18700.0,1000,Buy,232954675
2024-08-20 10:02:42,18650.0,100,Sell,232954908
2024-08-20 10:02:43,18650.0,100,Sell,232954943
2024-08-20 10:02:45,18650.0,100,Sell,232954982
2024-08-20 10:02:46,18650.0,100,Sell,232955010
2024-08-20 10:02:46,18650.0,100,Sell,232955001
2024-08-20 10:02:46,18650.0,100,Sell,232954998
2024-08-20 10:02:47,18650.0,100,Sell,232955022
2024-08-20 10:02:48,18650.0,100,Sell,232955034
2024-08-20 10:02:51,18650.0,4800,Sell,232955150
2024-08-20 10:02:58,18650.0,2100,Sell,232955379
2024-08-20 10:03:07,18650.0,8500,Sell,232955555
2024-08-20 10:03:07,18650.0,5000,Sell,232955556
2024-08-20 10:03:07,18650.0,500,Sell,232955557
2024-08-20 10:03:17,18700.0,1700,Buy,232955812
2024-08-20 10:03:24,18650.0,600,Sell,232956123
2024-08-20 10:03:30,18700.0,1000,Buy,232956278
2024-08-20 10:03:31,18650.0,500,Sell,232956294
2024-08-20 10:03:37,18700.0,100,Buy,232956433
2024-08-20 10:03:40,18700.0,100,Buy,232956497
2024-08-20 10:03:51,18700.0,400,Buy,232956795
2024-08-20 10:03:51,18700.0,500,Sell,232956805
2024-08-20 10:03:51,18700.0,100,Buy,232956801
2024-08-20 10:03:51,18700.0,500,Buy,232956800
2024-08-20 10:03:51,18700.0,1000,Buy,232956799
2024-08-20 10:03:51,18700.0,1600,Buy,232956798
2024-08-20 10:03:51,18700.0,1000,Buy,232956797
2024-08-20 10:03:51,18700.0,1000,Buy,232956796
2024-08-20 10:03:51,18700.0,1000,Buy,232956794
2024-08-20 10:03:51,18700.0,6500,Buy,232956793
2024-08-20 10:03:51,18700.0,100,Buy,232956792
2024-08-20 10:03:51,18700.0,2000,Buy,232956784
2024-08-20 10:03:51,18700.0,1800,Buy,232956785
2024-08-20 10:03:51,18700.0,1000,Buy,232956786
2024-08-20 10:03:51,18700.0,18400,Buy,232956783
2024-08-20 10:03:51,18700.0,1000,Buy,232956788
2024-08-20 10:03:51,18700.0,600,Buy,232956789
2024-08-20 10:03:51,18700.0,1000,Buy,232956790
2024-08-20 10:03:51,18700.0,200,Buy,232956787
2024-08-20 10:03:52,18700.0,1000,Sell,232956813
2024-08-20 10:03:57,18700.0,1000,Sell,232956907
2024-08-20 10:04:05,18750.0,100,Buy,232957099
2024-08-20 10:04:05,18750.0,6000,Buy,232957100
2024-08-20 10:04:05,18750.0,2000,Buy,232957101
2024-08-20 10:04:05,18750.0,500,Buy,232957102
2024-08-20 10:04:05,18750.0,200,Buy,232957105
2024-08-20 10:04:05,18750.0,100,Buy,232957104
2024-08-20 10:04:05,18750.0,1000,Buy,232957106
2024-08-20 10:04:05,18750.0,7100,Buy,232957107
2024-08-20 10:04:05,18750.0,7000,Buy,232957098
2024-08-20 10:04:05,18750.0,5000,Buy,232957103
2024-08-20 10:04:05,18750.0,1000,Buy,232957097
2024-08-20 10:04:05,18750.0,1000,Buy,232957094
2024-08-20 10:04:05,18750.0,1800,Buy,232957095
2024-08-20 10:04:05,18750.0,1000,Buy,232957093
2024-08-20 10:04:05,18750.0,200,Buy,232957092
2024-08-20 10:04:05,18750.0,1000,Buy,232957091
2024-08-20 10:04:05,18750.0,1000,Buy,232957090
2024-08-20 10:04:05,18750.0,1000,Buy,232957089
2024-08-20 10:04:05,18750.0,1000,Buy,232957088
2024-08-20 10:04:05,18750.0,2000,Buy,232957087
2024-08-20 10:04:05,18750.0,200,Buy,232957086
2024-08-20 10:04:05,18750.0,8800,Buy,232957085
2024-08-20 10:04:05,18750.0,1000,Buy,232957096
2024-08-20 10:04:14,18800.0,1000,Buy,232957393
2024-08-20 10:04:14,18800.0,1000,Buy,232957392
2024-08-20 10:04:14,18800.0,5000,Buy,232957391
2024-08-20 10:04:14,18800.0,100,Buy,232957390
2024-08-20 10:04:14,18800.0,300,Buy,232957389
2024-08-20 10:04:14,18800.0,2000,Buy,232957384
2024-08-20 10:04:14,18800.0,2000,Buy,232957387
2024-08-20 10:04:14,18800.0,300,Buy,232957386
2024-08-20 10:04:14,18800.0,500,Buy,232957385
2024-08-20 10:04:14,18800.0,500,Buy,232957394
2024-08-20 10:04:14,18800.0,100,Buy,232957383
2024-08-20 10:04:14,18800.0,1000,Buy,232957382
2024-08-20 10:04:14,18800.0,5000,Buy,232957388
2024-08-20 10:04:14,18800.0,100,Buy,232957395
2024-08-20 10:04:14,18800.0,1000,Buy,232957400
2024-08-20 10:04:14,18800.0,2000,Buy,232957397
2024-08-20 10:04:14,18800.0,500,Buy,232957398
2024-08-20 10:04:14,18800.0,100,Buy,232957399
2024-08-20 10:04:14,18800.0,500,Buy,232957401
2024-08-20 10:04:14,18800.0,500,Buy,232957402
2024-08-20 10:04:14,18800.0,5100,Buy,232957403
2024-08-20 10:04:14,18800.0,200,Buy,232957404
2024-08-20 10:04:14,18800.0,200,Buy,232957408
2024-08-20 10:04:14,18800.0,10000,Buy,232957409
2024-08-20 10:04:14,18800.0,1000,Buy,232957410
2024-08-20 10:04:14,18800.0,200,Buy,232957411
2024-08-20 10:04:14,18800.0,2000,Buy,232957412
2024-08-20 10:04:14,18800.0,300,Buy,232957381
2024-08-20 10:04:14,18800.0,10000,Buy,232957396
2024-08-20 10:04:14,18800.0,300,Buy,232957380
2024-08-20 10:04:14,18800.0,200,Buy,232957365
2024-08-20 10:04:14,18800.0,50000,Buy,232957378
2024-08-20 10:04:14,18750.0,16900,Buy,232957348
2024-08-20 10:04:14,18800.0,1500,Buy,232957379
2024-08-20 10:04:14,18750.0,100,Buy,232957350
2024-08-20 10:04:14,18750.0,2000,Buy,232957351
2024-08-20 10:04:14,18750.0,100,Buy,232957352
2024-08-20 10:04:14,18750.0,3200,Buy,232957353
2024-08-20 10:04:14,18750.0,4500,Buy,232957354
2024-08-20 10:04:14,18750.0,100,Buy,232957355
2024-08-20 10:04:14,18750.0,2600,Buy,232957356
2024-08-20 10:04:14,18800.0,1400,Buy,232957357
2024-08-20 10:04:14,18800.0,5000,Buy,232957358
2024-08-20 10:04:14,18800.0,60000,Buy,232957359
2024-08-20 10:04:14,18800.0,100,Buy,232957360
2024-08-20 10:04:14,18800.0,1800,Buy,232957361
2024-08-20 10:04:14,18800.0,500,Buy,232957362
2024-08-20 10:04:14,18750.0,500,Buy,232957349
2024-08-20 10:04:14,18800.0,100,Buy,232957364
2024-08-20 10:04:14,18800.0,100,Buy,232957363
2024-08-20 10:04:14,18800.0,1000,Buy,232957366
2024-08-20 10:04:14,18800.0,1000,Buy,232957367
2024-08-20 10:04:14,18800.0,1000,Buy,232957368
2024-08-20 10:04:14,18800.0,1000,Buy,232957369
2024-08-20 10:04:14,18800.0,10200,Buy,232957370
2024-08-20 10:04:14,18800.0,100,Buy,232957371
2024-08-20 10:04:14,18800.0,10000,Buy,232957372
2024-08-20 10:04:14,18800.0,500,Buy,232957373
2024-08-20 10:04:14,18800.0,100,Buy,232957374
2024-08-20 10:04:14,18800.0,100,Buy,232957375
2024-08-20 10:04:14,18800.0,5000,Buy,232957376
2024-08-20 10:04:14,18800.0,300,Buy,232957377
2024-08-20 10:04:18,18800.0,1000,Sell,232957495
2024-08-20 10:04:18,18800.0,500,Sell,232957508
2024-08-20 10:04:24,18800.0,1000,Sell,232957684
2024-08-20 10:04:27,18850.0,200,Buy,232957790
2024-08-20 10:04:27,18800.0,200,Sell,232957791
2024-08-20 10:04:27,18850.0,200,Buy,232957789
2024-08-20 10:04:29,18850.0,700,Buy,232957849
2024-08-20 10:04:32,18850.0,500,Buy,232957945
2024-08-20 10:04:32,18850.0,4000,Buy,232957936
2024-08-20 10:04:32,18850.0,100,Buy,232957937
2024-08-20 10:04:32,18850.0,100,Buy,232957938
2024-08-20 10:04:32,18850.0,5000,Buy,232957939
2024-08-20 10:04:32,18850.0,7800,Buy,232957940
2024-08-20 10:04:32,18850.0,1000,Buy,232957941
2024-08-20 10:04:32,18850.0,300,Buy,232957942
2024-08-20 10:04:32,18850.0,5000,Buy,232957943
2024-08-20 10:04:32,18850.0,500,Buy,232957946
2024-08-20 10:04:32,18850.0,7200,Buy,232957956
2024-08-20 10:04:32,18850.0,100,Buy,232957948
2024-08-20 10:04:32,18850.0,1000,Buy,232957949
2024-08-20 10:04:32,18850.0,100,Buy,232957950
2024-08-20 10:04:32,18850.0,1200,Buy,232957951
2024-08-20 10:04:32,18850.0,500,Buy,232957952
2024-08-20 10:04:32,18850.0,5000,Buy,232957953
2024-08-20 10:04:32,18850.0,1000,Buy,232957954
2024-08-20 10:04:32,18850.0,1500,Buy,232957955
2024-08-20 10:04:32,18850.0,2000,Buy,232957935
2024-08-20 10:04:32,18850.0,200,Buy,232957947
2024-08-20 10:04:32,18850.0,5000,Buy,232957934
2024-08-20 10:04:32,18850.0,4000,Buy,232957944
2024-08-20 10:04:32,18850.0,3000,Buy,232957932
2024-08-20 10:04:32,18850.0,2000,Buy,232957912
2024-08-20 10:04:32,18850.0,5000,Buy,232957913
2024-08-20 10:04:32,18850.0,1000,Buy,232957914
2024-08-20 10:04:32,18850.0,1000,Buy,232957915
2024-08-20 10:04:32,18850.0,100,Buy,232957917
2024-08-20 10:04:32,18850.0,10000,Buy,232957918
2024-08-20 10:04:32,18850.0,100,Buy,232957919
2024-08-20 10:04:32,18850.0,500,Buy,232957920
2024-08-20 10:04:32,18850.0,5000,Buy,232957921
2024-08-20 10:04:32,18850.0,500,Buy,232957922
2024-08-20 10:04:32,18850.0,200,Buy,232957916
2024-08-20 10:04:32,18850.0,4100,Buy,232957911
2024-08-20 10:04:32,18850.0,100,Buy,232957923
2024-08-20 10:04:32,18850.0,200,Buy,232957931
2024-08-20 10:04:32,18850.0,5000,Buy,232957930
2024-08-20 10:04:32,18850.0,400,Buy,232957929
2024-08-20 10:04:32,18850.0,5000,Buy,232957928
2024-08-20 10:04:32,18850.0,1800,Buy,232957933
2024-08-20 10:04:32,18850.0,100,Buy,232957927
2024-08-20 10:04:32,18850.0,1200,Buy,232957926
2024-08-20 10:04:32,18850.0,500,Buy,232957925
2024-08-20 10:04:32,18850.0,100,Buy,232957924
2024-08-20 10:04:33,18850.0,1000,Buy,232957986
2024-08-20 10:04:33,18850.0,5000,Buy,232957985
2024-08-20 10:04:33,18850.0,2500,Buy,232957984
2024-08-20 10:04:33,18850.0,100,Buy,232957983
2024-08-20 10:04:33,18850.0,200,Buy,232957982
2024-08-20 10:04:33,18850.0,1000,Buy,232957981
2024-08-20 10:04:33,18850.0,10000,Buy,232957980
2024-08-20 10:04:33,18850.0,200,Buy,232957979
2024-08-20 10:04:33,18850.0,300,Buy,232957978
2024-08-20 10:04:33,18850.0,2800,Buy,232957976
2024-08-20 10:04:33,18850.0,100,Buy,232957977
2024-08-20 10:04:35,18850.0,10000,Sell,232958054
2024-08-20 10:04:36,18850.0,1000,Sell,232958058
2024-08-20 10:04:40,18850.0,500,Sell,232958165
2024-08-20 10:04:44,18850.0,100,Sell,232958354
2024-08-20 10:04:45,18850.0,5000,Sell,232958365
2024-08-20 10:04:49,18850.0,400,Sell,232958473
2024-08-20 10:04:49,18850.0,1000,Sell,232958465
2024-08-20 10:04:50,18900.0,400,Buy,232958486
2024-08-20 10:04:50,18900.0,500,Buy,232958487
2024-08-20 10:04:50,18900.0,100,Buy,232958488
2024-08-20 10:04:50,18850.0,1000,Sell,232958489
2024-08-20 10:04:53,18850.0,2000,Sell,232958579
2024-08-20 10:04:53,18850.0,1000,Sell,232958613
2024-08-20 10:04:53,18800.0,200,Sell,232958614
2024-08-20 10:04:53,18850.0,3000,Sell,232958580
2024-08-20 10:04:58,18850.0,500,Buy,232958845
2024-08-20 10:04:58,18850.0,100,Buy,232958846
2024-08-20 10:04:58,18850.0,1000,Buy,232958847
2024-08-20 10:04:58,18850.0,3400,Buy,232958848
2024-08-20 10:05:02,18850.0,3000,Buy,232958922
2024-08-20 10:05:02,18850.0,100,Buy,232958921
2024-08-20 10:05:02,18850.0,36600,Buy,232958919
2024-08-20 10:05:02,18850.0,5000,Buy,232958920
2024-08-20 10:05:03,18850.0,5000,Sell,232958984
2024-08-20 10:05:05,18850.0,100,Sell,232959004
2024-08-20 10:05:06,18850.0,8000,Sell,232959037
2024-08-20 10:05:08,18850.0,1000,Sell,232959084
2024-08-20 10:05:08,18850.0,100,Sell,232959085
2024-08-20 10:05:08,18850.0,600,Sell,232959101
2024-08-20 10:05:09,18850.0,1000,Sell,232959107
2024-08-20 10:05:12,18900.0,100,Buy,232959185
2024-08-20 10:05:12,18900.0,100,Buy,232959187
2024-08-20 10:05:12,18900.0,2000,Buy,232959190
2024-08-20 10:05:12,18900.0,100,Buy,232959184
2024-08-20 10:05:12,18900.0,1000,Buy,232959192
2024-08-20 10:05:12,18900.0,700,Buy,232959193
2024-08-20 10:05:12,18900.0,2000,Buy,232959191
2024-08-20 10:05:12,18900.0,100,Buy,232959183
2024-08-20 10:05:12,18900.0,100,Buy,232959186
2024-08-20 10:05:12,18900.0,200,Buy,232959181
2024-08-20 10:05:12,18900.0,800,Buy,232959174
2024-08-20 10:05:12,18900.0,100,Buy,232959175
2024-08-20 10:05:12,18900.0,500,Buy,232959176
2024-08-20 10:05:12,18900.0,3000,Buy,232959177
2024-08-20 10:05:12,18900.0,100,Buy,232959182
2024-08-20 10:05:12,18900.0,2900,Buy,232959173
2024-08-20 10:05:12,18900.0,1000,Buy,232959179
2024-08-20 10:05:12,18900.0,200,Buy,232959180
2024-08-20 10:05:12,18900.0,5000,Buy,232959178
2024-08-20 10:05:15,18900.0,300,Buy,232959263
2024-08-20 10:05:15,18900.0,700,Buy,232959264
2024-08-20 10:05:15,18850.0,1500,Sell,232959265
2024-08-20 10:05:16,18900.0,500,Buy,232959304
2024-08-20 10:05:16,18900.0,1000,Buy,232959305
2024-08-20 10:05:16,18900.0,1000,Buy,232959306
2024-08-20 10:05:16,18900.0,3000,Buy,232959307
2024-08-20 10:05:16,18900.0,100,Buy,232959308
2024-08-20 10:05:16,18900.0,500,Buy,232959313
2024-08-20 10:05:16,18900.0,300,Buy,232959311
2024-08-20 10:05:16,18900.0,2000,Buy,232959312
2024-08-20 10:05:16,18900.0,5000,Buy,232959314
2024-08-20 10:05:16,18900.0,2000,Buy,232959315
2024-08-20 10:05:16,18900.0,15000,Buy,232959303
2024-08-20 10:05:16,18900.0,1000,Buy,232959310
2024-08-20 10:05:16,18900.0,500,Buy,232959302
2024-08-20 10:05:16,18900.0,1500,Buy,232959316
2024-08-20 10:05:16,18900.0,200,Buy,232959300
2024-08-20 10:05:16,18900.0,500,Buy,232959288
2024-08-20 10:05:16,18900.0,100,Buy,232959289
2024-08-20 10:05:16,18900.0,2200,Buy,232959290
2024-08-20 10:05:16,18900.0,1000,Buy,232959291
2024-08-20 10:05:16,18900.0,100,Buy,232959292
2024-08-20 10:05:16,18900.0,1000,Buy,232959293
2024-08-20 10:05:16,18900.0,300,Buy,232959287
2024-08-20 10:05:16,18900.0,5000,Buy,232959295
2024-08-20 10:05:16,18900.0,500,Buy,232959294
2024-08-20 10:05:16,18900.0,100,Buy,232959299
2024-08-20 10:05:16,18900.0,5000,Buy,232959301
2024-08-20 10:05:16,18900.0,100,Buy,232959297
2024-08-20 10:05:16,18900.0,400,Buy,232959296
2024-08-20 10:05:16,18900.0,100,Buy,232959298
2024-08-20 10:05:17,18900.0,300,Buy,232959389
2024-08-20 10:05:17,18900.0,4000,Buy,232959400
2024-08-20 10:05:17,18900.0,1000,Buy,232959399
2024-08-20 10:05:17,18900.0,1000,Buy,232959398
2024-08-20 10:05:17,18900.0,4000,Buy,232959396
2024-08-20 10:05:17,18900.0,500,Buy,232959395
2024-08-20 10:05:17,18900.0,100,Buy,232959394
2024-08-20 10:05:17,18900.0,1200,Buy,232959393
2024-08-20 10:05:17,18900.0,1000,Buy,232959392
2024-08-20 10:05:17,18900.0,1000,Buy,232959391
2024-08-20 10:05:17,18900.0,200,Buy,232959390
2024-08-20 10:05:17,18900.0,1000,Buy,232959397
2024-08-20 10:05:17,18900.0,1800,Buy,232959388
2024-08-20 10:05:17,18900.0,100,Buy,232959386
2024-08-20 10:05:17,18900.0,500,Buy,232959385
2024-08-20 10:05:17,18900.0,100,Buy,232959384
2024-08-20 10:05:17,18900.0,500,Buy,232959383
2024-08-20 10:05:17,18900.0,500,Buy,232959382
2024-08-20 10:05:17,18900.0,300,Buy,232959381
2024-08-20 10:05:17,18900.0,2000,Buy,232959380
2024-08-20 10:05:17,18900.0,100,Buy,232959379
2024-08-20 10:05:17,18900.0,100,Buy,232959378
2024-08-20 10:05:17,18900.0,200,Buy,232959377
2024-08-20 10:05:17,18900.0,3500,Buy,232959376
2024-08-20 10:05:17,18900.0,5000,Buy,232959387
2024-08-20 10:05:18,18900.0,500,Buy,232959435
2024-08-20 10:05:18,18900.0,200,Buy,232959433
2024-08-20 10:05:18,18900.0,1000,Buy,232959432
2024-08-20 10:05:18,18900.0,5000,Buy,232959434
2024-08-20 10:05:20,18900.0,200,Sell,232959464
2024-08-20 10:05:21,18900.0,900,Sell,232959489
2024-08-20 10:05:26,18950.0,100,Buy,232959707
2024-08-20 10:05:26,18950.0,100,Buy,232959706
2024-08-20 10:05:26,18950.0,200,Buy,232959705
2024-08-20 10:05:26,18950.0,800,Buy,232959700
2024-08-20 10:05:26,18950.0,200,Buy,232959703
2024-08-20 10:05:26,18950.0,5000,Buy,232959702
2024-08-20 10:05:26,18950.0,500,Buy,232959701
2024-08-20 10:05:26,18950.0,500,Buy,232959699
2024-08-20 10:05:26,18950.0,200,Buy,232959704
2024-08-20 10:05:26,18850.0,1500,Sell,232959670
2024-08-20 10:05:26,18950.0,400,Buy,232959698
2024-08-20 10:05:26,18900.0,2000,Sell,232959663
2024-08-20 10:05:26,18900.0,10000,Sell,232959664
2024-08-20 10:05:26,18900.0,2200,Sell,232959665
2024-08-20 10:05:26,18900.0,43200,Sell,232959662
2024-08-20 10:05:26,18900.0,100,Sell,232959667
2024-08-20 10:05:26,18900.0,1000,Sell,232959668
2024-08-20 10:05:26,18850.0,38000,Sell,232959669
2024-08-20 10:05:26,18900.0,2000,Sell,232959666
2024-08-20 10:05:29,18900.0,400,Sell,232959755
2024-08-20 10:05:29,18900.0,100,Sell,232959756
2024-08-20 10:05:30,18950.0,100,Buy,232959785
2024-08-20 10:05:35,18900.0,1000,Sell,232959902
2024-08-20 10:05:35,18900.0,3700,Sell,232959904
2024-08-20 10:05:36,18900.0,100,Sell,232959976
2024-08-20 10:05:46,18950.0,4900,Buy,232960183
2024-08-20 10:05:46,18950.0,100,Buy,232960181
2024-08-20 10:05:46,18950.0,3000,Buy,232960182
2024-08-20 10:05:50,18950.0,5000,Buy,232960241
2024-08-20 10:05:53,18950.0,3000,Buy,232960347
2024-08-20 10:05:53,18950.0,200,Buy,232960338
2024-08-20 10:05:53,18950.0,100000,Buy,232960339
2024-08-20 10:05:53,18950.0,1000,Buy,232960340
2024-08-20 10:05:53,18950.0,100,Buy,232960341
2024-08-20 10:05:53,18950.0,100,Buy,232960342
2024-08-20 10:05:53,18950.0,1000,Buy,232960343
2024-08-20 10:05:53,18950.0,100,Buy,232960344
2024-08-20 10:05:53,18950.0,10000,Buy,232960345
2024-08-20 10:05:53,18950.0,1000,Buy,232960346
2024-08-20 10:05:53,18950.0,500,Buy,232960348
2024-08-20 10:05:53,18950.0,100,Buy,232960358
2024-08-20 10:05:53,18950.0,100,Buy,232960350
2024-08-20 10:05:53,18950.0,5000,Buy,232960351
2024-08-20 10:05:53,18950.0,500,Buy,232960352
2024-08-20 10:05:53,18950.0,5000,Buy,232960353
2024-08-20 10:05:53,18950.0,1000,Buy,232960354
2024-08-20 10:05:53,18950.0,500,Buy,232960355
2024-08-20 10:05:53,18950.0,2000,Buy,232960356
2024-08-20 10:05:53,18950.0,5000,Buy,232960357
2024-08-20 10:05:53,18950.0,1000,Buy,232960337
2024-08-20 10:05:53,18950.0,4800,Buy,232960359
2024-08-20 10:05:53,18950.0,6700,Buy,232960360
2024-08-20 10:05:53,18950.0,1800,Buy,232960349
2024-08-20 10:05:53,18950.0,500,Buy,232960336
2024-08-20 10:05:53,18950.0,100,Buy,232960330
2024-08-20 10:05:53,18950.0,5000,Buy,232960334
2024-08-20 10:05:53,18950.0,15100,Buy,232960309
2024-08-20 10:05:53,18950.0,2200,Buy,232960310
2024-08-20 10:05:53,18950.0,600,Buy,232960311
2024-08-20 10:05:53,18950.0,1000,Buy,232960312
2024-08-20 10:05:53,18950.0,1000,Buy,232960313
2024-08-20 10:05:53,18950.0,800,Buy,232960314
2024-08-20 10:05:53,18950.0,100,Buy,232960315
2024-08-20 10:05:53,18950.0,2300,Buy,232960316
2024-08-20 10:05:53,18950.0,500,Buy,232960335
2024-08-20 10:05:53,18950.0,400,Buy,232960318
2024-08-20 10:05:53,18950.0,500,Buy,232960319
2024-08-20 10:05:53,18950.0,200,Buy,232960320
2024-08-20 10:05:53,18950.0,2000,Buy,232960317
2024-08-20 10:05:53,18950.0,3000,Buy,232960322
2024-08-20 10:05:53,18950.0,100,Buy,232960333
2024-08-20 10:05:53,18950.0,100,Buy,232960321
2024-08-20 10:05:53,18950.0,2000,Buy,232960331
2024-08-20 10:05:53,18950.0,1000,Buy,232960329
2024-08-20 10:05:53,18950.0,5000,Buy,232960328
2024-08-20 10:05:53,18950.0,10000,Buy,232960332
2024-08-20 10:05:53,18950.0,500,Buy,232960326
2024-08-20 10:05:53,18950.0,500,Buy,232960325
2024-08-20 10:05:53,18950.0,1000,Buy,232960324
2024-08-20 10:05:53,18950.0,100,Buy,232960323
2024-08-20 10:05:53,18950.0,200,Buy,232960327
2024-08-20 10:05:54,18900.0,4000,Sell,232960401
2024-08-20 10:05:57,18950.0,1500,Buy,232960452
2024-08-20 10:05:58,18950.0,8800,Buy,232960474
2024-08-20 10:05:58,18950.0,1000,Buy,232960475
2024-08-20 10:05:58,18950.0,200,Buy,232960476
2024-08-20 10:05:59,18950.0,100,Buy,232960523
2024-08-20 10:05:59,18950.0,1000,Buy,232960526
2024-08-20 10:05:59,18950.0,300,Buy,232960525
2024-08-20 10:05:59,18950.0,1000,Buy,232960522
2024-08-20 10:05:59,18950.0,1000,Buy,232960524
2024-08-20 10:05:59,18950.0,200,Buy,232960520
2024-08-20 10:05:59,18950.0,4800,Buy,232960517
2024-08-20 10:05:59,18950.0,100,Buy,232960521
2024-08-20 10:05:59,18950.0,500,Buy,232960519
2024-08-20 10:05:59,18950.0,200,Buy,232960518
2024-08-20 10:06:00,19000.0,500,Buy,232960535
2024-08-20 10:06:00,18950.0,200,Sell,232960554
2024-08-20 10:06:00,19000.0,100,Buy,232960534
2024-08-20 10:06:00,19000.0,1000,Buy,232960541
2024-08-20 10:06:00,19000.0,500,Buy,232960540
2024-08-20 10:06:00,19000.0,500,Buy,232960543
2024-08-20 10:06:00,19000.0,11700,Buy,232960538
2024-08-20 10:06:00,19000.0,2700,Buy,232960537
2024-08-20 10:06:00,19000.0,2200,Buy,232960536
2024-08-20 10:06:00,19000.0,700,Buy,232960539
2024-08-20 10:06:00,19000.0,100,Buy,232960542
2024-08-20 10:06:01,18950.0,5000,Sell,232960573
2024-08-20 10:06:01,18950.0,4000,Sell,232960575
2024-08-20 10:06:02,18950.0,300,Sell,232960606
2024-08-20 10:06:02,18950.0,100,Sell,232960607
2024-08-20 10:06:04,18950.0,2000,Sell,232960660
2024-08-20 10:06:04,18950.0,10000,Sell,232960659
2024-08-20 10:06:07,18950.0,100,Sell,232960706
2024-08-20 10:06:08,18950.0,800,Sell,232960729
2024-08-20 10:06:13,18950.0,300,Sell,232960847
2024-08-20 10:06:13,18950.0,100,Sell,232960848
2024-08-20 10:06:14,18950.0,2000,Sell,232960908
2024-08-20 10:06:16,19000.0,4300,Buy,232960960
2024-08-20 10:06:16,19000.0,2600,Buy,232960959
2024-08-20 10:06:16,19000.0,2900,Buy,232960956
2024-08-20 10:06:16,19000.0,100,Buy,232960958
2024-08-20 10:06:16,19000.0,100,Buy,232960954
2024-08-20 10:06:16,19000.0,9500,Buy,232960953
2024-08-20 10:06:16,18950.0,1500,Sell,232960947
2024-08-20 10:06:16,18950.0,500,Sell,232960946
2024-08-20 10:06:16,19000.0,300,Buy,232960955
2024-08-20 10:06:16,19000.0,200,Buy,232960957
2024-08-20 10:06:18,18950.0,5000,Sell,232960994
2024-08-20 10:06:19,18950.0,100,Sell,232961016
2024-08-20 10:06:20,19000.0,100,Buy,232961040
2024-08-20 10:06:22,18950.0,400,Sell,232961062
2024-08-20 10:06:26,19000.0,500,Buy,232961185
2024-08-20 10:06:26,19000.0,1400,Buy,232961186
2024-08-20 10:06:26,19000.0,400,Buy,232961183
2024-08-20 10:06:26,19000.0,1000,Buy,232961182
2024-08-20 10:06:26,19000.0,1600,Buy,232961181
2024-08-20 10:06:26,19000.0,100,Buy,232961184
2024-08-20 10:06:27,19000.0,500,Buy,232961202
2024-08-20 10:06:27,18950.0,2400,Sell,232961203
2024-08-20 10:06:29,18950.0,1300,Sell,232961254
2024-08-20 10:06:29,18950.0,1000,Sell,232961255
2024-08-20 10:06:30,18950.0,100,Sell,232961287
2024-08-20 10:06:32,19000.0,1600,Buy,232961359
2024-08-20 10:06:34,18950.0,100,Sell,232961403
2024-08-20 10:06:35,18950.0,200,Sell,232961413
2024-08-20 10:06:36,18950.0,4300,Sell,232961452
2024-08-20 10:06:36,18950.0,700,Sell,232961451
2024-08-20 10:06:36,18950.0,300,Sell,232961442
2024-08-20 10:06:36,18950.0,100,Sell,232961438
2024-08-20 10:06:36,18950.0,3300,Sell,232961439
2024-08-20 10:06:36,18950.0,100,Sell,232961437
2024-08-20 10:06:36,18950.0,4700,Sell,232961441
2024-08-20 10:06:36,18950.0,500,Sell,232961435
2024-08-20 10:06:36,18950.0,5000,Sell,232961434
2024-08-20 10:06:36,18950.0,1000,Sell,232961433
2024-08-20 10:06:36,18950.0,1000,Sell,232961432
2024-08-20 10:06:36,18950.0,1300,Sell,232961431
2024-08-20 10:06:36,18950.0,2000,Sell,232961430
2024-08-20 10:06:36,18950.0,3000,Sell,232961436
2024-08-20 10:06:37,18950.0,100,Sell,232961500
2024-08-20 10:06:38,19000.0,1100,Buy,232961554
2024-08-20 10:06:41,19000.0,3000,Buy,232961630
2024-08-20 10:06:44,18950.0,200,Sell,232961700
2024-08-20 10:06:44,18950.0,600,Sell,232961695
2024-08-20 10:06:44,18950.0,900,Sell,232961687
2024-08-20 10:06:44,18950.0,1000,Sell,232961694
2024-08-20 10:06:45,18950.0,100,Sell,232961711
2024-08-20 10:06:46,19000.0,1000,Buy,232961719
2024-08-20 10:06:46,18950.0,100,Sell,232961757
2024-08-20 10:06:47,19000.0,400,Buy,232961774
2024-08-20 10:06:47,19000.0,2000,Buy,232961769
2024-08-20 10:06:47,19000.0,300,Buy,232961772
2024-08-20 10:06:47,19000.0,500,Buy,232961771
2024-08-20 10:06:47,19000.0,600,Buy,232961770
2024-08-20 10:06:47,19000.0,100,Buy,232961768
2024-08-20 10:06:47,19000.0,2000,Buy,232961773
2024-08-20 10:06:47,19000.0,100,Buy,232961766
2024-08-20 10:06:47,19000.0,100,Buy,232961765
2024-08-20 10:06:47,19000.0,1000,Buy,232961764
2024-08-20 10:06:47,19000.0,100,Buy,232961763
2024-08-20 10:06:47,19000.0,200,Buy,232961762
2024-08-20 10:06:47,19000.0,19600,Buy,232961761
2024-08-20 10:06:47,19000.0,3000,Buy,232961767
2024-08-20 10:06:48,18950.0,500,Sell,232961814
2024-08-20 10:06:49,18950.0,100,Sell,232961877
2024-08-20 10:06:49,18950.0,100,Sell,232961876
2024-08-20 10:06:56,18950.0,3900,Sell,232962018
2024-08-20 10:06:56,18950.0,500,Sell,232962019
2024-08-20 10:06:56,18950.0,5600,Sell,232962020
2024-08-20 10:06:57,19000.0,9100,Buy,232962034
2024-08-20 10:06:57,19000.0,100,Buy,232962033
2024-08-20 10:06:57,19000.0,2000,Buy,232962032
2024-08-20 10:06:57,19000.0,1000,Buy,232962031
2024-08-20 10:06:57,18950.0,600,Sell,232962035
2024-08-20 10:06:57,19000.0,100,Buy,232962029
2024-08-20 10:06:57,19000.0,10000,Buy,232962030
2024-08-20 10:06:57,19000.0,600,Buy,232962026
2024-08-20 10:06:57,19000.0,1000,Buy,232962028
2024-08-20 10:06:57,19000.0,100,Buy,232962027
2024-08-20 10:07:00,18950.0,100,Sell,232962105
2024-08-20 10:07:04,19000.0,500,Buy,232962200
2024-08-20 10:07:08,18950.0,1500,Sell,232962335
2024-08-20 10:07:12,19000.0,700,Buy,232962414
2024-08-20 10:07:12,19000.0,100,Buy,232962412
2024-08-20 10:07:12,19000.0,100,Buy,232962411
2024-08-20 10:07:12,19000.0,200,Buy,232962413
2024-08-20 10:07:12,19000.0,1000,Buy,232962409
2024-08-20 10:07:12,19000.0,100,Buy,232962408
2024-08-20 10:07:12,19000.0,300,Buy,232962407
2024-08-20 10:07:12,19000.0,100,Buy,232962390
2024-08-20 10:07:12,19000.0,500,Buy,232962410
2024-08-20 10:07:13,19000.0,1300,Buy,232962424
2024-08-20 10:07:13,19000.0,100,Buy,232962425
2024-08-20 10:07:13,19000.0,100,Buy,232962426
2024-08-20 10:07:13,19000.0,500,Buy,232962427
2024-08-20 10:07:17,18950.0,200,Sell,232962484
2024-08-20 10:07:17,18950.0,100,Sell,232962488
2024-08-20 10:07:17,18950.0,81100,Sell,232962485
2024-08-20 10:07:17,18950.0,3000,Sell,232962483
2024-08-20 10:07:17,18950.0,1000,Sell,232962478
2024-08-20 10:07:17,18950.0,2000,Sell,232962481
2024-08-20 10:07:17,18950.0,400,Sell,232962480
2024-08-20 10:07:17,18950.0,100,Sell,232962479
2024-08-20 10:07:17,18950.0,7200,Sell,232962477
2024-08-20 10:07:17,18950.0,5000,Sell,232962482
2024-08-20 10:07:19,18950.0,7000,Sell,232962522
2024-08-20 10:07:19,18950.0,11800,Sell,232962535
2024-08-20 10:07:19,18950.0,5000,Sell,232962536
2024-08-20 10:07:19,18950.0,1000,Sell,232962537
2024-08-20 10:07:19,18950.0,5000,Sell,232962538
2024-08-20 10:07:19,18950.0,2000,Sell,232962539
2024-08-20 10:07:19,18950.0,200,Sell,232962540
2024-08-20 10:07:20,18950.0,6000,Sell,232962549
2024-08-20 10:07:20,18950.0,100,Sell,232962550
2024-08-20 10:07:20,18950.0,300,Sell,232962547
2024-08-20 10:07:20,18950.0,5000,Sell,232962548
2024-08-20 10:07:22,18950.0,300,Sell,232962567
2024-08-20 10:07:22,18950.0,200,Sell,232962573
2024-08-20 10:07:28,18950.0,1000,Buy,232962664
2024-08-20 10:07:28,18950.0,300,Buy,232962665
2024-08-20 10:07:30,18950.0,1800,Buy,232962723
2024-08-20 10:07:30,18950.0,1800,Buy,232962721
2024-08-20 10:07:30,18950.0,3200,Buy,232962722
2024-08-20 10:07:30,18950.0,100,Buy,232962719
2024-08-20 10:07:30,18950.0,1000,Buy,232962718
2024-08-20 10:07:30,18950.0,700,Buy,232962717
2024-08-20 10:07:30,18950.0,1000,Buy,232962720
2024-08-20 10:07:35,18950.0,1000,Buy,232962860
2024-08-20 10:07:37,18950.0,500,Buy,232962918
2024-08-20 10:07:42,18950.0,800,Buy,232963006
2024-08-20 10:07:43,18950.0,100,Buy,232963034
2024-08-20 10:07:43,18950.0,6700,Buy,232963038
2024-08-20 10:07:43,18950.0,100,Buy,232963037
2024-08-20 10:07:43,18950.0,500,Buy,232963036
2024-08-20 10:07:43,18950.0,100,Buy,232963035
2024-08-20 10:07:43,18950.0,10000,Buy,232963033
2024-08-20 10:07:43,18950.0,10000,Buy,232963029
2024-08-20 10:07:43,18950.0,1000,Buy,232963031
2024-08-20 10:07:43,18950.0,10000,Buy,232963030
2024-08-20 10:07:43,18950.0,3000,Buy,232963028
2024-08-20 10:07:43,18950.0,5000,Buy,232963027
2024-08-20 10:07:43,18950.0,1500,Buy,232963026
2024-08-20 10:07:43,18950.0,1900,Buy,232963025
2024-08-20 10:07:43,18950.0,100,Buy,232963032
2024-08-20 10:07:44,18950.0,200,Buy,232963042
2024-08-20 10:07:45,18950.0,1000,Buy,232963101
2024-08-20 10:07:45,18950.0,100,Buy,232963102
2024-08-20 10:07:45,18950.0,8900,Buy,232963103
2024-08-20 10:07:47,18950.0,1100,Buy,232963130
2024-08-20 10:07:47,18950.0,500,Buy,232963131
2024-08-20 10:07:47,18950.0,500,Buy,232963132
2024-08-20 10:07:47,18950.0,100,Buy,232963133
2024-08-20 10:07:47,18950.0,2800,Buy,232963134
2024-08-20 10:07:49,18950.0,1000,Buy,232963187
2024-08-20 10:07:50,18950.0,1200,Buy,232963198
2024-08-20 10:07:50,18950.0,2000,Buy,232963202
2024-08-20 10:07:50,18950.0,10000,Buy,232963201
2024-08-20 10:07:50,18950.0,5000,Buy,232963188
2024-08-20 10:07:50,18950.0,100,Buy,232963199
2024-08-20 10:07:50,18950.0,500,Buy,232963200
2024-08-20 10:07:51,18950.0,8800,Sell,232963218
2024-08-20 10:07:55,18900.0,700,Sell,232963359
2024-08-20 10:07:55,18900.0,100,Sell,232963357
2024-08-20 10:07:55,18900.0,2000,Sell,232963356
2024-08-20 10:07:55,18900.0,100,Sell,232963355
2024-08-20 10:07:55,18900.0,100,Sell,232963354
2024-08-20 10:07:55,18900.0,2900,Sell,232963353
2024-08-20 10:07:55,18900.0,100,Sell,232963358
2024-08-20 10:07:55,18900.0,200,Sell,232963351
2024-08-20 10:07:55,18900.0,33000,Sell,232963350
2024-08-20 10:07:55,18900.0,3000,Sell,232963349
2024-08-20 10:07:55,18900.0,2000,Sell,232963348
2024-08-20 10:07:55,18900.0,3000,Sell,232963347
2024-08-20 10:07:55,18900.0,100,Sell,232963352
2024-08-20 10:07:55,18900.0,9100,Sell,232963346
2024-08-20 10:07:55,18950.0,10000,Buy,232963343
2024-08-20 10:07:57,18900.0,1000,Buy,232963398
2024-08-20 10:08:00,18900.0,100,Buy,232963457
2024-08-20 10:08:02,18900.0,4900,Buy,232963491
2024-08-20 10:08:02,18900.0,15100,Buy,232963492
2024-08-20 10:08:03,18900.0,2000,Buy,232963518
2024-08-20 10:08:06,18900.0,500,Buy,232963592
2024-08-20 10:08:06,18900.0,500,Buy,232963593
2024-08-20 10:08:06,18900.0,5000,Buy,232963591
2024-08-20 10:08:08,18900.0,500,Buy,232963697
2024-08-20 10:08:08,18900.0,12500,Buy,232963698
2024-08-20 10:08:18,18900.0,2000,Buy,232963892
2024-08-20 10:08:24,18850.0,100,Sell,232964039
2024-08-20 10:08:34,18900.0,100,Buy,232964228
2024-08-20 10:08:39,18850.0,200,Sell,232964353
2024-08-20 10:08:41,18850.0,500,Sell,232964387
2024-08-20 10:08:42,18850.0,2500,Sell,232964416
2024-08-20 10:08:43,18850.0,100,Sell,232964424
2024-08-20 10:08:45,18850.0,2000,Sell,232964451
2024-08-20 10:08:48,18850.0,1700,Sell,232964492
2024-08-20 10:08:48,18850.0,200,Sell,232964493
2024-08-20 10:08:48,18850.0,100,Sell,232964494
2024-08-20 10:08:48,18850.0,1000,Sell,232964495
2024-08-20 10:08:48,18850.0,2000,Sell,232964496
2024-08-20 10:08:48,18850.0,2000,Sell,232964488
2024-08-20 10:08:49,18850.0,500,Sell,232964508
2024-08-20 10:08:52,18850.0,2500,Sell,232964643
2024-08-20 10:08:52,18850.0,6500,Sell,232964644
2024-08-20 10:08:54,18900.0,800,Buy,232964695
2024-08-20 10:08:54,18850.0,6000,Sell,232964694
2024-08-20 10:08:54,18900.0,900,Buy,232964675
2024-08-20 10:08:54,18850.0,1000,Sell,232964671
2024-08-20 10:08:54,18900.0,200,Buy,232964676
2024-08-20 10:08:55,18900.0,100,Buy,232964699
2024-08-20 10:08:55,18900.0,1100,Buy,232964700
2024-08-20 10:08:55,18850.0,5300,Sell,232964705
2024-08-20 10:08:58,18900.0,400,Buy,232964819
2024-08-20 10:08:58,18850.0,2000,Sell,232964821
2024-08-20 10:08:59,18850.0,100,Sell,232964847
2024-08-20 10:08:59,18850.0,100,Sell,232964849
2024-08-20 10:08:59,18850.0,200,Sell,232964848
2024-08-20 10:08:59,18850.0,200,Sell,232964846
2024-08-20 10:08:59,18850.0,5000,Sell,232964831
2024-08-20 10:08:59,18850.0,500,Sell,232964842
2024-08-20 10:08:59,18850.0,500,Sell,232964841
2024-08-20 10:08:59,18850.0,200,Sell,232964840
2024-08-20 10:08:59,18850.0,4000,Sell,232964833
2024-08-20 10:08:59,18850.0,100,Sell,232964843
2024-08-20 10:09:01,18850.0,100,Buy,232964890
2024-08-20 10:09:02,18850.0,300,Buy,232964905
2024-08-20 10:09:02,18850.0,300,Buy,232964906
2024-08-20 10:09:02,18850.0,300,Buy,232964907
2024-08-20 10:09:02,18900.0,100,Buy,232964908
2024-08-20 10:09:02,18900.0,7300,Buy,232964909
2024-08-20 10:09:08,18850.0,100,Buy,232965123
2024-08-20 10:09:12,18850.0,200,Buy,232965211
2024-08-20 10:09:17,18850.0,300,Buy,232965271
2024-08-20 10:09:24,18850.0,500,Buy,232965523
2024-08-20 10:09:39,18850.0,100,Buy,232965807
2024-08-20 10:09:39,18850.0,100,Buy,232965795
2024-08-20 10:09:46,18850.0,500,Buy,232966096
2024-08-20 10:09:54,18850.0,5000,Buy,232966245
2024-08-20 10:09:54,18850.0,4000,Buy,232966243
2024-08-20 10:09:54,18850.0,1100,Buy,232966242
2024-08-20 10:09:54,18850.0,10000,Buy,232966241
2024-08-20 10:09:54,18850.0,300,Buy,232966240
2024-08-20 10:09:54,18850.0,100,Buy,232966239
2024-08-20 10:09:54,18850.0,5000,Buy,232966238
2024-08-20 10:09:54,18850.0,10000,Buy,232966237
2024-08-20 10:09:54,18850.0,100,Buy,232966236
2024-08-20 10:09:54,18850.0,100,Buy,232966244
2024-08-20 10:09:54,18850.0,500,Buy,232966234
2024-08-20 10:09:54,18850.0,100,Buy,232966233
2024-08-20 10:09:54,18850.0,1000,Buy,232966232
2024-08-20 10:09:54,18850.0,1000,Buy,232966231
2024-08-20 10:09:54,18850.0,100,Buy,232966230
2024-08-20 10:09:54,18850.0,900,Buy,232966229
2024-08-20 10:09:54,18850.0,100,Buy,232966228
2024-08-20 10:09:54,18850.0,200,Buy,232966226
2024-08-20 10:09:54,18850.0,2000,Buy,232966227
2024-08-20 10:09:54,18850.0,2000,Buy,232966235
2024-08-20 10:10:01,18850.0,1000,Sell,232966518
2024-08-20 10:10:04,18850.0,100,Sell,232966666
2024-08-20 10:10:07,18850.0,3000,Sell,232966743
2024-08-20 10:10:08,18850.0,1000,Sell,232966770
2024-08-20 10:10:10,18850.0,600,Sell,232966841
2024-08-20 10:10:12,18850.0,600,Sell,232966881
2024-08-20 10:10:12,18850.0,500,Sell,232966882
2024-08-20 10:10:12,18850.0,100,Sell,232966875
2024-08-20 10:10:22,18850.0,100,Buy,232967070
2024-08-20 10:10:25,18850.0,100,Buy,232967133
2024-08-20 10:10:28,18850.0,700,Buy,232967234
2024-08-20 10:10:28,18850.0,700,Buy,232967235
2024-08-20 10:10:30,18850.0,100,Buy,232967264
2024-08-20 10:10:34,18850.0,900,Buy,232967382
2024-08-20 10:10:41,18800.0,100,Sell,232967590
2024-08-20 10:10:41,18800.0,2500,Sell,232967592
2024-08-20 10:10:41,18800.0,200,Sell,232967591
2024-08-20 10:10:41,18800.0,100,Sell,232967589
2024-08-20 10:10:41,18800.0,200,Sell,232967586
2024-08-20 10:10:41,18800.0,200,Sell,232967587
2024-08-20 10:10:41,18800.0,100,Sell,232967583
2024-08-20 10:10:41,18800.0,300,Sell,232967585
2024-08-20 10:10:41,18800.0,100,Sell,232967584
2024-08-20 10:10:41,18800.0,200,Sell,232967588
2024-08-20 10:10:42,18800.0,2500,Sell,232967612
2024-08-20 10:10:42,18800.0,4000,Sell,232967613
2024-08-20 10:10:55,18800.0,500,Sell,232968042
2024-08-20 10:10:55,18800.0,100,Sell,232968058
2024-08-20 10:11:01,18850.0,3500,Buy,232968157
2024-08-20 10:11:16,18850.0,300,Buy,232968544
2024-08-20 10:11:17,18800.0,100,Sell,232968587
2024-08-20 10:11:17,18800.0,500,Sell,232968588
2024-08-20 10:11:17,18800.0,19000,Sell,232968589
2024-08-20 10:11:17,18800.0,400,Sell,232968586
2024-08-20 10:11:26,18850.0,500,Buy,232968835
2024-08-20 10:11:26,18850.0,1600,Buy,232968825
2024-08-20 10:11:26,18850.0,500,Buy,232968824
2024-08-20 10:11:26,18850.0,5400,Buy,232968823
2024-08-20 10:11:26,18850.0,200,Buy,232968822
2024-08-20 10:11:26,18850.0,1000,Buy,232968819
2024-08-20 10:11:26,18850.0,500,Buy,232968820
2024-08-20 10:11:26,18850.0,1000,Buy,232968818
2024-08-20 10:11:26,18850.0,1000,Buy,232968817
2024-08-20 10:11:26,18850.0,700,Buy,232968816
2024-08-20 10:11:26,18850.0,1500,Buy,232968815
2024-08-20 10:11:26,18850.0,500,Buy,232968821
2024-08-20 10:11:36,18850.0,300,Buy,232969262
2024-08-20 10:11:41,18850.0,600,Buy,232969389
2024-08-20 10:11:41,18850.0,1400,Buy,232969390
2024-08-20 10:11:54,18850.0,300,Buy,232969870
2024-08-20 10:11:55,18850.0,400,Buy,232969891
2024-08-20 10:12:22,18800.0,200,Sell,232970703
2024-08-20 10:12:23,18800.0,100,Sell,232970728
2024-08-20 10:12:26,18800.0,1800,Sell,232970863
2024-08-20 10:12:26,18800.0,500,Sell,232970862
2024-08-20 10:12:26,18800.0,300,Sell,232970861
2024-08-20 10:12:26,18800.0,500,Sell,232970860
2024-08-20 10:12:26,18800.0,500,Sell,232970856
2024-08-20 10:12:26,18800.0,1000,Sell,232970858
2024-08-20 10:12:26,18800.0,700,Sell,232970854
2024-08-20 10:12:26,18800.0,100,Sell,232970859
2024-08-20 10:12:26,18800.0,100,Sell,232970857
