time,price,volume,match_type,id
2024-08-19 09:14:37,18450.0,73400,ATO/ATC,232510362
2024-08-19 09:14:40,18450.0,3500,Buy,232510651
2024-08-19 09:15:03,18450.0,1000,Buy,232511412
2024-08-19 09:15:04,18450.0,4400,Buy,232511470
2024-08-19 09:15:04,18450.0,800,Buy,232511469
2024-08-19 09:15:04,18450.0,2000,Buy,232511468
2024-08-19 09:15:04,18450.0,700,Buy,232511463
2024-08-19 09:15:04,18450.0,1000,Buy,232511466
2024-08-19 09:15:04,18450.0,100,Buy,232511467
2024-08-19 09:15:04,18450.0,1000,Buy,232511465
2024-08-19 09:15:06,18450.0,100,Buy,232511544
2024-08-19 09:15:06,18450.0,700,Buy,232511554
2024-08-19 09:15:17,18450.0,100,Buy,232511969
2024-08-19 09:15:22,18450.0,100,Buy,232512179
2024-08-19 09:15:41,18450.0,100,Buy,232513014
2024-08-19 09:15:46,18450.0,4000,Buy,232513255
2024-08-19 09:15:46,18450.0,2700,Buy,232513256
2024-08-19 09:15:46,18450.0,200,Buy,232513257
2024-08-19 09:15:46,18450.0,500,Buy,232513258
2024-08-19 09:15:46,18450.0,2100,Buy,232513259
2024-08-19 09:15:46,18450.0,500,Buy,232513254
2024-08-19 09:15:49,18450.0,200,Buy,232513439
2024-08-19 09:15:51,18450.0,7700,Buy,232513520
2024-08-19 09:15:51,18450.0,22300,Buy,232513521
2024-08-19 09:15:57,18450.0,300,Buy,232513914
2024-08-19 09:15:57,18450.0,500,Buy,232513886
2024-08-19 09:15:57,18450.0,1800,Buy,232513887
2024-08-19 09:15:57,18450.0,2700,Buy,232513885
2024-08-19 09:15:58,18450.0,400,Buy,232513946
2024-08-19 09:15:58,18450.0,1000,Buy,232513947
2024-08-19 09:15:58,18450.0,600,Buy,232513948
2024-08-19 09:15:59,18450.0,100,Buy,232513985
2024-08-19 09:16:10,18400.0,2700,Sell,232514591
2024-08-19 09:16:10,18400.0,100,Sell,232514590
2024-08-19 09:16:11,18450.0,3900,Buy,232514634
2024-08-19 09:16:11,18450.0,1100,Buy,232514633
2024-08-19 09:16:13,18450.0,4600,Buy,232514847
2024-08-19 09:16:13,18450.0,3600,Buy,232514840
2024-08-19 09:16:13,18450.0,1200,Buy,232514841
2024-08-19 09:16:13,18450.0,600,Buy,232514846
2024-08-19 09:16:20,18450.0,5400,Buy,232515206
2024-08-19 09:16:20,18450.0,1900,Buy,232515207
2024-08-19 09:16:20,18450.0,2500,Buy,232515208
2024-08-19 09:16:21,18450.0,200,Sell,232515281
2024-08-19 09:16:28,18400.0,1900,Sell,232515637
2024-08-19 09:16:28,18400.0,100,Sell,232515636
2024-08-19 09:16:28,18400.0,100,Sell,232515635
2024-08-19 09:16:28,18400.0,1300,Sell,232515634
2024-08-19 09:16:29,18400.0,700,Sell,232515728
2024-08-19 09:16:29,18400.0,100,Sell,232515727
2024-08-19 09:16:31,18450.0,2200,Buy,232515818
2024-08-19 09:16:31,18450.0,1500,Buy,232515819
2024-08-19 09:16:31,18450.0,6300,Buy,232515820
2024-08-19 09:16:31,18400.0,200,Sell,232515821
2024-08-19 09:16:33,18450.0,2600,Buy,232515901
2024-08-19 09:16:33,18400.0,1800,Sell,232515903
2024-08-19 09:16:33,18400.0,700,Sell,232515904
2024-08-19 09:16:35,18400.0,1200,Sell,232516016
2024-08-19 09:16:37,18400.0,600,Sell,232516137
2024-08-19 09:16:37,18400.0,400,Sell,232516136
2024-08-19 09:16:37,18400.0,300,Sell,232516148
2024-08-19 09:16:39,18400.0,300,Sell,232516251
2024-08-19 09:16:42,18400.0,800,Sell,232516418
2024-08-19 09:16:42,18400.0,400,Sell,232516419
2024-08-19 09:16:43,18400.0,200,Sell,232516483
2024-08-19 09:16:43,18400.0,100,Sell,232516484
2024-08-19 09:16:44,18450.0,100,Buy,232516593
2024-08-19 09:16:48,18450.0,100,Buy,232516786
2024-08-19 09:16:51,18450.0,200,Buy,232516978
2024-08-19 09:16:58,18400.0,2900,Sell,232517390
2024-08-19 09:16:59,18400.0,700,Sell,232517443
2024-08-19 09:17:01,18400.0,100,Sell,232517546
2024-08-19 09:17:10,18450.0,200,Buy,232518005
2024-08-19 09:17:10,18450.0,500,Buy,232518026
2024-08-19 09:17:10,18450.0,500,Buy,232518027
2024-08-19 09:17:13,18400.0,100,Sell,232518143
2024-08-19 09:17:15,18450.0,500,Buy,232518219
2024-08-19 09:17:16,18450.0,100,Buy,232518306
2024-08-19 09:17:16,18450.0,300,Buy,232518305
2024-08-19 09:17:16,18450.0,200,Buy,232518304
2024-08-19 09:17:16,18450.0,1700,Buy,232518302
2024-08-19 09:17:16,18450.0,300,Buy,232518288
2024-08-19 09:17:16,18450.0,100,Buy,232518303
2024-08-19 09:17:18,18450.0,600,Sell,232518383
2024-08-19 09:17:19,18450.0,100,Sell,232518478
2024-08-19 09:17:20,18450.0,100,Sell,232518502
2024-08-19 09:17:20,18450.0,200,Sell,232518537
2024-08-19 09:17:21,18450.0,1600,Sell,232518577
2024-08-19 09:17:21,18450.0,5000,Sell,232518578
2024-08-19 09:17:21,18400.0,100,Sell,232518590
2024-08-19 09:17:23,18450.0,1600,Buy,232518724
2024-08-19 09:17:24,18400.0,1600,Sell,232518742
2024-08-19 09:17:25,18450.0,500,Buy,232518828
2024-08-19 09:17:31,18400.0,3000,Sell,232519083
2024-08-19 09:17:31,18400.0,700,Sell,232519111
2024-08-19 09:17:33,18400.0,100,Sell,232519210
2024-08-19 09:17:33,18400.0,500,Sell,232519203
2024-08-19 09:17:33,18400.0,500,Sell,232519207
2024-08-19 09:17:33,18400.0,200,Sell,232519206
2024-08-19 09:17:33,18400.0,2000,Sell,232519205
2024-08-19 09:17:33,18400.0,1000,Sell,232519204
2024-08-19 09:17:33,18400.0,1000,Sell,232519202
2024-08-19 09:17:33,18400.0,1000,Sell,232519209
2024-08-19 09:17:33,18400.0,1000,Sell,232519200
2024-08-19 09:17:33,18400.0,1600,Sell,232519201
2024-08-19 09:17:33,18400.0,1500,Sell,232519193
2024-08-19 09:17:33,18400.0,200,Sell,232519194
2024-08-19 09:17:33,18400.0,5000,Sell,232519195
2024-08-19 09:17:33,18400.0,700,Sell,232519208
2024-08-19 09:17:33,18400.0,200,Sell,232519199
2024-08-19 09:17:33,18400.0,2000,Sell,232519198
2024-08-19 09:17:33,18400.0,10000,Sell,232519196
2024-08-19 09:17:33,18400.0,100,Sell,232519197
2024-08-19 09:17:35,18400.0,3000,Buy,232519305
2024-08-19 09:17:43,18400.0,1200,Buy,232519689
2024-08-19 09:17:43,18400.0,100,Buy,232519690
2024-08-19 09:17:43,18400.0,3500,Buy,232519691
2024-08-19 09:17:50,18400.0,500,Buy,232520100
2024-08-19 09:17:53,18400.0,1000,Buy,232520236
2024-08-19 09:17:54,18400.0,600,Buy,232520264
2024-08-19 09:17:58,18400.0,2000,Buy,232520469
2024-08-19 09:18:02,18400.0,500,Buy,232520658
2024-08-19 09:18:03,18400.0,500,Buy,232520719
2024-08-19 09:18:18,18400.0,1000,Buy,232521631
2024-08-19 09:18:18,18400.0,700,Buy,232521623
2024-08-19 09:18:18,18400.0,1200,Buy,232521624
2024-08-19 09:18:18,18400.0,100,Buy,232521625
2024-08-19 09:18:18,18400.0,400,Buy,232521626
2024-08-19 09:18:18,18400.0,500,Buy,232521627
2024-08-19 09:18:18,18400.0,200,Buy,232521628
2024-08-19 09:18:18,18400.0,500,Buy,232521629
2024-08-19 09:18:18,18400.0,1700,Buy,232521630
2024-08-19 09:18:18,18400.0,3500,Buy,232521622
2024-08-19 09:18:19,18400.0,100,Sell,232521652
2024-08-19 09:18:19,18400.0,1000,Buy,232521672
2024-08-19 09:18:20,18400.0,3900,Buy,232521705
2024-08-19 09:18:21,18400.0,2400,Sell,232521751
2024-08-19 09:18:21,18400.0,1200,Sell,232521787
2024-08-19 09:18:23,18400.0,900,Sell,232521905
2024-08-19 09:18:25,18400.0,200,Sell,232521993
2024-08-19 09:18:26,18400.0,1400,Sell,232522058
2024-08-19 09:18:26,18400.0,100,Sell,232522059
2024-08-19 09:18:26,18400.0,500,Sell,232522060
2024-08-19 09:18:26,18400.0,500,Sell,232522061
2024-08-19 09:18:26,18350.0,700,Sell,232522062
2024-08-19 09:18:27,18350.0,800,Sell,232522149
2024-08-19 09:18:29,18400.0,200,Buy,232522260
2024-08-19 09:18:30,18400.0,500,Buy,232522384
2024-08-19 09:18:31,18400.0,900,Buy,232522428
2024-08-19 09:18:36,18400.0,100,Buy,232522714
2024-08-19 09:18:44,18400.0,200,Buy,232523109
2024-08-19 09:18:46,18350.0,600,Sell,232523182
2024-08-19 09:18:46,18350.0,1700,Sell,232523183
2024-08-19 09:18:46,18400.0,300,Buy,232523194
2024-08-19 09:18:47,18400.0,500,Buy,232523289
2024-08-19 09:18:54,18400.0,500,Buy,232523720
2024-08-19 09:18:58,18400.0,4900,Buy,232523905
2024-08-19 09:18:59,18400.0,100,Buy,232523916
2024-08-19 09:18:59,18400.0,100,Buy,232523940
2024-08-19 09:19:15,18400.0,300,Buy,232524626
2024-08-19 09:19:23,18400.0,100,Buy,232525021
2024-08-19 09:19:23,18400.0,500,Buy,232525025
2024-08-19 09:19:23,18400.0,1800,Buy,232525024
2024-08-19 09:19:23,18400.0,100,Buy,232525023
2024-08-19 09:19:23,18400.0,2000,Buy,232525022
2024-08-19 09:19:23,18400.0,600,Buy,232525020
2024-08-19 09:19:23,18400.0,1400,Buy,232525013
2024-08-19 09:19:23,18400.0,1000,Buy,232525018
2024-08-19 09:19:23,18400.0,1000,Buy,232525014
2024-08-19 09:19:23,18400.0,200,Buy,232525015
2024-08-19 09:19:23,18400.0,1000,Buy,232525019
2024-08-19 09:19:23,18400.0,200,Buy,232525017
2024-08-19 09:19:23,18400.0,100,Buy,232525016
2024-08-19 09:19:33,18400.0,200,Buy,232525427
2024-08-19 09:19:33,18400.0,2500,Buy,232525426
2024-08-19 09:19:33,18400.0,2100,Buy,232525428
2024-08-19 09:19:33,18400.0,100,Buy,232525424
2024-08-19 09:19:33,18400.0,700,Buy,232525423
2024-08-19 09:19:33,18400.0,200,Buy,232525425
2024-08-19 09:19:34,18400.0,100,Sell,232525509
2024-08-19 09:19:39,18400.0,1400,Sell,232525709
2024-08-19 09:19:41,18400.0,300,Sell,232525819
2024-08-19 09:19:49,18400.0,3000,Sell,232526139
2024-08-19 09:19:49,18400.0,200,Sell,232526140
2024-08-19 09:19:51,18400.0,300,Sell,232526236
2024-08-19 09:20:10,18400.0,300,Sell,232526970
2024-08-19 09:20:11,18400.0,1000,Sell,232527013
2024-08-19 09:20:13,18400.0,200,Sell,232527100
2024-08-19 09:20:23,18450.0,100,Buy,232527605
2024-08-19 09:20:32,18400.0,500,Sell,232528048
2024-08-19 09:20:42,18450.0,8800,Buy,232528445
2024-08-19 09:20:42,18450.0,11200,Buy,232528444
2024-08-19 09:21:11,18450.0,100,Buy,232529640
2024-08-19 09:21:19,18400.0,1500,Sell,232530004
2024-08-19 09:21:19,18400.0,3300,Sell,232530005
2024-08-19 09:22:02,18400.0,500,Sell,232531633
2024-08-19 09:22:29,18450.0,8400,Buy,232532535
2024-08-19 09:22:35,18450.0,100,Buy,232532695
2024-08-19 09:22:45,18450.0,12600,Buy,232533081
2024-08-19 09:22:45,18450.0,400,Buy,232533082
2024-08-19 09:22:52,18400.0,100,Sell,232533321
2024-08-19 09:22:56,18450.0,500,Buy,232533471
2024-08-19 09:22:56,18450.0,100,Buy,232533472
2024-08-19 09:22:56,18450.0,100,Buy,232533473
2024-08-19 09:22:56,18450.0,100,Buy,232533474
2024-08-19 09:22:56,18450.0,100,Buy,232533475
2024-08-19 09:22:56,18450.0,100,Buy,232533470
2024-08-19 09:23:16,18450.0,200,Buy,232534496
2024-08-19 09:23:21,18450.0,200,Buy,232534671
2024-08-19 09:23:23,18450.0,100,Buy,232534772
2024-08-19 09:23:45,18450.0,100,Buy,232535640
2024-08-19 09:24:32,18450.0,100,Buy,232537525
2024-08-19 09:24:36,18450.0,1700,Buy,232537645
2024-08-19 09:24:36,18450.0,800,Buy,232537646
2024-08-19 09:24:56,18450.0,100,Buy,232538409
2024-08-19 09:25:10,18450.0,200,Buy,232539015
2024-08-19 09:25:15,18450.0,300,Buy,232539256
2024-08-19 09:25:25,18450.0,200,Buy,232539627
2024-08-19 09:25:25,18450.0,200,Buy,232539640
2024-08-19 09:25:34,18450.0,100,Buy,232539941
2024-08-19 09:25:35,18450.0,100,Buy,232539974
2024-08-19 09:25:37,18400.0,800,Sell,232540061
2024-08-19 09:25:47,18400.0,1000,Sell,232540547
2024-08-19 09:26:03,18400.0,100,Sell,232541178
2024-08-19 09:26:03,18400.0,11000,Sell,232541179
2024-08-19 09:26:03,18400.0,500,Sell,232541180
2024-08-19 09:26:03,18400.0,900,Sell,232541181
2024-08-19 09:26:03,18400.0,500,Sell,232541182
2024-08-19 09:26:03,18400.0,200,Sell,232541183
2024-08-19 09:26:03,18400.0,1600,Sell,232541184
2024-08-19 09:26:03,18400.0,10000,Sell,232541185
2024-08-19 09:26:03,18400.0,2000,Sell,232541189
2024-08-19 09:26:03,18400.0,5000,Sell,232541187
2024-08-19 09:26:03,18400.0,100,Sell,232541188
2024-08-19 09:26:03,18400.0,2800,Sell,232541177
2024-08-19 09:26:03,18400.0,100,Sell,232541190
2024-08-19 09:26:03,18400.0,17000,Sell,232541192
2024-08-19 09:26:03,18400.0,100,Sell,232541193
2024-08-19 09:26:03,18400.0,2500,Sell,232541194
2024-08-19 09:26:03,18400.0,2000,Sell,232541195
2024-08-19 09:26:03,18400.0,300,Sell,232541186
2024-08-19 09:26:03,18400.0,1500,Sell,232541176
2024-08-19 09:26:03,18400.0,1300,Sell,232541196
2024-08-19 09:26:03,18400.0,100,Sell,232541174
2024-08-19 09:26:03,18400.0,1600,Sell,232541157
2024-08-19 09:26:03,18400.0,300,Sell,232541158
2024-08-19 09:26:03,18400.0,300,Sell,232541159
2024-08-19 09:26:03,18400.0,300,Sell,232541160
2024-08-19 09:26:03,18400.0,2500,Sell,232541161
2024-08-19 09:26:03,18400.0,100,Sell,232541162
2024-08-19 09:26:03,18400.0,100,Sell,232541163
2024-08-19 09:26:03,18400.0,5000,Sell,232541164
2024-08-19 09:26:03,18400.0,1700,Sell,232541165
2024-08-19 09:26:03,18400.0,4000,Sell,232541166
2024-08-19 09:26:03,18400.0,300,Sell,232541167
2024-08-19 09:26:03,18400.0,2800,Sell,232541168
2024-08-19 09:26:03,18400.0,100,Sell,232541169
2024-08-19 09:26:03,18400.0,2000,Sell,232541170
2024-08-19 09:26:03,18400.0,1000,Sell,232541171
2024-08-19 09:26:03,18400.0,100,Sell,232541172
2024-08-19 09:26:03,18400.0,100,Sell,232541173
2024-08-19 09:26:03,18400.0,100,Sell,232541175
2024-08-19 09:26:03,18400.0,4300,Sell,232541156
2024-08-19 09:26:04,18400.0,200,Sell,232541237
2024-08-19 09:26:11,18400.0,300,Sell,232541498
2024-08-19 09:26:16,18400.0,600,Sell,232541725
2024-08-19 09:26:16,18400.0,1000,Sell,232541726
2024-08-19 09:26:16,18400.0,400,Sell,232541727
2024-08-19 09:26:20,18400.0,600,Sell,232541851
2024-08-19 09:26:41,18400.0,100,Buy,232542664
2024-08-19 09:26:42,18400.0,100,Buy,232542704
2024-08-19 09:26:44,18400.0,100,Buy,232542813
2024-08-19 09:27:10,18400.0,100,Buy,232544025
2024-08-19 09:27:10,18400.0,200,Buy,232544026
2024-08-19 09:27:25,18400.0,300,Buy,232544612
2024-08-19 09:27:25,18400.0,1000,Buy,232544613
2024-08-19 09:27:25,18400.0,700,Buy,232544614
2024-08-19 09:27:34,18400.0,1000,Buy,232544974
2024-08-19 09:27:34,18400.0,100,Buy,232544973
2024-08-19 09:27:34,18400.0,500,Buy,232544972
2024-08-19 09:27:34,18400.0,200,Buy,232544968
2024-08-19 09:27:34,18400.0,200,Buy,232544970
2024-08-19 09:27:34,18400.0,1000,Buy,232544969
2024-08-19 09:27:34,18400.0,2000,Buy,232544971
2024-08-19 09:27:45,18350.0,100,Sell,232545395
2024-08-19 09:27:47,18400.0,100,Buy,232545457
2024-08-19 09:27:48,18350.0,100,Sell,232545503
2024-08-19 09:27:48,18400.0,1000,Buy,232545499
2024-08-19 09:27:50,18350.0,1400,Sell,232545598
2024-08-19 09:27:50,18350.0,100,Sell,232545599
2024-08-19 09:27:56,18350.0,200,Sell,232545810
2024-08-19 09:27:56,18350.0,100,Sell,232545811
2024-08-19 09:27:56,18350.0,500,Sell,232545812
2024-08-19 09:27:56,18350.0,5000,Sell,232545813
2024-08-19 09:27:56,18350.0,14200,Sell,232545814
2024-08-19 09:28:03,18400.0,100,Buy,232546072
2024-08-19 09:28:03,18400.0,1900,Buy,232546071
2024-08-19 09:28:07,18350.0,1000,Sell,232546186
2024-08-19 09:28:29,18400.0,200,Buy,232547057
2024-08-19 09:28:30,18350.0,1000,Sell,232547121
2024-08-19 09:28:34,18350.0,3800,Sell,232547240
2024-08-19 09:28:34,18350.0,5000,Sell,232547241
2024-08-19 09:28:34,18350.0,700,Sell,232547242
2024-08-19 09:28:35,18350.0,2200,Sell,232547305
2024-08-19 09:28:35,18350.0,5000,Sell,232547306
2024-08-19 09:28:35,18350.0,2000,Sell,232547307
2024-08-19 09:28:35,18350.0,200,Sell,232547308
2024-08-19 09:28:35,18350.0,400,Sell,232547309
2024-08-19 09:28:37,18350.0,900,Sell,232547375
2024-08-19 09:28:37,18350.0,100,Sell,232547374
2024-08-19 09:28:53,18400.0,100,Buy,232547792
2024-08-19 09:28:53,18350.0,4500,Sell,232547762
2024-08-19 09:28:53,18350.0,100,Sell,232547760
2024-08-19 09:28:53,18350.0,400,Sell,232547761
2024-08-19 09:28:55,18350.0,5800,Sell,232547849
2024-08-19 09:28:55,18350.0,1500,Sell,232547848
2024-08-19 09:28:55,18350.0,3000,Sell,232547847
2024-08-19 09:28:55,18350.0,1000,Sell,232547845
2024-08-19 09:28:55,18350.0,300,Sell,232547843
2024-08-19 09:28:55,18350.0,1200,Sell,232547846
2024-08-19 09:28:55,18350.0,200,Sell,232547841
2024-08-19 09:28:55,18350.0,1000,Sell,232547840
2024-08-19 09:28:55,18350.0,4000,Sell,232547839
2024-08-19 09:28:55,18350.0,500,Sell,232547838
2024-08-19 09:28:55,18350.0,500,Sell,232547837
2024-08-19 09:28:55,18350.0,10500,Sell,232547836
2024-08-19 09:28:55,18350.0,500,Sell,232547842
2024-08-19 09:28:56,18350.0,200,Sell,232547886
2024-08-19 09:28:56,18350.0,100,Sell,232547887
2024-08-19 09:28:56,18350.0,100,Sell,232547888
2024-08-19 09:28:57,18350.0,200,Sell,232547908
2024-08-19 09:28:57,18350.0,300,Sell,232547909
2024-08-19 09:29:00,18350.0,100,Sell,232548054
2024-08-19 09:29:00,18350.0,300,Sell,232548056
2024-08-19 09:29:00,18350.0,2300,Sell,232548053
2024-08-19 09:29:00,18350.0,200,Sell,232548055
2024-08-19 09:29:00,18350.0,200,Sell,232548051
2024-08-19 09:29:00,18350.0,200,Sell,232548052
2024-08-19 09:29:00,18350.0,2000,Sell,232548050
2024-08-19 09:29:00,18350.0,4700,Sell,232548049
2024-08-19 09:29:03,18350.0,700,Sell,232548146
2024-08-19 09:29:03,18350.0,100,Sell,232548147
2024-08-19 09:29:03,18350.0,200,Sell,232548148
2024-08-19 09:29:03,18350.0,100,Sell,232548149
2024-08-19 09:29:06,18300.0,1000,Sell,232548292
2024-08-19 09:29:06,18300.0,5000,Sell,232548291
2024-08-19 09:29:06,18300.0,2000,Sell,232548290
2024-08-19 09:29:06,18300.0,200,Sell,232548287
2024-08-19 09:29:06,18300.0,1000,Sell,232548288
2024-08-19 09:29:06,18300.0,2000,Sell,232548293
2024-08-19 09:29:06,18300.0,800,Sell,232548286
2024-08-19 09:29:06,18300.0,100,Sell,232548289
2024-08-19 09:29:06,18300.0,4000,Sell,232548294
2024-08-19 09:29:06,18300.0,100,Sell,232548297
2024-08-19 09:29:06,18300.0,300,Sell,232548296
2024-08-19 09:29:06,18300.0,1000,Sell,232548298
2024-08-19 09:29:06,18300.0,100,Sell,232548299
2024-08-19 09:29:06,18300.0,5000,Sell,232548300
2024-08-19 09:29:06,18300.0,1000,Sell,232548301
2024-08-19 09:29:06,18300.0,5000,Sell,232548302
2024-08-19 09:29:06,18300.0,5000,Sell,232548303
2024-08-19 09:29:06,18300.0,9200,Sell,232548304
2024-08-19 09:29:06,18300.0,200,Sell,232548285
2024-08-19 09:29:06,18300.0,10000,Sell,232548295
2024-08-19 09:29:06,18300.0,100,Sell,232548284
2024-08-19 09:29:06,18300.0,100,Sell,232548276
2024-08-19 09:29:06,18300.0,100,Sell,232548279
2024-08-19 09:29:06,18300.0,400,Sell,232548258
2024-08-19 09:29:06,18300.0,200,Sell,232548259
2024-08-19 09:29:06,18300.0,800,Sell,232548260
2024-08-19 09:29:06,18300.0,1100,Sell,232548261
2024-08-19 09:29:06,18300.0,100,Sell,232548262
2024-08-19 09:29:06,18300.0,8000,Sell,232548263
2024-08-19 09:29:06,18300.0,100,Sell,232548264
2024-08-19 09:29:06,18300.0,100,Sell,232548265
2024-08-19 09:29:06,18300.0,3000,Sell,232548266
2024-08-19 09:29:06,18300.0,100,Sell,232548267
2024-08-19 09:29:06,18300.0,200,Sell,232548269
2024-08-19 09:29:06,18300.0,200,Sell,232548270
2024-08-19 09:29:06,18300.0,1000,Sell,232548271
2024-08-19 09:29:06,18300.0,300,Sell,232548272
2024-08-19 09:29:06,18300.0,100,Sell,232548273
2024-08-19 09:29:06,18300.0,100,Sell,232548274
2024-08-19 09:29:06,18300.0,400,Sell,232548275
2024-08-19 09:29:06,18300.0,5600,Sell,232548277
2024-08-19 09:29:06,18300.0,1000,Sell,232548278
2024-08-19 09:29:06,18300.0,800,Sell,232548268
2024-08-19 09:29:06,18300.0,2000,Sell,232548280
2024-08-19 09:29:20,18300.0,1000,Sell,232548762
2024-08-19 09:29:24,18350.0,200,Buy,232548900
2024-08-19 09:29:24,18350.0,600,Buy,232548901
2024-08-19 09:29:33,18350.0,200,Sell,232549237
2024-08-19 09:29:37,18300.0,1100,Sell,232549421
2024-08-19 09:29:50,18300.0,100,Sell,232549898
2024-08-19 09:29:51,18300.0,100,Sell,232549955
2024-08-19 09:29:57,18350.0,300,Buy,232550117
2024-08-19 09:29:57,18350.0,700,Buy,232550118
2024-08-19 09:30:01,18350.0,900,Buy,232550277
2024-08-19 09:30:01,18350.0,100,Buy,232550278
2024-08-19 09:30:15,18350.0,500,Buy,232550746
2024-08-19 09:30:18,18350.0,100,Buy,232550844
2024-08-19 09:30:49,18300.0,100,Sell,232551941
2024-08-19 09:31:05,18350.0,100,Buy,232552635
2024-08-19 09:31:05,18350.0,200,Buy,232552634
2024-08-19 09:31:25,18350.0,300,Buy,232553305
2024-08-19 09:31:28,18350.0,100,Buy,232553380
2024-08-19 09:31:31,18300.0,100,Sell,232553478
2024-08-19 09:31:37,18300.0,2800,Sell,232553618
2024-08-19 09:31:42,18300.0,200,Sell,232553767
2024-08-19 09:31:53,18300.0,6000,Sell,232554095
2024-08-19 09:31:57,18350.0,500,Buy,232554223
2024-08-19 09:32:08,18300.0,200,Sell,232554564
2024-08-19 09:32:11,18350.0,100,Buy,232554625
2024-08-19 09:32:18,18350.0,1200,Buy,232554854
2024-08-19 09:32:19,18350.0,100,Buy,232554900
2024-08-19 09:32:23,18350.0,100,Buy,232555074
2024-08-19 09:32:38,18350.0,3000,Buy,232555463
2024-08-19 09:32:39,18350.0,400,Buy,232555529
2024-08-19 09:32:39,18350.0,3600,Buy,232555527
2024-08-19 09:32:39,18350.0,1000,Buy,232555528
2024-08-19 09:32:52,18300.0,1700,Sell,232556015
2024-08-19 09:32:59,18300.0,200,Sell,232556195
2024-08-19 09:33:17,18350.0,100,Buy,232556824
2024-08-19 09:33:39,18350.0,200,Buy,232557401
2024-08-19 09:33:48,18350.0,3300,Buy,232557672
2024-08-19 09:33:48,18350.0,3300,Buy,232557690
2024-08-19 09:33:48,18350.0,1000,Buy,232557689
2024-08-19 09:33:48,18350.0,10000,Buy,232557688
2024-08-19 09:33:48,18350.0,1600,Buy,232557687
2024-08-19 09:33:48,18350.0,20000,Buy,232557686
2024-08-19 09:33:48,18350.0,300,Buy,232557685
2024-08-19 09:33:48,18350.0,100,Buy,232557684
2024-08-19 09:33:48,18350.0,500,Buy,232557683
2024-08-19 09:33:48,18350.0,1000,Buy,232557680
2024-08-19 09:33:48,18350.0,500,Buy,232557679
2024-08-19 09:33:48,18350.0,100,Buy,232557678
2024-08-19 09:33:48,18350.0,1500,Buy,232557677
2024-08-19 09:33:48,18350.0,3000,Buy,232557676
2024-08-19 09:33:48,18350.0,500,Buy,232557675
2024-08-19 09:33:48,18350.0,200,Buy,232557674
2024-08-19 09:33:48,18350.0,500,Buy,232557673
2024-08-19 09:33:48,18350.0,1600,Buy,232557681
2024-08-19 09:33:48,18350.0,1000,Buy,232557682
2024-08-19 09:33:52,18350.0,400,Buy,232557832
2024-08-19 09:33:59,18300.0,200,Sell,232558051
2024-08-19 09:34:02,18350.0,100,Buy,232558130
2024-08-19 09:34:02,18350.0,1300,Buy,232558129
2024-08-19 09:34:03,18350.0,400,Buy,232558194
2024-08-19 09:34:20,18350.0,1000,Buy,232558629
2024-08-19 09:34:20,18350.0,200,Buy,232558630
2024-08-19 09:34:20,18350.0,1300,Buy,232558628
2024-08-19 09:34:23,18400.0,100,Buy,232558710
2024-08-19 09:34:23,18350.0,500,Sell,232558723
2024-08-19 09:34:50,18350.0,1600,Sell,232559603
2024-08-19 09:34:52,18350.0,500,Sell,232559649
2024-08-19 09:34:54,18350.0,2000,Sell,232559714
2024-08-19 09:34:57,18300.0,1400,Sell,232559833
2024-08-19 09:34:57,18350.0,100,Sell,232559831
2024-08-19 09:34:57,18350.0,300,Sell,232559832
2024-08-19 09:34:57,18350.0,100,Sell,232559829
2024-08-19 09:34:57,18350.0,4900,Sell,232559828
2024-08-19 09:34:57,18350.0,200,Sell,232559830
2024-08-19 09:35:00,18300.0,2500,Sell,232559897
2024-08-19 09:35:18,18300.0,1000,Sell,232560251
2024-08-19 09:35:29,18350.0,100,Buy,232560618
2024-08-19 09:35:37,18300.0,500,Sell,232560847
2024-08-19 09:35:58,18300.0,1000,Sell,232561540
2024-08-19 09:36:10,18300.0,500,Sell,232562126
2024-08-19 09:36:21,18300.0,1700,Sell,232562543
2024-08-19 09:36:21,18300.0,400,Sell,232562542
2024-08-19 09:36:21,18300.0,100,Sell,232562541
2024-08-19 09:36:21,18300.0,300,Sell,232562540
2024-08-19 09:36:21,18300.0,200,Sell,232562536
2024-08-19 09:36:21,18300.0,200,Sell,232562538
2024-08-19 09:36:21,18300.0,1500,Sell,232562539
2024-08-19 09:36:21,18300.0,100,Sell,232562534
2024-08-19 09:36:21,18300.0,200,Sell,232562535
2024-08-19 09:36:21,18300.0,300,Sell,232562537
2024-08-19 09:36:35,18350.0,100,Buy,232563084
2024-08-19 09:36:51,18350.0,500,Buy,232563629
2024-08-19 09:36:58,18300.0,300,Sell,232563867
2024-08-19 09:36:58,18300.0,500,Sell,232563868
2024-08-19 09:36:58,18300.0,400,Sell,232563869
2024-08-19 09:36:58,18300.0,700,Sell,232563870
2024-08-19 09:36:58,18300.0,200,Sell,232563871
2024-08-19 09:36:58,18300.0,100,Sell,232563872
2024-08-19 09:36:58,18300.0,300,Sell,232563873
2024-08-19 09:37:05,18350.0,500,Buy,232564140
2024-08-19 09:37:08,18350.0,600,Buy,232564275
2024-08-19 09:37:17,18350.0,100,Buy,232564642
2024-08-19 09:37:24,18350.0,1100,Buy,232565039
2024-08-19 09:37:40,18350.0,8700,Buy,232565719
2024-08-19 09:37:40,18350.0,500,Buy,232565720
2024-08-19 09:37:40,18350.0,100,Buy,232565721
2024-08-19 09:37:40,18350.0,2700,Buy,232565722
2024-08-19 09:37:42,18350.0,100,Buy,232565770
2024-08-19 09:37:44,18350.0,200,Buy,232565854
2024-08-19 09:37:47,18350.0,100,Buy,232565947
2024-08-19 09:37:56,18350.0,500,Buy,232566258
2024-08-19 09:37:56,18350.0,500,Buy,232566259
2024-08-19 09:38:23,18350.0,500,Sell,232567363
2024-08-19 09:38:43,18350.0,500,Sell,232568162
2024-08-19 09:38:43,18350.0,2000,Sell,232568163
2024-08-19 09:38:43,18350.0,1200,Sell,232568164
2024-08-19 09:38:43,18350.0,300,Sell,232568165
2024-08-19 09:38:43,18350.0,1000,Sell,232568166
2024-08-19 09:38:49,18400.0,100,Buy,232568338
2024-08-19 09:39:25,18400.0,100,Buy,232569887
2024-08-19 09:39:40,18400.0,1000,Buy,232570467
2024-08-19 09:39:46,18400.0,100,Buy,232570759
2024-08-19 09:39:46,18400.0,400,Buy,232570758
2024-08-19 09:40:07,18400.0,900,Buy,232571582
2024-08-19 09:40:07,18400.0,300,Buy,232571583
2024-08-19 09:40:07,18400.0,400,Buy,232571584
2024-08-19 09:40:11,18400.0,100,Buy,232571712
2024-08-19 09:40:15,18400.0,200,Buy,232571893
2024-08-19 09:40:29,18400.0,1300,Buy,232572567
2024-08-19 09:40:29,18400.0,100,Buy,232572566
2024-08-19 09:40:29,18400.0,200,Buy,232572565
2024-08-19 09:40:29,18400.0,100,Buy,232572563
2024-08-19 09:40:29,18400.0,1000,Buy,232572564
2024-08-19 09:40:29,18400.0,300,Buy,232572562
2024-08-19 09:40:35,18400.0,1100,Buy,232572851
2024-08-19 09:40:35,18400.0,1000,Buy,232572850
2024-08-19 09:40:35,18400.0,300,Buy,232572847
2024-08-19 09:40:35,18400.0,500,Buy,232572848
2024-08-19 09:40:35,18400.0,100,Buy,232572849
2024-08-19 09:40:36,18400.0,1000,Buy,232572889
2024-08-19 09:40:51,18400.0,2000,Buy,232573588
2024-08-19 09:40:58,18350.0,800,Sell,232574087
2024-08-19 09:40:58,18350.0,200,Sell,232574086
2024-08-19 09:40:58,18350.0,1000,Sell,232574084
2024-08-19 09:40:58,18350.0,400,Sell,232574085
2024-08-19 09:40:58,18350.0,5000,Sell,232574082
2024-08-19 09:40:58,18350.0,500,Sell,232574081
2024-08-19 09:40:58,18350.0,100,Sell,232574080
2024-08-19 09:40:58,18350.0,1000,Sell,232574079
2024-08-19 09:40:58,18350.0,10000,Sell,232574083
2024-08-19 09:41:03,18400.0,100,Buy,232574332
2024-08-19 09:41:11,18400.0,900,Buy,232574639
2024-08-19 09:41:11,18400.0,100,Buy,232574638
2024-08-19 09:41:11,18400.0,2800,Buy,232574637
2024-08-19 09:41:11,18400.0,1000,Buy,232574636
2024-08-19 09:41:11,18400.0,100,Buy,232574635
2024-08-19 09:41:11,18400.0,2000,Buy,232574634
2024-08-19 09:41:11,18400.0,100,Buy,232574633
2024-08-19 09:41:11,18400.0,5000,Buy,232574631
2024-08-19 09:41:11,18400.0,800,Buy,232574627
2024-08-19 09:41:11,18400.0,3000,Buy,232574628
2024-08-19 09:41:11,18400.0,100,Buy,232574632
2024-08-19 09:41:11,18400.0,100,Buy,232574630
2024-08-19 09:41:11,18400.0,4000,Buy,232574629
2024-08-19 09:41:19,18400.0,2800,Buy,232574911
2024-08-19 09:41:19,18400.0,1000,Buy,232574928
2024-08-19 09:41:20,18400.0,200,Buy,232574957
2024-08-19 09:41:34,18400.0,1100,Buy,232575410
2024-08-19 09:41:39,18350.0,1000,Sell,232575527
2024-08-19 09:41:41,18400.0,1600,Buy,232575606
2024-08-19 09:41:41,18400.0,500,Buy,232575607
2024-08-19 09:41:41,18400.0,400,Buy,232575608
2024-08-19 09:41:41,18400.0,500,Buy,232575609
2024-08-19 09:41:41,18400.0,300,Buy,232575610
2024-08-19 09:41:41,18400.0,2000,Buy,232575613
2024-08-19 09:41:41,18400.0,10000,Buy,232575612
2024-08-19 09:41:41,18400.0,100,Buy,232575614
2024-08-19 09:41:41,18400.0,2000,Buy,232575605
2024-08-19 09:41:41,18400.0,7100,Buy,232575617
2024-08-19 09:41:41,18400.0,100,Buy,232575611
2024-08-19 09:41:41,18400.0,1600,Buy,232575616
2024-08-19 09:41:41,18400.0,300,Buy,232575603
2024-08-19 09:41:41,18400.0,600,Buy,232575602
2024-08-19 09:41:41,18400.0,300,Buy,232575592
2024-08-19 09:41:41,18400.0,5000,Buy,232575593
2024-08-19 09:41:41,18400.0,500,Buy,232575594
2024-08-19 09:41:41,18400.0,1000,Buy,232575595
2024-08-19 09:41:41,18400.0,10000,Buy,232575596
2024-08-19 09:41:41,18400.0,4000,Buy,232575591
2024-08-19 09:41:41,18400.0,1000,Buy,232575598
2024-08-19 09:41:41,18400.0,100,Buy,232575597
2024-08-19 09:41:41,18400.0,500,Buy,232575601
2024-08-19 09:41:41,18400.0,300,Buy,232575604
2024-08-19 09:41:41,18400.0,100,Buy,232575599
2024-08-19 09:41:41,18400.0,100,Buy,232575600
2024-08-19 09:41:47,18400.0,300,Buy,232575840
2024-08-19 09:41:57,18400.0,2600,Buy,232576214
2024-08-19 09:41:57,18400.0,100,Buy,232576215
2024-08-19 09:41:57,18400.0,2300,Buy,232576216
2024-08-19 09:42:02,18400.0,100,Buy,232576340
2024-08-19 09:42:06,18400.0,2600,Buy,232576443
2024-08-19 09:42:06,18400.0,200,Buy,232576444
2024-08-19 09:42:10,18400.0,1800,Buy,232576531
2024-08-19 09:42:24,18400.0,200,Sell,232576975
2024-08-19 09:42:32,18400.0,500,Sell,232577265
2024-08-19 09:42:42,18400.0,200,Sell,232577583
2024-08-19 09:42:45,18400.0,100,Sell,232577714
2024-08-19 09:42:58,18400.0,1000,Sell,232578116
2024-08-19 09:43:01,18400.0,200,Sell,232578221
2024-08-19 09:43:01,18400.0,100,Sell,232578222
2024-08-19 09:43:01,18400.0,200,Sell,232578223
2024-08-19 09:43:02,18400.0,200,Sell,232578246
2024-08-19 09:43:07,18400.0,800,Sell,232578545
2024-08-19 09:43:07,18400.0,100,Sell,232578546
2024-08-19 09:43:07,18400.0,100,Sell,232578547
2024-08-19 09:43:07,18400.0,2600,Sell,232578548
2024-08-19 09:43:14,18400.0,1000,Sell,232578840
2024-08-19 09:43:18,18450.0,100,Buy,232579068
2024-08-19 09:43:18,18400.0,100,Sell,232579067
2024-08-19 09:43:18,18400.0,200,Sell,232579066
2024-08-19 09:43:18,18400.0,1400,Sell,232579064
2024-08-19 09:43:18,18400.0,300,Sell,232579065
2024-08-19 09:43:20,18400.0,300,Sell,232579160
2024-08-19 09:43:33,18450.0,1000,Buy,232579696
2024-08-19 09:43:53,18450.0,1000,Buy,232580475
2024-08-19 09:44:11,18400.0,100,Sell,232581152
2024-08-19 09:44:11,18400.0,900,Sell,232581153
2024-08-19 09:44:24,18450.0,100,Buy,232581490
2024-08-19 09:44:36,18450.0,100,Buy,232581858
2024-08-19 09:44:38,18450.0,1000,Buy,232581914
2024-08-19 09:44:49,18450.0,300,Buy,232582293
2024-08-19 09:44:49,18450.0,4700,Buy,232582292
2024-08-19 09:44:54,18400.0,1700,Sell,232582525
2024-08-19 09:44:54,18400.0,100,Sell,232582523
2024-08-19 09:44:54,18400.0,3000,Sell,232582524
2024-08-19 09:45:26,18400.0,200,Sell,232583552
2024-08-19 09:45:27,18400.0,1000,Sell,232583572
2024-08-19 09:45:31,18450.0,100,Buy,232583740
2024-08-19 09:45:46,18450.0,100,Buy,232584149
2024-08-19 09:45:58,18450.0,500,Buy,232584539
2024-08-19 09:45:58,18450.0,500,Buy,232584540
2024-08-19 09:45:59,18450.0,500,Buy,232584571
2024-08-19 09:46:33,18400.0,400,Sell,232585638
2024-08-19 09:46:35,18450.0,500,Buy,232585769
2024-08-19 09:46:35,18450.0,100,Buy,232585768
2024-08-19 09:46:35,18450.0,5500,Buy,232585770
2024-08-19 09:46:35,18450.0,1100,Buy,232585766
2024-08-19 09:46:35,18450.0,1000,Buy,232585765
2024-08-19 09:46:35,18450.0,800,Buy,232585764
2024-08-19 09:46:35,18450.0,1000,Buy,232585767
2024-08-19 09:46:38,18450.0,100,Buy,232585882
2024-08-19 09:46:44,18400.0,500,Sell,232586161
2024-08-19 09:46:52,18400.0,1200,Sell,232586671
2024-08-19 09:46:52,18400.0,800,Sell,232586672
2024-08-19 09:47:02,18450.0,100,Buy,232586960
2024-08-19 09:47:05,18400.0,200,Sell,232587066
2024-08-19 09:47:09,18400.0,200,Sell,232587189
2024-08-19 09:47:13,18450.0,1000,Buy,232587356
2024-08-19 09:47:13,18450.0,5400,Buy,232587359
2024-08-19 09:47:13,18450.0,600,Buy,232587358
2024-08-19 09:47:13,18450.0,100,Buy,232587357
2024-08-19 09:47:13,18450.0,100,Buy,232587355
2024-08-19 09:47:13,18450.0,2000,Buy,232587353
2024-08-19 09:47:13,18450.0,2300,Buy,232587351
2024-08-19 09:47:13,18450.0,500,Buy,232587354
2024-08-19 09:47:13,18450.0,8000,Buy,232587352
2024-08-19 09:47:20,18400.0,800,Sell,232587654
2024-08-19 09:47:20,18400.0,1500,Sell,232587655
2024-08-19 09:47:20,18400.0,100,Sell,232587656
2024-08-19 09:47:20,18400.0,1600,Sell,232587657
2024-08-19 09:47:30,18400.0,100,Sell,232588089
2024-08-19 09:47:41,18400.0,200,Sell,232588504
2024-08-19 09:47:45,18450.0,100,Buy,232588673
2024-08-19 09:47:54,18400.0,3100,Sell,232589042
2024-08-19 09:47:57,18450.0,3700,Buy,232589116
2024-08-19 09:48:05,18400.0,200,Sell,232589369
2024-08-19 09:48:20,18450.0,1000,Buy,232589814
2024-08-19 09:48:36,18450.0,100,Buy,232590461
2024-08-19 09:48:52,18400.0,1700,Sell,232591068
2024-08-19 09:48:52,18450.0,100,Buy,232591079
2024-08-19 09:48:58,18450.0,100,Buy,232591319
2024-08-19 09:49:02,18400.0,3000,Sell,232591403
2024-08-19 09:49:03,18450.0,100,Buy,232591457
2024-08-19 09:49:05,18450.0,100,Buy,232591506
2024-08-19 09:49:28,18400.0,2000,Sell,232592393
2024-08-19 09:50:01,18400.0,2400,Sell,232593565
2024-08-19 09:50:01,18450.0,200,Buy,232593564
2024-08-19 09:50:09,18450.0,1000,Buy,232593793
2024-08-19 09:50:14,18450.0,10000,Buy,232593980
2024-08-19 09:50:15,18450.0,100,Buy,232594030
2024-08-19 09:50:21,18450.0,200,Buy,232594275
2024-08-19 09:50:21,18450.0,800,Buy,232594276
2024-08-19 09:50:22,18400.0,700,Sell,232594308
2024-08-19 09:50:22,18400.0,500,Sell,232594309
2024-08-19 09:50:30,18400.0,500,Sell,232594500
2024-08-19 09:50:30,18400.0,200,Sell,232594501
2024-08-19 09:50:30,18400.0,1300,Sell,232594502
2024-08-19 09:50:48,18450.0,1500,Buy,232595103
2024-08-19 09:50:51,18400.0,1000,Sell,232595186
2024-08-19 09:50:52,18400.0,2000,Sell,232595193
2024-08-19 09:50:53,18400.0,500,Sell,232595301
2024-08-19 09:50:59,18450.0,1000,Buy,232595472
2024-08-19 09:51:06,18450.0,100,Buy,232595725
2024-08-19 09:51:10,18450.0,500,Buy,232595872
2024-08-19 09:51:35,18450.0,500,Buy,232596896
2024-08-19 09:52:21,18450.0,5500,Buy,232598499
2024-08-19 09:52:22,18450.0,3000,Buy,232598536
2024-08-19 09:52:25,18450.0,100,Buy,232598648
2024-08-19 09:52:29,18450.0,600,Buy,232598777
2024-08-19 09:52:30,18450.0,100,Buy,232598807
2024-08-19 09:52:38,18400.0,200,Sell,232599139
2024-08-19 09:52:38,18400.0,4600,Sell,232599140
2024-08-19 09:52:41,18450.0,100,Buy,232599288
2024-08-19 09:53:20,18450.0,100,Buy,232600546
2024-08-19 09:53:36,18400.0,400,Sell,232601078
2024-08-19 09:53:36,18400.0,600,Sell,232601079
2024-08-19 09:53:53,18400.0,100,Sell,232601673
2024-08-19 09:53:59,18450.0,200,Buy,232601812
2024-08-19 09:54:17,18450.0,100,Buy,232602489
2024-08-19 09:54:27,18450.0,100,Buy,232602814
2024-08-19 09:54:34,18450.0,500,Buy,232603058
2024-08-19 09:54:36,18450.0,800,Buy,232603107
2024-08-19 09:54:41,18450.0,200,Buy,232603275
2024-08-19 09:54:49,18450.0,1400,Buy,232603531
2024-08-19 09:55:06,18400.0,2200,Sell,232603951
2024-08-19 09:55:06,18400.0,800,Sell,232603949
2024-08-19 09:55:06,18400.0,5000,Sell,232603950
2024-08-19 09:55:18,18450.0,2000,Buy,232604370
2024-08-19 09:55:34,18450.0,2000,Buy,232604885
2024-08-19 09:55:34,18450.0,100,Buy,232604895
2024-08-19 09:55:41,18450.0,700,Buy,232605186
2024-08-19 09:55:41,18450.0,300,Buy,232605187
2024-08-19 09:55:45,18450.0,300,Buy,232605308
2024-08-19 09:55:46,18400.0,2300,Sell,232605347
2024-08-19 09:55:46,18400.0,100,Sell,232605344
2024-08-19 09:55:46,18400.0,1000,Sell,232605346
2024-08-19 09:55:46,18400.0,2200,Sell,232605345
2024-08-19 09:55:46,18400.0,300,Sell,232605343
2024-08-19 09:55:46,18400.0,200,Sell,232605337
2024-08-19 09:55:46,18400.0,500,Sell,232605341
2024-08-19 09:55:46,18400.0,2000,Sell,232605342
2024-08-19 09:55:46,18400.0,5000,Sell,232605338
2024-08-19 09:55:46,18400.0,17800,Sell,232605336
2024-08-19 09:55:46,18400.0,200,Sell,232605340
2024-08-19 09:55:46,18400.0,1000,Sell,232605339
2024-08-19 09:55:48,18450.0,4000,Buy,232605389
2024-08-19 09:55:53,18400.0,1400,Sell,232605542
2024-08-19 09:55:56,18450.0,500,Buy,232605611
2024-08-19 09:56:04,18400.0,200,Sell,232605847
2024-08-19 09:56:07,18400.0,100,Sell,232605931
2024-08-19 09:56:11,18400.0,1000,Sell,232606029
2024-08-19 09:56:17,18400.0,200,Sell,232606259
2024-08-19 09:56:37,18400.0,800,Sell,232606899
2024-08-19 09:56:37,18400.0,100,Sell,232606900
2024-08-19 09:56:37,18400.0,200,Sell,232606901
2024-08-19 09:56:37,18400.0,3900,Sell,232606902
2024-08-19 09:56:41,18400.0,200,Sell,232607022
2024-08-19 09:56:41,18400.0,2000,Sell,232607023
2024-08-19 09:56:41,18450.0,100,Buy,232607016
2024-08-19 09:56:41,18400.0,500,Sell,232607020
2024-08-19 09:56:41,18400.0,200,Sell,232607019
2024-08-19 09:56:41,18400.0,100,Sell,232607021
2024-08-19 09:56:54,18400.0,2000,Sell,232607450
2024-08-19 09:56:58,18400.0,1000,Sell,232607615
2024-08-19 09:57:06,18400.0,100,Sell,232607838
2024-08-19 09:57:07,18400.0,20000,Sell,232607921
2024-08-19 09:57:07,18400.0,2000,Sell,232607922
2024-08-19 09:57:07,18400.0,1000,Sell,232607923
2024-08-19 09:57:07,18400.0,200,Sell,232607924
2024-08-19 09:57:07,18400.0,200,Sell,232607930
2024-08-19 09:57:07,18400.0,10000,Sell,232607926
2024-08-19 09:57:07,18400.0,100,Sell,232607927
2024-08-19 09:57:07,18400.0,200,Sell,232607929
2024-08-19 09:57:07,18400.0,900,Sell,232607920
2024-08-19 09:57:07,18400.0,400,Sell,232607925
2024-08-19 09:57:07,18400.0,1000,Sell,232607919
2024-08-19 09:57:07,18400.0,100,Sell,232607928
2024-08-19 09:57:07,18400.0,700,Sell,232607917
2024-08-19 09:57:07,18400.0,5900,Sell,232607906
2024-08-19 09:57:07,18400.0,300,Sell,232607907
2024-08-19 09:57:07,18400.0,100,Sell,232607908
2024-08-19 09:57:07,18400.0,500,Sell,232607909
2024-08-19 09:57:07,18400.0,300,Sell,232607910
2024-08-19 09:57:07,18400.0,500,Sell,232607918
2024-08-19 09:57:07,18400.0,500,Sell,232607912
2024-08-19 09:57:07,18400.0,700,Sell,232607913
2024-08-19 09:57:07,18400.0,400,Sell,232607914
2024-08-19 09:57:07,18400.0,100,Sell,232607915
2024-08-19 09:57:07,18400.0,1000,Sell,232607916
2024-08-19 09:57:07,18400.0,100,Sell,232607911
2024-08-19 09:57:17,18400.0,30000,Buy,232608313
2024-08-19 09:57:20,18400.0,100,Buy,232608381
2024-08-19 09:57:20,18400.0,500,Buy,232608382
2024-08-19 09:57:20,18400.0,400,Buy,232608378
2024-08-19 09:57:20,18400.0,500,Buy,232608380
2024-08-19 09:57:20,18400.0,600,Buy,232608379
2024-08-19 09:57:24,18400.0,17900,Sell,232608565
2024-08-19 09:57:28,18400.0,100,Buy,232608682
2024-08-19 09:57:36,18400.0,2000,Buy,232608848
2024-08-19 09:57:36,18400.0,18000,Buy,232608849
2024-08-19 09:57:38,18400.0,4000,Buy,232608900
2024-08-19 09:57:38,18400.0,1100,Buy,232608901
2024-08-19 09:57:38,18400.0,2000,Sell,232608902
2024-08-19 09:57:41,18400.0,100,Sell,232608944
2024-08-19 09:57:42,18400.0,2200,Sell,232608982
2024-08-19 09:57:42,18400.0,2800,Sell,232608981
2024-08-19 09:57:44,18400.0,200,Sell,232608999
2024-08-19 09:57:46,18400.0,800,Sell,232609056
2024-08-19 09:57:48,18450.0,100,Buy,232609129
2024-08-19 09:57:48,18400.0,1800,Sell,232609134
2024-08-19 09:57:48,18400.0,200,Sell,232609135
2024-08-19 09:57:53,18400.0,100,Sell,232609344
2024-08-19 09:57:57,18400.0,1400,Sell,232609468
2024-08-19 09:58:03,18400.0,8300,Sell,232609585
2024-08-19 09:58:03,18400.0,20000,Sell,232609586
2024-08-19 09:58:15,18400.0,1000,Buy,232609944
2024-08-19 09:58:17,18400.0,700,Buy,232610018
2024-08-19 09:58:17,18400.0,800,Buy,232610019
2024-08-19 09:58:21,18400.0,1000,Buy,232610165
2024-08-19 09:58:55,18400.0,100,Buy,232611154
2024-08-19 09:59:17,18400.0,100,Buy,232611708
2024-08-19 09:59:25,18400.0,100,Buy,232611983
2024-08-19 09:59:55,18350.0,100,Sell,232613030
2024-08-19 09:59:55,18350.0,200,Sell,232613031
2024-08-19 09:59:55,18350.0,200,Sell,232613032
2024-08-19 09:59:55,18350.0,100,Sell,232613033
2024-08-19 09:59:55,18350.0,800,Sell,232613034
2024-08-19 09:59:55,18350.0,1000,Sell,232613035
2024-08-19 09:59:55,18350.0,10000,Sell,232613036
2024-08-19 09:59:55,18350.0,22000,Sell,232613037
2024-08-19 09:59:55,18350.0,500,Sell,232613038
2024-08-19 09:59:55,18350.0,100,Sell,232613039
2024-08-19 09:59:55,18350.0,200,Sell,232613029
2024-08-19 09:59:55,18350.0,16900,Sell,232613040
2024-08-19 10:00:04,18400.0,700,Buy,232613291
2024-08-19 10:00:22,18400.0,100,Buy,232613870
2024-08-19 10:00:46,18350.0,1000,Sell,232614643
2024-08-19 10:00:50,18350.0,1000,Sell,232614713
2024-08-19 10:01:05,18400.0,400,Buy,232615106
2024-08-19 10:01:07,18350.0,1000,Sell,232615168
2024-08-19 10:01:07,18350.0,7200,Sell,232615170
2024-08-19 10:01:07,18350.0,11100,Sell,232615167
2024-08-19 10:01:07,18350.0,700,Sell,232615169
2024-08-19 10:01:09,18400.0,100,Buy,232615208
2024-08-19 10:01:39,18400.0,200,Buy,232616038
2024-08-19 10:01:47,18400.0,500,Buy,232616184
2024-08-19 10:02:16,18400.0,100,Buy,232616727
2024-08-19 10:02:33,18350.0,17400,Sell,232617231
2024-08-19 10:02:33,18350.0,5000,Sell,232617230
2024-08-19 10:02:33,18350.0,1000,Sell,232617229
2024-08-19 10:02:33,18350.0,1000,Sell,232617227
2024-08-19 10:02:33,18350.0,600,Sell,232617226
2024-08-19 10:02:33,18350.0,1000,Sell,232617228
2024-08-19 10:02:33,18350.0,500,Sell,232617224
2024-08-19 10:02:33,18350.0,200,Sell,232617223
2024-08-19 10:02:33,18350.0,100,Sell,232617222
2024-08-19 10:02:33,18350.0,200,Sell,232617221
2024-08-19 10:02:33,18350.0,2800,Sell,232617220
2024-08-19 10:02:33,18350.0,200,Sell,232617225
2024-08-19 10:02:40,18350.0,10000,Sell,232617478
2024-08-19 10:02:43,18350.0,10000,Sell,232617569
2024-08-19 10:02:52,18350.0,200,Sell,232617800
2024-08-19 10:02:58,18350.0,1000,Sell,232617911
2024-08-19 10:02:59,18350.0,5000,Sell,232617918
2024-08-19 10:03:02,18350.0,500,Sell,232617995
2024-08-19 10:03:02,18350.0,1000,Sell,232617999
2024-08-19 10:03:02,18350.0,100,Sell,232617997
2024-08-19 10:03:02,18350.0,1400,Sell,232617994
2024-08-19 10:03:02,18350.0,20000,Sell,232617998
2024-08-19 10:03:02,18350.0,1000,Sell,232617992
2024-08-19 10:03:02,18350.0,100,Sell,232617993
2024-08-19 10:03:02,18350.0,6400,Sell,232617988
2024-08-19 10:03:02,18350.0,100,Sell,232617989
2024-08-19 10:03:02,18350.0,10000,Sell,232617996
2024-08-19 10:03:02,18350.0,500,Sell,232617991
2024-08-19 10:03:02,18350.0,100,Sell,232617990
2024-08-19 10:03:07,18350.0,1000,Buy,232618081
2024-08-19 10:03:18,18300.0,200,Sell,232618260
2024-08-19 10:03:18,18300.0,300,Sell,232618261
2024-08-19 10:03:18,18300.0,100,Sell,232618262
2024-08-19 10:03:18,18300.0,100,Sell,232618263
2024-08-19 10:03:18,18300.0,100,Sell,232618264
2024-08-19 10:03:23,18350.0,100,Buy,232618353
2024-08-19 10:03:24,18300.0,200,Sell,232618374
2024-08-19 10:03:24,18300.0,300,Sell,232618370
2024-08-19 10:03:24,18300.0,100,Sell,232618371
2024-08-19 10:03:24,18300.0,700,Sell,232618372
2024-08-19 10:03:24,18300.0,800,Sell,232618373
2024-08-19 10:03:24,18300.0,100,Sell,232618375
2024-08-19 10:03:31,18350.0,500,Buy,232618544
2024-08-19 10:03:55,18350.0,5000,Buy,232619005
2024-08-19 10:03:56,18350.0,2000,Buy,232619029
2024-08-19 10:04:27,18350.0,2400,Buy,232619916
2024-08-19 10:04:36,18350.0,100,Buy,232620208
2024-08-19 10:04:45,18350.0,43700,Buy,232620457
2024-08-19 10:04:45,18350.0,100,Buy,232620458
2024-08-19 10:04:45,18350.0,1000,Buy,232620459
2024-08-19 10:04:45,18350.0,100,Buy,232620460
2024-08-19 10:04:45,18350.0,5100,Buy,232620461
2024-08-19 10:04:51,18350.0,4900,Buy,232620601
2024-08-19 10:04:51,18350.0,1000,Buy,232620602
2024-08-19 10:04:51,18350.0,4000,Buy,232620603
2024-08-19 10:04:51,18350.0,100,Buy,232620604
2024-08-19 10:04:53,18350.0,100,Buy,232620648
2024-08-19 10:04:53,18350.0,1900,Buy,232620649
2024-08-19 10:04:56,18350.0,100,Buy,232620710
2024-08-19 10:05:00,18350.0,1000,Buy,232620841
2024-08-19 10:05:01,18350.0,2400,Buy,232620873
2024-08-19 10:05:01,18350.0,100,Buy,232620872
2024-08-19 10:05:01,18350.0,2000,Buy,232620851
2024-08-19 10:05:01,18350.0,200,Buy,232620870
2024-08-19 10:05:01,18350.0,2000,Buy,232620869
2024-08-19 10:05:01,18350.0,300,Buy,232620871
2024-08-19 10:05:04,18350.0,300,Buy,232620894
2024-08-19 10:05:06,18350.0,700,Buy,232620932
2024-08-19 10:05:11,18350.0,300,Buy,232621063
2024-08-19 10:05:15,18350.0,1300,Buy,232621123
2024-08-19 10:05:15,18350.0,1600,Buy,232621124
2024-08-19 10:05:29,18350.0,400,Sell,232621435
2024-08-19 10:05:37,18400.0,100,Buy,232621543
2024-08-19 10:05:48,18350.0,100,Sell,232621893
2024-08-19 10:05:55,18350.0,1400,Sell,232622037
2024-08-19 10:05:55,18350.0,1600,Sell,232622036
2024-08-19 10:06:07,18350.0,300,Sell,232622235
2024-08-19 10:06:23,18400.0,100,Buy,232622580
2024-08-19 10:06:26,18350.0,1000,Sell,232622634
2024-08-19 10:06:32,18350.0,1000,Sell,232622746
2024-08-19 10:06:44,18350.0,200,Sell,232623006
2024-08-19 10:06:44,18400.0,100,Buy,232623013
2024-08-19 10:07:08,18350.0,200,Sell,232623490
2024-08-19 10:07:24,18350.0,5900,Sell,232623888
2024-08-19 10:07:24,18350.0,100,Sell,232623889
2024-08-19 10:07:24,18350.0,500,Sell,232623890
2024-08-19 10:07:24,18350.0,1800,Sell,232623891
2024-08-19 10:07:24,18350.0,100,Sell,232623892
2024-08-19 10:07:24,18350.0,5000,Sell,232623893
2024-08-19 10:07:24,18350.0,11600,Sell,232623894
2024-08-19 10:07:26,18350.0,300,Sell,232623915
2024-08-19 10:07:34,18350.0,200,Sell,232624058
2024-08-19 10:07:35,18350.0,100,Sell,232624074
2024-08-19 10:07:40,18350.0,100,Sell,232624224
2024-08-19 10:07:43,18350.0,1500,Sell,232624292
2024-08-19 10:07:49,18350.0,100,Sell,232624403
2024-08-19 10:07:51,18400.0,100,Buy,232624427
2024-08-19 10:08:08,18400.0,100,Buy,232624850
2024-08-19 10:08:23,18400.0,200,Buy,232625117
2024-08-19 10:08:58,18400.0,100,Buy,232625867
2024-08-19 10:09:36,18350.0,100,Sell,232626594
2024-08-19 10:09:53,18400.0,100,Buy,232626871
2024-08-19 10:09:58,18350.0,6000,Sell,232626940
2024-08-19 10:09:58,18350.0,1000,Sell,232626941
2024-08-19 10:09:58,18350.0,100,Sell,232626942
2024-08-19 10:09:58,18350.0,500,Sell,232626943
2024-08-19 10:09:58,18350.0,1100,Sell,232626944
2024-08-19 10:09:58,18350.0,4000,Sell,232626945
2024-08-19 10:10:07,18350.0,1000,Sell,232627071
2024-08-19 10:10:20,18350.0,1000,Sell,232627302
2024-08-19 10:10:22,18350.0,10000,Sell,232627361
2024-08-19 10:10:25,18400.0,500,Buy,232627416
2024-08-19 10:10:35,18350.0,1000,Sell,232627581
2024-08-19 10:10:51,18350.0,200,Sell,232627932
2024-08-19 10:10:52,18400.0,500,Buy,232627951
2024-08-19 10:11:02,18400.0,200,Buy,232628137
2024-08-19 10:11:04,18350.0,1600,Sell,232628159
2024-08-19 10:11:04,18350.0,100,Sell,232628164
2024-08-19 10:11:04,18350.0,700,Sell,232628163
2024-08-19 10:11:04,18350.0,100,Sell,232628162
2024-08-19 10:11:04,18350.0,5000,Sell,232628161
2024-08-19 10:11:04,18350.0,200,Sell,232628160
2024-08-19 10:11:04,18350.0,4600,Sell,232628158
2024-08-19 10:11:04,18350.0,300,Sell,232628154
2024-08-19 10:11:04,18350.0,4800,Sell,232628156
2024-08-19 10:11:04,18350.0,100,Sell,232628150
2024-08-19 10:11:04,18350.0,100,Sell,232628151
2024-08-19 10:11:04,18350.0,200,Sell,232628152
2024-08-19 10:11:04,18350.0,100,Sell,232628157
2024-08-19 10:11:04,18350.0,2800,Sell,232628149
2024-08-19 10:11:04,18350.0,500,Sell,232628155
2024-08-19 10:11:04,18350.0,1600,Sell,232628153
2024-08-19 10:11:07,18350.0,100,Buy,232628221
2024-08-19 10:11:22,18350.0,1100,Buy,232628475
2024-08-19 10:11:23,18350.0,200,Buy,232628513
2024-08-19 10:11:24,18300.0,100,Sell,232628528
2024-08-19 10:11:24,18300.0,300,Sell,232628529
2024-08-19 10:11:24,18300.0,1500,Sell,232628530
2024-08-19 10:11:24,18300.0,100,Sell,232628531
2024-08-19 10:12:57,18300.0,500,Sell,232630178
2024-08-19 10:13:02,18350.0,600,Buy,232630225
2024-08-19 10:13:04,18300.0,1000,Sell,232630244
2024-08-19 10:13:25,18300.0,200,Sell,232630565
2024-08-19 10:13:32,18300.0,200,Sell,232630701
2024-08-19 10:13:44,18300.0,200,Sell,232630883
2024-08-19 10:14:14,18300.0,5000,Sell,232631320
2024-08-19 10:14:26,18300.0,800,Sell,232631553
2024-08-19 10:14:26,18300.0,1700,Sell,232631552
2024-08-19 10:14:31,18300.0,2700,Sell,232631647
2024-08-19 10:14:31,18300.0,1200,Sell,232631644
2024-08-19 10:14:31,18300.0,200,Sell,232631645
2024-08-19 10:14:31,18300.0,900,Sell,232631646
2024-08-19 10:14:53,18300.0,600,Sell,232632095
2024-08-19 10:15:07,18350.0,1600,Buy,232632406
2024-08-19 10:15:24,18300.0,1700,Sell,232632765
2024-08-19 10:15:25,18300.0,300,Sell,232632766
2024-08-19 10:15:25,18300.0,1200,Sell,232632776
2024-08-19 10:15:25,18300.0,200,Sell,232632768
2024-08-19 10:15:25,18300.0,100,Sell,232632769
2024-08-19 10:15:25,18300.0,500,Sell,232632770
2024-08-19 10:15:25,18300.0,2000,Sell,232632771
2024-08-19 10:15:25,18300.0,200,Sell,232632772
2024-08-19 10:15:25,18300.0,3000,Sell,232632773
2024-08-19 10:15:25,18300.0,300,Sell,232632774
2024-08-19 10:15:25,18300.0,400,Sell,232632775
2024-08-19 10:15:25,18300.0,100,Sell,232632767
2024-08-19 10:15:31,18350.0,100,Buy,232632921
2024-08-19 10:15:57,18250.0,2500,Sell,232633453
2024-08-19 10:15:57,18250.0,300,Sell,232633474
2024-08-19 10:15:57,18250.0,200,Sell,232633475
2024-08-19 10:15:57,18250.0,10000,Sell,232633476
2024-08-19 10:15:57,18250.0,50000,Sell,232633477
2024-08-19 10:15:57,18250.0,1000,Sell,232633478
2024-08-19 10:15:57,18250.0,700,Sell,232633451
2024-08-19 10:15:57,18250.0,1000,Sell,232633479
2024-08-19 10:15:57,18250.0,1000,Sell,232633473
2024-08-19 10:15:57,18250.0,200,Sell,232633480
2024-08-19 10:15:57,18250.0,400,Sell,232633482
2024-08-19 10:15:57,18250.0,300,Sell,232633483
2024-08-19 10:15:57,18250.0,9600,Sell,232633484
2024-08-19 10:15:57,18250.0,100,Sell,232633485
2024-08-19 10:15:57,18250.0,600,Sell,232633486
2024-08-19 10:15:57,18250.0,5000,Sell,232633487
2024-08-19 10:15:57,18250.0,5000,Sell,232633488
2024-08-19 10:15:57,18250.0,100,Sell,232633481
2024-08-19 10:15:57,18250.0,1000,Sell,232633472
2024-08-19 10:15:57,18250.0,100,Sell,232633489
2024-08-19 10:15:57,18250.0,1000,Sell,232633471
2024-08-19 10:15:57,18250.0,100,Sell,232633454
2024-08-19 10:15:57,18250.0,200,Sell,232633455
2024-08-19 10:15:57,18250.0,3000,Sell,232633456
2024-08-19 10:15:57,18250.0,100,Sell,232633457
2024-08-19 10:15:57,18250.0,2000,Sell,232633458
2024-08-19 10:15:57,18250.0,2000,Sell,232633459
2024-08-19 10:15:57,18250.0,100,Sell,232633460
2024-08-19 10:15:57,18250.0,100,Sell,232633461
2024-08-19 10:15:57,18250.0,300,Sell,232633462
2024-08-19 10:15:57,18250.0,800,Sell,232633463
2024-08-19 10:15:57,18250.0,3000,Sell,232633464
2024-08-19 10:15:57,18250.0,100,Sell,232633465
2024-08-19 10:15:57,18250.0,100,Sell,232633466
2024-08-19 10:15:57,18250.0,1000,Sell,232633467
2024-08-19 10:15:57,18250.0,5000,Sell,232633468
2024-08-19 10:15:57,18250.0,2000,Sell,232633469
2024-08-19 10:15:57,18250.0,200,Sell,232633470
2024-08-19 10:15:57,18250.0,13200,Sell,232633452
2024-08-19 10:15:57,18250.0,700,Sell,232633490
2024-08-19 10:15:57,18200.0,50000,Sell,232633510
2024-08-19 10:15:57,18250.0,2000,Sell,232633492
2024-08-19 10:15:57,18200.0,5000,Sell,232633515
2024-08-19 10:15:57,18200.0,5000,Sell,232633516
2024-08-19 10:15:57,18200.0,200,Sell,232633517
2024-08-19 10:15:57,18200.0,100,Sell,232633518
2024-08-19 10:15:57,18200.0,600,Sell,232633519
2024-08-19 10:15:57,18200.0,200,Sell,232633520
2024-08-19 10:15:57,18200.0,200,Sell,232633521
2024-08-19 10:15:57,18200.0,100,Sell,232633522
2024-08-19 10:15:57,18200.0,200,Sell,232633523
2024-08-19 10:15:57,18200.0,3000,Sell,232633524
2024-08-19 10:15:57,18200.0,500,Sell,232633525
2024-08-19 10:15:57,18200.0,100,Sell,232633526
2024-08-19 10:15:57,18200.0,1000,Sell,232633527
2024-08-19 10:15:57,18200.0,1000,Sell,232633528
2024-08-19 10:15:57,18200.0,100,Sell,232633529
2024-08-19 10:15:57,18200.0,66300,Sell,232633530
2024-08-19 10:15:57,18250.0,500,Sell,232633450
2024-08-19 10:15:57,18200.0,900,Sell,232633514
2024-08-19 10:15:57,18250.0,500,Sell,232633491
2024-08-19 10:15:57,18200.0,100,Sell,232633513
2024-08-19 10:15:57,18200.0,500,Sell,232633511
2024-08-19 10:15:57,18200.0,100,Sell,232633493
2024-08-19 10:15:57,18200.0,15000,Sell,232633494
2024-08-19 10:15:57,18200.0,100,Sell,232633495
2024-08-19 10:15:57,18200.0,100,Sell,232633496
2024-08-19 10:15:57,18200.0,25000,Sell,232633497
2024-08-19 10:15:57,18200.0,3600,Sell,232633498
2024-08-19 10:15:57,18200.0,400,Sell,232633499
2024-08-19 10:15:57,18200.0,300,Sell,232633500
2024-08-19 10:15:57,18200.0,800,Sell,232633501
2024-08-19 10:15:57,18200.0,100,Sell,232633502
2024-08-19 10:15:57,18200.0,200,Sell,232633503
2024-08-19 10:15:57,18200.0,100,Sell,232633504
2024-08-19 10:15:57,18200.0,6500,Sell,232633505
2024-08-19 10:15:57,18200.0,5000,Sell,232633506
2024-08-19 10:15:57,18200.0,100,Sell,232633507
2024-08-19 10:15:57,18200.0,100,Sell,232633508
2024-08-19 10:15:57,18200.0,1000,Sell,232633509
2024-08-19 10:15:57,18200.0,400,Sell,232633512
2024-08-19 10:15:57,18250.0,100,Sell,232633449
2024-08-19 10:15:57,18300.0,5000,Sell,232633394
2024-08-19 10:15:57,18250.0,100,Sell,232633447
2024-08-19 10:15:57,18300.0,1000,Sell,232633387
2024-08-19 10:15:57,18300.0,100,Sell,232633388
2024-08-19 10:15:57,18300.0,100,Sell,232633389
2024-08-19 10:15:57,18300.0,4700,Sell,232633390
2024-08-19 10:15:57,18300.0,300,Sell,232633391
2024-08-19 10:15:57,18300.0,300,Sell,232633392
2024-08-19 10:15:57,18300.0,200,Sell,232633395
2024-08-19 10:15:57,18300.0,10000,Sell,232633386
2024-08-19 10:15:57,18300.0,100,Sell,232633396
2024-08-19 10:15:57,18300.0,100,Sell,232633398
2024-08-19 10:15:57,18300.0,100,Sell,232633399
2024-08-19 10:15:57,18300.0,100,Sell,232633400
2024-08-19 10:15:57,18300.0,100,Sell,232633401
2024-08-19 10:15:57,18300.0,500,Sell,232633402
2024-08-19 10:15:57,18300.0,3000,Sell,232633403
2024-08-19 10:15:57,18300.0,3000,Sell,232633404
2024-08-19 10:15:57,18300.0,100,Sell,232633397
2024-08-19 10:15:57,18300.0,100,Sell,232633385
2024-08-19 10:15:57,18300.0,100,Sell,232633384
2024-08-19 10:15:57,18300.0,100,Sell,232633383
2024-08-19 10:15:57,18300.0,18800,Sell,232633366
2024-08-19 10:15:57,18300.0,400,Sell,232633367
2024-08-19 10:15:57,18300.0,10000,Sell,232633368
2024-08-19 10:15:57,18300.0,500,Sell,232633369
2024-08-19 10:15:57,18300.0,100,Sell,232633370
2024-08-19 10:15:57,18300.0,1000,Sell,232633371
2024-08-19 10:15:57,18300.0,200000,Sell,232633372
2024-08-19 10:15:57,18250.0,300,Sell,232633448
2024-08-19 10:15:57,18300.0,200,Sell,232633374
2024-08-19 10:15:57,18300.0,200,Sell,232633375
2024-08-19 10:15:57,18300.0,10000,Sell,232633376
2024-08-19 10:15:57,18300.0,1000,Sell,232633377
2024-08-19 10:15:57,18300.0,500,Sell,232633378
2024-08-19 10:15:57,18300.0,200,Sell,232633379
2024-08-19 10:15:57,18300.0,100,Sell,232633380
2024-08-19 10:15:57,18300.0,6200,Sell,232633381
2024-08-19 10:15:57,18300.0,100,Sell,232633382
2024-08-19 10:15:57,18300.0,100,Sell,232633405
2024-08-19 10:15:57,18300.0,100,Sell,232633406
2024-08-19 10:15:57,18300.0,100,Sell,232633373
2024-08-19 10:15:57,18300.0,3400,Sell,232633408
2024-08-19 10:15:57,18300.0,200,Sell,232633430
2024-08-19 10:15:57,18300.0,1000,Sell,232633431
2024-08-19 10:15:57,18300.0,900,Sell,232633432
2024-08-19 10:15:57,18300.0,1000,Sell,232633433
2024-08-19 10:15:57,18300.0,500,Sell,232633434
2024-08-19 10:15:57,18300.0,100,Sell,232633435
2024-08-19 10:15:57,18300.0,100,Sell,232633436
2024-08-19 10:15:57,18300.0,500,Sell,232633437
2024-08-19 10:15:57,18300.0,20000,Sell,232633429
2024-08-19 10:15:57,18300.0,1000,Sell,232633438
2024-08-19 10:15:57,18300.0,100,Sell,232633440
2024-08-19 10:15:57,18300.0,200,Sell,232633441
2024-08-19 10:15:57,18300.0,500,Sell,232633442
2024-08-19 10:15:57,18300.0,100,Sell,232633443
2024-08-19 10:15:57,18300.0,500,Sell,232633444
2024-08-19 10:15:57,18300.0,100,Sell,232633445
2024-08-19 10:15:57,18250.0,1000,Sell,232633446
2024-08-19 10:15:57,18300.0,800,Sell,232633407
2024-08-19 10:15:57,18300.0,1000,Sell,232633439
2024-08-19 10:15:57,18300.0,500,Sell,232633428
2024-08-19 10:15:57,18300.0,300,Sell,232633393
2024-08-19 10:15:57,18300.0,200,Sell,232633426
2024-08-19 10:15:57,18300.0,2000,Sell,232633410
2024-08-19 10:15:57,18300.0,1500,Sell,232633411
2024-08-19 10:15:57,18300.0,1000,Sell,232633412
2024-08-19 10:15:57,18300.0,1000,Sell,232633409
2024-08-19 10:15:57,18300.0,1000,Sell,232633414
2024-08-19 10:15:57,18300.0,100,Sell,232633415
2024-08-19 10:15:57,18300.0,100,Sell,232633416
2024-08-19 10:15:57,18300.0,2000,Sell,232633417
2024-08-19 10:15:57,18300.0,500,Sell,232633413
2024-08-19 10:15:57,18300.0,200,Sell,232633419
2024-08-19 10:15:57,18300.0,100,Sell,232633427
2024-08-19 10:15:57,18300.0,1000,Sell,232633420
2024-08-19 10:15:57,18300.0,100,Sell,232633421
2024-08-19 10:15:57,18300.0,500,Sell,232633422
2024-08-19 10:15:57,18300.0,500,Sell,232633423
2024-08-19 10:15:57,18300.0,2000,Sell,232633424
2024-08-19 10:15:57,18300.0,100,Sell,232633425
2024-08-19 10:15:57,18300.0,500,Sell,232633418
2024-08-19 10:16:39,18250.0,400,Sell,232634156
2024-08-19 10:16:44,18250.0,100,Sell,232634207
2024-08-19 10:16:44,18250.0,100,Sell,232634208
2024-08-19 10:17:09,18250.0,1000,Sell,232634744
2024-08-19 10:17:09,18250.0,600,Sell,232634743
2024-08-19 10:17:09,18250.0,100,Sell,232634742
2024-08-19 10:17:09,18250.0,500,Sell,232634741
2024-08-19 10:17:09,18250.0,500,Sell,232634740
2024-08-19 10:17:09,18250.0,5000,Sell,232634739
2024-08-19 10:17:09,18250.0,1000,Sell,232634737
2024-08-19 10:17:09,18250.0,1000,Sell,232634738
2024-08-19 10:17:09,18250.0,1600,Sell,232634735
2024-08-19 10:17:09,18250.0,200,Sell,232634734
2024-08-19 10:17:09,18250.0,200,Sell,232634733
2024-08-19 10:17:09,18250.0,1000,Sell,232634732
2024-08-19 10:17:09,18250.0,500,Sell,232634731
2024-08-19 10:17:09,18250.0,1000,Sell,232634730
2024-08-19 10:17:09,18250.0,2000,Sell,232634729
2024-08-19 10:17:09,18250.0,800,Sell,232634728
2024-08-19 10:17:09,18250.0,3000,Sell,232634736
2024-08-19 10:17:24,18250.0,100,Sell,232634958
2024-08-19 10:17:24,18250.0,200,Sell,232634959
2024-08-19 10:17:24,18250.0,500,Sell,232634956
2024-08-19 10:17:24,18250.0,1000,Sell,232634955
2024-08-19 10:17:24,18250.0,200,Sell,232634957
2024-08-19 10:17:44,18250.0,300,Sell,232635252
2024-08-19 10:17:44,18250.0,5000,Sell,232635253
2024-08-19 10:17:44,18250.0,11800,Sell,232635254
2024-08-19 10:17:44,18250.0,2900,Sell,232635255
2024-08-19 10:17:47,18300.0,1000,Buy,232635304
2024-08-19 10:17:49,18300.0,300,Buy,232635365
2024-08-19 10:17:49,18300.0,300,Buy,232635366
2024-08-19 10:17:55,18250.0,1000,Sell,232635489
2024-08-19 10:18:03,18300.0,100,Buy,232635748
2024-08-19 10:18:15,18250.0,3000,Sell,232636139
2024-08-19 10:18:16,18250.0,100,Sell,232636149
2024-08-19 10:18:40,18250.0,100,Sell,232636649
2024-08-19 10:18:46,18300.0,100,Buy,232636779
2024-08-19 10:19:03,18300.0,200,Buy,232637151
2024-08-19 10:19:05,18300.0,500,Buy,232637191
2024-08-19 10:19:25,18250.0,500,Sell,232637729
2024-08-19 10:19:41,18250.0,400,Sell,232637992
2024-08-19 10:19:54,18250.0,2000,Sell,232638299
2024-08-19 10:19:57,18250.0,500,Sell,232638370
2024-08-19 10:19:57,18250.0,1000,Sell,232638369
2024-08-19 10:19:57,18250.0,100,Sell,232638368
2024-08-19 10:19:57,18250.0,1000,Sell,232638367
2024-08-19 10:19:57,18250.0,300,Sell,232638366
2024-08-19 10:19:57,18250.0,300,Sell,232638365
2024-08-19 10:19:57,18250.0,200,Sell,232638363
2024-08-19 10:19:57,18250.0,100,Sell,232638364
2024-08-19 10:19:57,18250.0,100,Sell,232638361
2024-08-19 10:19:57,18250.0,100,Sell,232638360
2024-08-19 10:19:57,18250.0,400,Sell,232638359
2024-08-19 10:19:57,18250.0,1000,Sell,232638358
2024-08-19 10:19:57,18250.0,200,Sell,232638357
2024-08-19 10:19:57,18250.0,100,Sell,232638356
2024-08-19 10:19:57,18250.0,50000,Sell,232638354
2024-08-19 10:19:57,18250.0,100,Sell,232638362
2024-08-19 10:19:57,18250.0,100,Sell,232638355
2024-08-19 10:19:59,18250.0,100,Buy,232638410
2024-08-19 10:20:00,18250.0,200,Buy,232638417
2024-08-19 10:20:03,18250.0,100,Buy,232638500
2024-08-19 10:20:03,18250.0,1000,Buy,232638507
2024-08-19 10:20:15,18250.0,100,Buy,232638753
2024-08-19 10:20:21,18250.0,200,Buy,232638856
2024-08-19 10:20:30,18250.0,100,Buy,232639008
2024-08-19 10:20:34,18250.0,100,Buy,232639092
2024-08-19 10:20:37,18250.0,200,Buy,232639151
2024-08-19 10:20:51,18250.0,100,Buy,232639374
2024-08-19 10:20:51,18200.0,7900,Sell,232639359
2024-08-19 10:20:54,18250.0,200,Buy,232639431
2024-08-19 10:21:09,18200.0,10000,Sell,232639718
2024-08-19 10:21:37,18200.0,100,Sell,232640353
2024-08-19 10:21:37,18200.0,300,Sell,232640361
2024-08-19 10:21:37,18200.0,100,Sell,232640360
2024-08-19 10:21:37,18200.0,500,Sell,232640359
2024-08-19 10:21:37,18200.0,500,Sell,232640358
2024-08-19 10:21:37,18200.0,2100,Sell,232640352
2024-08-19 10:21:37,18200.0,200,Sell,232640356
2024-08-19 10:21:37,18200.0,1000,Sell,232640355
2024-08-19 10:21:37,18200.0,2000,Sell,232640354
2024-08-19 10:21:37,18200.0,2000,Sell,232640357
2024-08-19 10:21:42,18200.0,2400,Sell,232640468
2024-08-19 10:21:47,18200.0,300,Sell,232640588
2024-08-19 10:21:47,18200.0,2000,Sell,232640589
2024-08-19 10:21:47,18200.0,2700,Sell,232640590
2024-08-19 10:21:54,18200.0,2000,Sell,232640799
2024-08-19 10:22:00,18200.0,5000,Sell,232640904
2024-08-19 10:22:07,18200.0,6000,Sell,232641047
2024-08-19 10:22:08,18200.0,1000,Sell,232641064
2024-08-19 10:22:11,18200.0,6000,Sell,232641097
2024-08-19 10:22:15,18200.0,19100,Sell,232641204
2024-08-19 10:22:15,18200.0,500,Sell,232641205
2024-08-19 10:22:15,18200.0,20000,Sell,232641206
2024-08-19 10:22:15,18200.0,400,Sell,232641207
2024-08-19 10:22:18,18200.0,100,Sell,232641244
2024-08-19 10:22:18,18200.0,300,Sell,232641245
2024-08-19 10:22:19,18200.0,100,Sell,232641257
2024-08-19 10:22:19,18200.0,1400,Sell,232641258
2024-08-19 10:22:20,18200.0,2400,Sell,232641276
2024-08-19 10:22:20,18200.0,600,Sell,232641275
2024-08-19 10:22:22,18200.0,3900,Sell,232641348
2024-08-19 10:22:22,18200.0,7000,Sell,232641356
2024-08-19 10:22:24,18200.0,3000,Sell,232641367
2024-08-19 10:22:28,18200.0,700,Sell,232641443
2024-08-19 10:22:33,18200.0,100,Sell,232641535
2024-08-19 10:22:35,18200.0,2200,Sell,232641570
2024-08-19 10:22:36,18250.0,1000,Buy,232641604
2024-08-19 10:22:39,18200.0,100,Sell,232641651
2024-08-19 10:22:39,18200.0,600,Sell,232641657
2024-08-19 10:22:39,18200.0,100,Sell,232641658
2024-08-19 10:22:40,18200.0,700,Sell,232641678
2024-08-19 10:22:40,18200.0,2000,Sell,232641677
2024-08-19 10:22:40,18200.0,200,Sell,232641675
2024-08-19 10:22:40,18200.0,100,Sell,232641674
2024-08-19 10:22:40,18200.0,2000,Sell,232641676
2024-08-19 10:22:41,18200.0,100,Sell,232641724
2024-08-19 10:22:41,18200.0,2000,Sell,232641720
2024-08-19 10:22:41,18200.0,400,Sell,232641721
2024-08-19 10:22:41,18200.0,900,Sell,232641722
2024-08-19 10:22:41,18200.0,500,Sell,232641723
2024-08-19 10:22:41,18200.0,200,Sell,232641725
2024-08-19 10:22:41,18200.0,16000,Sell,232641731
2024-08-19 10:22:41,18200.0,300,Sell,232641719
2024-08-19 10:22:41,18200.0,1000,Sell,232641727
2024-08-19 10:22:41,18200.0,100,Sell,232641728
2024-08-19 10:22:41,18200.0,100,Sell,232641729
2024-08-19 10:22:41,18200.0,1000,Sell,232641730
2024-08-19 10:22:41,18200.0,200,Sell,232641726
2024-08-19 10:22:41,18200.0,500,Sell,232641718
2024-08-19 10:22:41,18200.0,200,Sell,232641708
2024-08-19 10:22:41,18200.0,200,Sell,232641716
2024-08-19 10:22:41,18200.0,100,Sell,232641717
2024-08-19 10:22:41,18200.0,400,Sell,232641703
2024-08-19 10:22:41,18200.0,500,Sell,232641704
2024-08-19 10:22:41,18200.0,300,Sell,232641705
2024-08-19 10:22:41,18200.0,1000,Sell,232641706
2024-08-19 10:22:41,18200.0,100,Sell,232641709
2024-08-19 10:22:41,18200.0,200,Sell,232641707
2024-08-19 10:22:41,18200.0,500,Sell,232641711
2024-08-19 10:22:41,18200.0,1000,Sell,232641712
2024-08-19 10:22:41,18200.0,1600,Sell,232641713
2024-08-19 10:22:41,18200.0,100,Sell,232641714
2024-08-19 10:22:41,18200.0,100,Sell,232641715
2024-08-19 10:22:41,18200.0,200,Sell,232641710
2024-08-19 10:22:49,18200.0,200,Buy,232641920
2024-08-19 10:22:49,18200.0,100,Buy,232641921
2024-08-19 10:22:54,18200.0,900,Buy,232642051
2024-08-19 10:22:54,18200.0,4800,Buy,232642052
2024-08-19 10:22:56,18200.0,2000,Buy,232642191
2024-08-19 10:22:56,18200.0,5200,Buy,232642189
2024-08-19 10:22:56,18200.0,400,Buy,232642190
2024-08-19 10:22:56,18200.0,2400,Buy,232642192
2024-08-19 10:23:00,18200.0,600,Buy,232642380
2024-08-19 10:23:01,18200.0,500,Buy,232642406
2024-08-19 10:23:02,18200.0,100,Buy,232642421
2024-08-19 10:23:09,18200.0,200,Buy,232642615
2024-08-19 10:23:11,18200.0,1000,Buy,232642658
2024-08-19 10:23:16,18200.0,200,Buy,232642720
2024-08-19 10:23:16,18200.0,200,Buy,232642721
2024-08-19 10:23:16,18200.0,1900,Buy,232642722
2024-08-19 10:23:34,18200.0,700,Sell,232643071
2024-08-19 10:23:34,18200.0,2000,Sell,232643072
2024-08-19 10:23:34,18200.0,1000,Sell,232643073
2024-08-19 10:23:34,18200.0,100,Sell,232643074
2024-08-19 10:23:34,18200.0,200,Sell,232643075
2024-08-19 10:23:34,18200.0,4800,Sell,232643076
2024-08-19 10:23:34,18200.0,3000,Sell,232643077
2024-08-19 10:23:46,18200.0,4400,Sell,232643474
2024-08-19 10:24:13,18200.0,5000,Sell,232644191
2024-08-19 10:24:35,18250.0,1000,Buy,232644673
2024-08-19 10:24:41,18250.0,3000,Buy,232644860
2024-08-19 10:24:49,18200.0,1000,Sell,232644971
2024-08-19 10:25:12,18250.0,500,Buy,232645532
2024-08-19 10:25:22,18250.0,1000,Buy,232645769
2024-08-19 10:26:22,18200.0,500,Sell,232646884
2024-08-19 10:26:29,18250.0,300,Buy,232647018
2024-08-19 10:26:33,18200.0,11300,Sell,232647149
2024-08-19 10:26:37,18250.0,1000,Buy,232647232
2024-08-19 10:26:41,18250.0,200,Buy,232647302
2024-08-19 10:26:56,18200.0,2000,Sell,232647685
2024-08-19 10:26:59,18250.0,400,Buy,232647727
2024-08-19 10:27:03,18250.0,1000,Buy,232647858
2024-08-19 10:27:13,18200.0,15000,Sell,232648052
2024-08-19 10:27:17,18250.0,5000,Buy,232648157
2024-08-19 10:27:26,18200.0,7500,Sell,232648330
2024-08-19 10:27:26,18200.0,1000,Sell,232648329
2024-08-19 10:27:26,18200.0,8000,Sell,232648328
2024-08-19 10:27:26,18200.0,3000,Sell,232648321
2024-08-19 10:27:26,18200.0,100,Sell,232648326
2024-08-19 10:27:26,18200.0,300,Sell,232648325
2024-08-19 10:27:26,18200.0,100,Sell,232648327
2024-08-19 10:27:27,18200.0,5500,Sell,232648338
2024-08-19 10:27:30,18200.0,5500,Sell,232648406
2024-08-19 10:27:31,18200.0,600,Sell,232648421
2024-08-19 10:27:31,18200.0,7400,Sell,232648422
2024-08-19 10:27:31,18200.0,1500,Sell,232648419
2024-08-19 10:27:31,18200.0,500,Sell,232648420
2024-08-19 10:27:37,18200.0,6400,Sell,232648508
2024-08-19 10:27:37,18200.0,2100,Sell,232648512
2024-08-19 10:27:38,18200.0,2900,Sell,232648519
2024-08-19 10:27:38,18200.0,1000,Sell,232648520
2024-08-19 10:27:38,18200.0,1000,Sell,232648521
2024-08-19 10:27:38,18200.0,100,Sell,232648522
2024-08-19 10:27:38,18200.0,200,Sell,232648523
2024-08-19 10:27:38,18200.0,300,Sell,232648524
2024-08-19 10:27:41,18200.0,100,Sell,232648587
2024-08-19 10:27:41,18200.0,1100,Sell,232648586
2024-08-19 10:27:41,18200.0,500,Sell,232648585
2024-08-19 10:27:41,18200.0,1600,Sell,232648583
2024-08-19 10:27:41,18200.0,200,Sell,232648582
2024-08-19 10:27:41,18200.0,5300,Sell,232648581
2024-08-19 10:27:41,18200.0,700,Sell,232648580
2024-08-19 10:27:41,18200.0,500,Sell,232648584
2024-08-19 10:27:44,18200.0,1700,Sell,232648645
2024-08-19 10:27:44,18200.0,1300,Sell,232648646
2024-08-19 10:27:44,18200.0,500,Sell,232648647
2024-08-19 10:27:44,18200.0,500,Sell,232648648
2024-08-19 10:27:44,18200.0,500,Sell,232648649
2024-08-19 10:27:44,18200.0,1000,Sell,232648650
2024-08-19 10:27:44,18200.0,3000,Sell,232648651
2024-08-19 10:27:45,18200.0,200,Sell,232648683
2024-08-19 10:27:49,18200.0,9000,Sell,232648743
2024-08-19 10:27:51,18200.0,400,Sell,232648781
2024-08-19 10:27:52,18200.0,4000,Sell,232648803
2024-08-19 10:27:58,18250.0,1100,Buy,232648920
2024-08-19 10:27:58,18250.0,100,Buy,232648921
2024-08-19 10:27:58,18250.0,400,Buy,232648932
2024-08-19 10:28:15,18200.0,500,Sell,232649328
2024-08-19 10:28:22,18200.0,400,Sell,232649437
2024-08-19 10:28:23,18250.0,100,Buy,232649440
2024-08-19 10:28:25,18200.0,2900,Sell,232649480
2024-08-19 10:28:25,18200.0,400,Sell,232649479
2024-08-19 10:28:25,18200.0,200,Sell,232649478
2024-08-19 10:28:25,18200.0,200,Sell,232649470
2024-08-19 10:28:25,18200.0,1600,Sell,232649469
2024-08-19 10:28:25,18200.0,1000,Sell,232649467
2024-08-19 10:28:25,18200.0,100,Sell,232649466
2024-08-19 10:28:25,18200.0,3500,Sell,232649465
2024-08-19 10:28:25,18200.0,100,Sell,232649468
2024-08-19 10:28:36,18200.0,5000,Sell,232649832
2024-08-19 10:28:45,18200.0,300,Sell,232649992
2024-08-19 10:29:09,18200.0,10000,Sell,232650569
2024-08-19 10:29:38,18250.0,100,Buy,232651060
2024-08-19 10:29:46,18250.0,700,Buy,232651203
2024-08-19 10:29:46,18250.0,7700,Buy,232651204
2024-08-19 10:29:46,18250.0,1400,Buy,232651201
2024-08-19 10:29:46,18250.0,200,Buy,232651202
2024-08-19 10:29:49,18250.0,2300,Buy,232651281
2024-08-19 10:29:49,18250.0,1000,Buy,232651282
2024-08-19 10:29:49,18250.0,8000,Buy,232651283
2024-08-19 10:29:49,18250.0,3000,Buy,232651284
2024-08-19 10:29:49,18250.0,1800,Buy,232651285
2024-08-19 10:29:49,18250.0,300,Buy,232651286
2024-08-19 10:29:50,18250.0,2900,Buy,232651303
2024-08-19 10:29:50,18250.0,10000,Buy,232651304
2024-08-19 10:29:50,18250.0,500,Buy,232651305
2024-08-19 10:29:50,18250.0,10000,Buy,232651306
2024-08-19 10:29:50,18250.0,5000,Buy,232651307
2024-08-19 10:29:59,18250.0,500,Buy,232651496
2024-08-19 10:30:11,18250.0,1900,Sell,232651768
2024-08-19 10:30:11,18250.0,3100,Sell,232651767
2024-08-19 10:30:24,18250.0,300,Sell,232651978
2024-08-19 10:30:31,18250.0,500,Buy,232652082
2024-08-19 10:30:34,18250.0,100,Buy,232652126
2024-08-19 10:30:39,18250.0,200,Buy,232652207
2024-08-19 10:30:44,18250.0,300,Sell,232652276
2024-08-19 10:30:44,18250.0,1000,Sell,232652277
2024-08-19 10:30:50,18250.0,100,Buy,232652364
2024-08-19 10:30:51,18250.0,200,Buy,232652422
2024-08-19 10:30:55,18250.0,400,Buy,232652515
2024-08-19 10:30:56,18250.0,200,Sell,232652534
2024-08-19 10:30:56,18250.0,100,Sell,232652521
2024-08-19 10:31:04,18300.0,1600,Buy,232652667
2024-08-19 10:31:07,18250.0,100,Sell,232652773
2024-08-19 10:31:30,18300.0,2000,Buy,232653153
2024-08-19 10:31:30,18300.0,500,Buy,232653152
2024-08-19 10:31:30,18300.0,1000,Buy,232653150
2024-08-19 10:31:30,18300.0,1000,Buy,232653148
2024-08-19 10:31:30,18300.0,1100,Buy,232653147
2024-08-19 10:31:30,18300.0,300,Buy,232653146
2024-08-19 10:31:30,18300.0,3200,Buy,232653139
2024-08-19 10:31:30,18300.0,500,Buy,232653144
2024-08-19 10:31:30,18300.0,5000,Buy,232653143
2024-08-19 10:31:30,18300.0,2000,Buy,232653142
2024-08-19 10:31:30,18300.0,300,Buy,232653141
2024-08-19 10:31:30,18300.0,100,Buy,232653140
2024-08-19 10:31:30,18300.0,1000,Buy,232653145
2024-08-19 10:31:30,18300.0,2000,Buy,232653151
2024-08-19 10:31:40,18300.0,100,Buy,232653312
2024-08-19 10:31:53,18300.0,200,Buy,232653630
2024-08-19 10:32:04,18300.0,700,Buy,232653892
2024-08-19 10:32:04,18300.0,300,Buy,232653893
2024-08-19 10:32:06,18300.0,300,Buy,232653949
2024-08-19 10:32:06,18300.0,1200,Buy,232653946
2024-08-19 10:32:06,18300.0,400,Buy,232653947
2024-08-19 10:32:06,18300.0,100,Buy,232653948
2024-08-19 10:32:09,18300.0,200,Buy,232653994
2024-08-19 10:32:09,18300.0,700,Buy,232653990
2024-08-19 10:32:09,18300.0,1000,Buy,232653993
2024-08-19 10:32:21,18300.0,3100,Sell,232654179
2024-08-19 10:32:21,18300.0,1900,Sell,232654180
2024-08-19 10:32:44,18300.0,200,Buy,232654568
2024-08-19 10:33:08,18300.0,700,Sell,232654941
2024-08-19 10:33:18,18300.0,4000,Buy,232655070
2024-08-19 10:33:27,18300.0,100,Buy,232655234
2024-08-19 10:33:50,18300.0,5200,Buy,232655576
2024-08-19 10:34:12,18300.0,800,Sell,232655967
2024-08-19 10:34:12,18300.0,100,Sell,232655968
2024-08-19 10:34:12,18300.0,900,Sell,232655969
2024-08-19 10:34:17,18300.0,100,Sell,232656177
2024-08-19 10:34:33,18300.0,200,Sell,232656509
2024-08-19 10:34:53,18300.0,900,Sell,232656852
2024-08-19 10:34:56,18300.0,1100,Sell,232656888
2024-08-19 10:34:56,18300.0,100,Sell,232656889
2024-08-19 10:35:00,18300.0,100,Buy,232656962
2024-08-19 10:35:00,18300.0,1700,Buy,232656965
2024-08-19 10:35:00,18300.0,8300,Buy,232656966
2024-08-19 10:35:12,18300.0,5500,Buy,232657154
2024-08-19 10:35:12,18300.0,3200,Buy,232657155
2024-08-19 10:35:12,18300.0,1800,Buy,232657156
2024-08-19 10:35:18,18300.0,200,Buy,232657249
2024-08-19 10:35:24,18300.0,100,Buy,232657361
2024-08-19 10:35:34,18300.0,1000,Buy,232657583
2024-08-19 10:35:34,18300.0,900,Buy,232657580
2024-08-19 10:35:34,18300.0,700,Buy,232657581
2024-08-19 10:35:34,18300.0,200,Buy,232657582
2024-08-19 10:35:37,18300.0,200,Buy,232657632
2024-08-19 10:35:37,18300.0,300,Buy,232657633
2024-08-19 10:35:37,18300.0,3500,Buy,232657634
2024-08-19 10:35:37,18300.0,1000,Buy,232657631
2024-08-19 10:35:43,18300.0,3500,Buy,232657722
2024-08-19 10:35:43,18300.0,200,Buy,232657723
2024-08-19 10:36:20,18300.0,200,Sell,232658310
2024-08-19 10:36:34,18300.0,200,Sell,232658530
2024-08-19 10:36:34,18300.0,100,Sell,232658531
2024-08-19 10:36:34,18300.0,100,Sell,232658528
2024-08-19 10:36:34,18300.0,100,Sell,232658529
2024-08-19 10:36:44,18300.0,100,Sell,232658693
2024-08-19 10:36:44,18300.0,900,Sell,232658692
2024-08-19 10:37:02,18300.0,400,Sell,232659113
2024-08-19 10:37:02,18300.0,100,Sell,232659114
2024-08-19 10:37:02,18300.0,1000,Sell,232659115
2024-08-19 10:37:40,18300.0,2500,Sell,232659683
2024-08-19 10:37:40,18300.0,4500,Sell,232659684
2024-08-19 10:37:40,18300.0,500,Sell,232659685
2024-08-19 10:37:40,18300.0,500,Sell,232659686
2024-08-19 10:37:43,18300.0,200,Sell,232659821
2024-08-19 10:37:48,18300.0,100,Buy,232659959
2024-08-19 10:38:02,18300.0,200,Buy,232660178
2024-08-19 10:38:02,18300.0,100,Buy,232660177
2024-08-19 10:38:20,18300.0,200,Buy,232660651
2024-08-19 10:38:25,18300.0,300,Buy,232660717
2024-08-19 10:38:34,18300.0,500,Buy,232660936
2024-08-19 10:38:44,18300.0,300,Buy,232661224
2024-08-19 10:38:51,18350.0,200,Buy,232661401
2024-08-19 10:38:51,18350.0,100,Buy,232661402
2024-08-19 10:38:51,18350.0,1300,Buy,232661403
2024-08-19 10:39:58,18300.0,200,Sell,232662658
2024-08-19 10:40:16,18300.0,1000,Sell,232663089
2024-08-19 10:40:27,18300.0,100,Sell,232663312
2024-08-19 10:40:36,18350.0,100,Buy,232663443
2024-08-19 10:40:58,18300.0,500,Sell,232663872
2024-08-19 10:41:13,18300.0,100,Sell,232664127
2024-08-19 10:41:19,18300.0,600,Sell,232664213
2024-08-19 10:41:32,18300.0,100,Sell,232664527
2024-08-19 10:41:36,18300.0,1000,Sell,232664611
2024-08-19 10:42:11,18300.0,14500,Sell,232665448
2024-08-19 10:42:11,18300.0,2000,Sell,232665447
2024-08-19 10:42:11,18300.0,400,Sell,232665444
2024-08-19 10:42:11,18300.0,1000,Sell,232665443
2024-08-19 10:42:11,18300.0,700,Sell,232665446
2024-08-19 10:42:11,18300.0,3200,Sell,232665441
2024-08-19 10:42:11,18300.0,4000,Sell,232665442
2024-08-19 10:42:11,18300.0,2400,Sell,232665438
2024-08-19 10:42:11,18300.0,800,Sell,232665445
2024-08-19 10:42:11,18300.0,100,Sell,232665440
2024-08-19 10:42:11,18300.0,900,Sell,232665439
2024-08-19 10:42:50,18300.0,14600,Sell,232666094
2024-08-19 10:43:43,18300.0,100,Sell,232667103
2024-08-19 10:44:03,18300.0,200,Sell,232667421
2024-08-19 10:44:56,18300.0,200,Sell,232668290
2024-08-19 10:45:25,18300.0,100,Sell,232668788
2024-08-19 10:45:42,18300.0,7800,Sell,232669153
2024-08-19 10:45:42,18300.0,3600,Sell,232669154
2024-08-19 10:45:42,18300.0,200,Sell,232669155
2024-08-19 10:45:42,18300.0,200,Sell,232669156
2024-08-19 10:45:42,18300.0,2200,Sell,232669157
2024-08-19 10:45:45,18300.0,100,Sell,232669248
2024-08-19 10:46:02,18300.0,900,Sell,232669509
2024-08-19 10:46:36,18300.0,500,Sell,232670256
2024-08-19 10:46:53,18300.0,500,Sell,232670558
2024-08-19 10:47:22,18300.0,1100,Sell,232671009
2024-08-19 10:47:34,18300.0,300,Sell,232671237
2024-08-19 10:47:56,18300.0,500,Sell,232671551
2024-08-19 10:48:09,18300.0,500,Sell,232671764
2024-08-19 10:48:12,18350.0,600,Buy,232671819
2024-08-19 10:48:12,18350.0,1500,Buy,232671820
2024-08-19 10:48:12,18350.0,1100,Buy,232671821
2024-08-19 10:48:13,18300.0,100,Sell,232671877
2024-08-19 10:48:13,18300.0,100,Sell,232671876
2024-08-19 10:48:13,18300.0,700,Sell,232671870
2024-08-19 10:48:13,18300.0,200,Sell,232671875
2024-08-19 10:48:13,18300.0,200,Sell,232671874
2024-08-19 10:48:13,18300.0,500,Sell,232671873
2024-08-19 10:48:13,18300.0,500,Sell,232671872
2024-08-19 10:48:13,18300.0,2000,Sell,232671871
2024-08-19 10:48:13,18300.0,300,Sell,232671869
2024-08-19 10:48:13,18300.0,10000,Sell,232671860
2024-08-19 10:48:13,18300.0,2000,Sell,232671867
2024-08-19 10:48:13,18300.0,1300,Sell,232671866
2024-08-19 10:48:13,18300.0,200,Sell,232671865
2024-08-19 10:48:13,18300.0,4500,Sell,232671864
2024-08-19 10:48:13,18300.0,100,Sell,232671863
2024-08-19 10:48:13,18300.0,1000,Sell,232671862
2024-08-19 10:48:13,18300.0,500,Sell,232671861
2024-08-19 10:48:13,18300.0,3400,Sell,232671858
2024-08-19 10:48:13,18300.0,500,Sell,232671868
2024-08-19 10:48:13,18300.0,200,Sell,232671859
2024-08-19 10:48:20,18300.0,100,Buy,232672007
2024-08-19 10:48:33,18300.0,500,Buy,232672263
2024-08-19 10:49:03,18300.0,100,Buy,232672970
2024-08-19 10:49:09,18300.0,5500,Buy,232673069
2024-08-19 10:49:53,18300.0,2000,Buy,232673976
2024-08-19 10:49:58,18300.0,1000,Buy,232674204
2024-08-19 10:50:42,18300.0,3200,Buy,232675098
2024-08-19 10:50:58,18300.0,900,Buy,232675462
2024-08-19 10:51:02,18300.0,500,Buy,232675565
2024-08-19 10:51:13,18300.0,1000,Buy,232675813
2024-08-19 10:51:29,18300.0,100,Buy,232676319
2024-08-19 10:51:29,18300.0,3000,Buy,232676318
2024-08-19 10:51:29,18300.0,500,Buy,232676317
2024-08-19 10:51:29,18300.0,100,Buy,232676316
2024-08-19 10:51:29,18350.0,18100,Buy,232676321
2024-08-19 10:51:29,18300.0,100,Buy,232676314
2024-08-19 10:51:29,18300.0,100,Buy,232676313
2024-08-19 10:51:29,18300.0,100,Buy,232676312
2024-08-19 10:51:29,18300.0,56900,Buy,232676311
2024-08-19 10:51:29,18300.0,100,Buy,232676315
2024-08-19 10:51:29,18350.0,900,Buy,232676320
2024-08-19 10:51:48,18300.0,100,Sell,232676773
2024-08-19 10:52:10,18300.0,6500,Sell,232677216
2024-08-19 10:52:10,18300.0,500,Sell,232677217
2024-08-19 10:52:10,18300.0,5000,Sell,232677218
2024-08-19 10:52:10,18300.0,3000,Sell,232677219
2024-08-19 10:52:10,18300.0,5000,Sell,232677220
2024-08-19 10:52:14,18300.0,100,Sell,232677277
2024-08-19 10:52:22,18300.0,100,Sell,232677417
2024-08-19 10:52:28,18300.0,500,Sell,232677521
2024-08-19 10:52:30,18300.0,100,Sell,232677558
2024-08-19 10:52:46,18300.0,800,Sell,232677831
2024-08-19 10:52:52,18300.0,400,Sell,232678050
2024-08-19 10:52:52,18300.0,3500,Sell,232678051
2024-08-19 10:52:52,18300.0,1200,Sell,232678049
2024-08-19 10:53:00,18300.0,1500,Sell,232678272
2024-08-19 10:53:06,18350.0,1100,Buy,232678362
2024-08-19 10:53:10,18350.0,100,Buy,232678435
2024-08-19 10:53:14,18350.0,100,Buy,232678488
2024-08-19 10:53:48,18350.0,400,Buy,232679047
2024-08-19 10:53:50,18350.0,200,Buy,232679084
2024-08-19 10:53:50,18350.0,1400,Buy,232679085
2024-08-19 10:53:51,18350.0,400,Buy,232679122
2024-08-19 10:53:55,18350.0,700,Buy,232679201
2024-08-19 10:53:58,18350.0,400,Buy,232679285
2024-08-19 10:54:37,18350.0,2000,Buy,232679871
2024-08-19 10:55:15,18350.0,2200,Buy,232680488
2024-08-19 10:55:48,18350.0,100,Buy,232680988
2024-08-19 10:55:59,18350.0,100,Buy,232681198
2024-08-19 10:56:42,18350.0,2800,Buy,232682086
2024-08-19 10:57:00,18350.0,1600,Buy,232682432
2024-08-19 10:57:28,18350.0,100,Buy,232682994
2024-08-19 10:57:49,18350.0,2800,Buy,232683414
2024-08-19 10:58:06,18300.0,500,Sell,232683761
2024-08-19 10:58:06,18300.0,1000,Sell,232683762
2024-08-19 10:58:06,18300.0,100,Sell,232683763
2024-08-19 10:58:06,18300.0,200,Sell,232683764
2024-08-19 10:59:30,18350.0,400,Buy,232685009
2024-08-19 11:00:04,18350.0,4000,Buy,232685616
2024-08-19 11:00:14,18300.0,200,Sell,232685758
2024-08-19 11:00:14,18300.0,700,Sell,232685757
2024-08-19 11:00:55,18300.0,100,Sell,232686445
2024-08-19 11:00:55,18300.0,300,Sell,232686444
2024-08-19 11:01:44,18300.0,100,Sell,232687172
2024-08-19 11:02:21,18300.0,100,Sell,232687792
2024-08-19 11:02:54,18300.0,100,Sell,232688393
2024-08-19 11:02:56,18300.0,100,Sell,232688431
2024-08-19 11:02:56,18300.0,100,Sell,232688432
2024-08-19 11:02:56,18300.0,300,Sell,232688433
2024-08-19 11:03:12,18300.0,100,Sell,232688643
2024-08-19 11:03:24,18300.0,100,Sell,232688835
2024-08-19 11:03:57,18300.0,100,Sell,232689532
2024-08-19 11:04:43,18300.0,300,Sell,232690327
2024-08-19 11:04:45,18350.0,1000,Buy,232690354
2024-08-19 11:04:45,18350.0,500,Buy,232690355
2024-08-19 11:04:45,18350.0,100,Buy,232690356
2024-08-19 11:05:42,18350.0,600,Buy,232691260
2024-08-19 11:06:23,18350.0,100,Buy,232691722
2024-08-19 11:06:23,18300.0,100,Sell,232691725
2024-08-19 11:06:57,18300.0,100,Sell,232692132
2024-08-19 11:07:02,18350.0,2600,Buy,232692203
2024-08-19 11:07:02,18350.0,200,Buy,232692202
2024-08-19 11:07:02,18350.0,200,Buy,232692201
2024-08-19 11:07:40,18350.0,400,Buy,232692782
2024-08-19 11:07:40,18350.0,800,Buy,232692783
2024-08-19 11:07:40,18350.0,400,Buy,232692784
2024-08-19 11:07:49,18350.0,200,Buy,232692918
2024-08-19 11:07:49,18350.0,200,Buy,232692919
2024-08-19 11:07:49,18350.0,200,Buy,232692920
2024-08-19 11:07:49,18350.0,200,Buy,232692921
2024-08-19 11:07:49,18350.0,200,Buy,232692922
2024-08-19 11:07:49,18350.0,200,Buy,232692923
2024-08-19 11:07:49,18350.0,200,Buy,232692924
2024-08-19 11:07:49,18350.0,100,Buy,232692925
2024-08-19 11:07:57,18300.0,1800,Sell,232693124
2024-08-19 11:08:29,18300.0,400,Sell,232693534
2024-08-19 11:08:55,18300.0,400,Sell,232693892
2024-08-19 11:08:58,18300.0,100,Sell,232693947
2024-08-19 11:09:16,18300.0,100,Sell,232694216
2024-08-19 11:10:29,18300.0,100,Sell,232695258
2024-08-19 11:10:32,18300.0,3000,Sell,232695287
2024-08-19 11:10:49,18300.0,1000,Sell,232695508
2024-08-19 11:10:50,18300.0,100,Sell,232695516
2024-08-19 11:11:34,18300.0,200,Sell,232696057
2024-08-19 11:12:07,18350.0,3500,Buy,232696509
2024-08-19 11:12:22,18350.0,200,Buy,232696662
2024-08-19 11:12:36,18350.0,2000,Buy,232696925
2024-08-19 11:12:53,18350.0,1000,Buy,232697213
2024-08-19 11:13:20,18350.0,1500,Buy,232697572
2024-08-19 11:13:20,18350.0,100,Buy,232697573
2024-08-19 11:13:20,18350.0,100,Buy,232697574
2024-08-19 11:13:20,18350.0,100,Buy,232697575
2024-08-19 11:13:20,18350.0,100,Buy,232697578
2024-08-19 11:13:20,18350.0,4000,Buy,232697576
2024-08-19 11:13:20,18350.0,2200,Buy,232697577
2024-08-19 11:13:20,18350.0,100,Buy,232697571
2024-08-19 11:13:20,18350.0,1000,Buy,232697579
2024-08-19 11:13:20,18350.0,100,Buy,232697587
2024-08-19 11:13:20,18350.0,200,Buy,232697570
2024-08-19 11:13:20,18350.0,1500,Buy,232697581
2024-08-19 11:13:20,18350.0,100,Buy,232697585
2024-08-19 11:13:20,18350.0,1600,Buy,232697586
2024-08-19 11:13:20,18350.0,100,Buy,232697588
2024-08-19 11:13:20,18350.0,1000,Buy,232697589
2024-08-19 11:13:20,18350.0,500,Buy,232697590
2024-08-19 11:13:20,18350.0,100,Buy,232697591
2024-08-19 11:13:20,18350.0,400,Buy,232697592
2024-08-19 11:13:20,18350.0,800,Buy,232697580
2024-08-19 11:13:20,18350.0,100,Buy,232697569
2024-08-19 11:13:20,18350.0,100,Buy,232697556
2024-08-19 11:13:20,18350.0,200,Buy,232697567
2024-08-19 11:13:20,18350.0,100,Buy,232697568
2024-08-19 11:13:20,18350.0,100,Buy,232697548
2024-08-19 11:13:20,18350.0,100,Buy,232697549
2024-08-19 11:13:20,18350.0,500,Buy,232697550
2024-08-19 11:13:20,18350.0,100,Buy,232697551
2024-08-19 11:13:20,18350.0,200,Buy,232697552
2024-08-19 11:13:20,18350.0,2000,Buy,232697553
2024-08-19 11:13:20,18350.0,500,Buy,232697554
2024-08-19 11:13:20,18350.0,100,Buy,232697557
2024-08-19 11:13:20,18350.0,1700,Buy,232697547
2024-08-19 11:13:20,18350.0,100,Buy,232697555
2024-08-19 11:13:20,18350.0,500,Buy,232697558
2024-08-19 11:13:20,18350.0,200,Buy,232697565
2024-08-19 11:13:20,18350.0,1500,Buy,232697564
2024-08-19 11:13:20,18350.0,200,Buy,232697563
2024-08-19 11:13:20,18350.0,100,Buy,232697566
2024-08-19 11:13:20,18350.0,300,Buy,232697561
2024-08-19 11:13:20,18350.0,500,Buy,232697560
2024-08-19 11:13:20,18350.0,100,Buy,232697559
2024-08-19 11:13:20,18350.0,100,Buy,232697562
2024-08-19 11:13:55,18350.0,1000,Buy,232698047
2024-08-19 11:14:04,18350.0,100,Buy,232698145
2024-08-19 11:14:14,18350.0,600,Buy,232698233
2024-08-19 11:14:16,18350.0,1000,Buy,232698286
2024-08-19 11:14:16,18350.0,1200,Buy,232698289
2024-08-19 11:14:16,18350.0,100,Buy,232698288
2024-08-19 11:14:16,18350.0,100,Buy,232698287
2024-08-19 11:14:16,18350.0,100,Buy,232698285
2024-08-19 11:14:16,18350.0,200,Buy,232698281
2024-08-19 11:14:16,18350.0,200,Buy,232698283
2024-08-19 11:14:16,18350.0,100,Buy,232698282
2024-08-19 11:14:16,18350.0,100,Buy,232698280
2024-08-19 11:14:16,18350.0,2900,Buy,232698279
2024-08-19 11:14:16,18350.0,200,Buy,232698284
2024-08-19 11:14:28,18350.0,200,Sell,232698501
2024-08-19 11:14:46,18350.0,400,Sell,232698728
2024-08-19 11:14:46,18350.0,200,Sell,232698729
2024-08-19 11:15:04,18350.0,200,Sell,232698958
2024-08-19 11:15:05,18350.0,100,Sell,232698960
2024-08-19 11:15:23,18350.0,600,Buy,232699251
2024-08-19 11:15:23,18350.0,400,Buy,232699250
2024-08-19 11:15:27,18350.0,500,Buy,232699306
2024-08-19 11:15:51,18350.0,200,Buy,232699646
2024-08-19 11:15:51,18350.0,200,Sell,232699659
2024-08-19 11:15:51,18350.0,900,Buy,232699645
2024-08-19 11:16:01,18350.0,500,Buy,232699796
2024-08-19 11:16:13,18350.0,400,Buy,232699973
2024-08-19 11:16:21,18350.0,300,Buy,232700094
2024-08-19 11:16:21,18350.0,500,Buy,232700095
2024-08-19 11:16:21,18350.0,800,Buy,232700096
2024-08-19 11:16:45,18350.0,1000,Buy,232700447
2024-08-19 11:17:04,18350.0,200,Buy,232700646
2024-08-19 11:17:04,18350.0,300,Buy,232700647
2024-08-19 11:17:17,18350.0,100,Buy,232700797
2024-08-19 11:17:17,18350.0,200,Buy,232700796
2024-08-19 11:17:48,18350.0,200,Buy,232701142
2024-08-19 11:17:48,18350.0,100,Buy,232701143
2024-08-19 11:17:48,18350.0,1900,Buy,232701141
2024-08-19 11:18:01,18350.0,1700,Sell,232701307
2024-08-19 11:18:19,18350.0,900,Sell,232701539
2024-08-19 11:18:25,18350.0,500,Buy,232701598
2024-08-19 11:18:47,18350.0,100,Buy,232701859
2024-08-19 11:19:28,18350.0,100,Buy,232702488
2024-08-19 11:19:31,18350.0,100,Buy,232702547
2024-08-19 11:19:31,18350.0,200,Buy,232702548
2024-08-19 11:20:01,18350.0,4800,Buy,232702924
2024-08-19 11:20:01,18350.0,200,Buy,232702925
2024-08-19 11:20:43,18350.0,100,Buy,232703417
2024-08-19 11:20:43,18350.0,1500,Buy,232703418
2024-08-19 11:20:44,18350.0,200,Buy,232703490
2024-08-19 11:20:44,18350.0,400,Buy,232703491
2024-08-19 11:20:44,18350.0,1000,Buy,232703492
2024-08-19 11:20:58,18350.0,600,Buy,232703632
2024-08-19 11:20:58,18350.0,2000,Buy,232703633
2024-08-19 11:20:58,18350.0,1600,Buy,232703634
2024-08-19 11:20:58,18350.0,500,Buy,232703635
2024-08-19 11:20:58,18350.0,1600,Buy,232703636
2024-08-19 11:20:58,18350.0,500,Buy,232703637
2024-08-19 11:20:58,18350.0,200,Buy,232703638
2024-08-19 11:21:04,18350.0,1600,Buy,232703706
2024-08-19 11:21:04,18350.0,1600,Buy,232703705
2024-08-19 11:21:04,18350.0,10000,Buy,232703704
2024-08-19 11:21:04,18350.0,1500,Buy,232703702
2024-08-19 11:21:04,18350.0,500,Buy,232703701
2024-08-19 11:21:04,18350.0,1400,Buy,232703700
2024-08-19 11:21:04,18350.0,500,Buy,232703703
2024-08-19 11:21:37,18350.0,300,Sell,232704065
2024-08-19 11:22:06,18350.0,1500,Sell,232704525
2024-08-19 11:22:29,18350.0,500,Sell,232704798
2024-08-19 11:23:17,18350.0,20000,Sell,232705313
2024-08-19 11:23:19,18350.0,400,Sell,232705338
2024-08-19 11:23:54,18350.0,7500,Sell,232705780
2024-08-19 11:23:54,18350.0,10000,Sell,232705779
2024-08-19 11:23:54,18350.0,1000,Sell,232705778
2024-08-19 11:23:54,18350.0,500,Sell,232705777
2024-08-19 11:23:54,18350.0,600,Sell,232705776
2024-08-19 11:23:54,18350.0,300,Sell,232705775
2024-08-19 11:23:54,18350.0,100,Sell,232705774
2024-08-19 11:24:05,18350.0,1000,Sell,232705859
2024-08-19 11:24:16,18350.0,100,Sell,232705979
2024-08-19 11:24:23,18350.0,1400,Sell,232706069
2024-08-19 11:24:23,18350.0,100,Sell,232706070
2024-08-19 11:24:25,18350.0,100,Sell,232706094
2024-08-19 11:24:26,18350.0,400,Sell,232706096
2024-08-19 11:25:19,18350.0,300,Buy,232706753
2024-08-19 11:25:19,18350.0,200,Buy,232706754
2024-08-19 11:26:16,18300.0,300,Sell,232707588
2024-08-19 11:26:20,18350.0,100,Buy,232707663
2024-08-19 11:26:52,18300.0,400,Sell,232708112
2024-08-19 11:26:52,18300.0,300,Sell,232708111
2024-08-19 11:26:55,18350.0,100,Buy,232708145
2024-08-19 11:27:18,18350.0,1200,Buy,232708462
2024-08-19 11:27:58,18350.0,700,Buy,232709061
2024-08-19 11:28:29,18350.0,2300,Buy,232709438
2024-08-19 11:28:29,18350.0,1600,Buy,232709439
2024-08-19 11:28:29,18350.0,1100,Buy,232709440
2024-08-19 12:59:40,18300.0,900,Sell,232711275
2024-08-19 12:59:40,18350.0,100,Buy,232711273
2024-08-19 12:59:40,18300.0,100,Sell,232711274
2024-08-19 12:59:40,18350.0,200,Buy,232710553
2024-08-19 12:59:41,18350.0,200,Buy,232711750
2024-08-19 12:59:41,18350.0,200,Buy,232711502
2024-08-19 12:59:41,18350.0,200,Buy,232711665
2024-08-19 12:59:42,18350.0,100,Buy,232711951
2024-08-19 12:59:42,18300.0,100,Sell,232712022
2024-08-19 12:59:42,18300.0,100,Sell,232712023
2024-08-19 12:59:43,18350.0,100,Buy,232712322
2024-08-19 12:59:44,18350.0,3200,Buy,232712613
2024-08-19 12:59:44,18350.0,1800,Buy,232712614
2024-08-19 12:59:44,18350.0,1600,Buy,232712615
2024-08-19 12:59:44,18350.0,1600,Buy,232712616
2024-08-19 12:59:44,18350.0,100,Buy,232712617
2024-08-19 12:59:44,18350.0,1000,Buy,232712618
2024-08-19 12:59:44,18350.0,1600,Buy,232712621
2024-08-19 12:59:44,18350.0,2000,Buy,232712619
2024-08-19 12:59:44,18350.0,1600,Buy,232712620
2024-08-19 12:59:44,18350.0,200,Buy,232712622
2024-08-19 12:59:44,18350.0,10000,Buy,232712612
2024-08-19 12:59:44,18350.0,1600,Buy,232712624
2024-08-19 12:59:44,18350.0,1600,Buy,232712625
2024-08-19 12:59:44,18350.0,13800,Buy,232712626
2024-08-19 12:59:44,18350.0,6400,Buy,232712627
2024-08-19 12:59:44,18350.0,5000,Buy,232712628
2024-08-19 12:59:44,18350.0,200,Buy,232712629
2024-08-19 12:59:44,18350.0,5000,Buy,232712630
2024-08-19 12:59:44,18350.0,300,Buy,232712631
2024-08-19 12:59:44,18350.0,3100,Buy,232712632
2024-08-19 12:59:44,18350.0,1500,Buy,232712623
2024-08-19 12:59:44,18350.0,1600,Buy,232712611
2024-08-19 12:59:44,18300.0,300,Sell,232712409
2024-08-19 12:59:44,18350.0,1600,Buy,232712609
2024-08-19 12:59:44,18350.0,1500,Buy,232712610
2024-08-19 12:59:44,18350.0,100,Buy,232712402
2024-08-19 12:59:44,18300.0,900,Sell,232712404
2024-08-19 12:59:44,18300.0,200,Sell,232712405
2024-08-19 12:59:44,18300.0,100,Sell,232712406
2024-08-19 12:59:44,18300.0,15000,Sell,232712407
2024-08-19 12:59:44,18300.0,500,Sell,232712410
2024-08-19 12:59:44,18300.0,200,Sell,232712411
2024-08-19 12:59:44,18300.0,600,Sell,232712412
2024-08-19 12:59:44,18300.0,300,Sell,232712413
2024-08-19 12:59:44,18300.0,2000,Sell,232712408
2024-08-19 12:59:44,18300.0,100,Sell,232712415
2024-08-19 12:59:44,18350.0,1600,Buy,232712606
2024-08-19 12:59:44,18350.0,1600,Buy,232712605
2024-08-19 12:59:44,18350.0,4000,Buy,232712604
2024-08-19 12:59:44,18350.0,1600,Buy,232712603
2024-08-19 12:59:44,18350.0,1600,Buy,232712607
2024-08-19 12:59:44,18350.0,700,Buy,232712602
2024-08-19 12:59:44,18350.0,100,Buy,232712601
2024-08-19 12:59:44,18300.0,17800,Sell,232712416
2024-08-19 12:59:44,18300.0,1000,Sell,232712414
2024-08-19 12:59:44,18350.0,1000,Buy,232712608
2024-08-19 12:59:45,18350.0,1100,Buy,232712772
2024-08-19 12:59:45,18350.0,900,Buy,232712773
2024-08-19 12:59:45,18350.0,2700,Buy,232712824
2024-08-19 12:59:45,18350.0,2000,Buy,232712825
2024-08-19 12:59:45,18350.0,300,Buy,232712826
2024-08-19 12:59:46,18350.0,1700,Buy,232713106
2024-08-19 12:59:46,18350.0,100,Buy,232713107
2024-08-19 12:59:46,18350.0,1200,Buy,232713108
2024-08-19 12:59:48,18350.0,100,Buy,232714179
2024-08-19 12:59:51,18350.0,2300,Buy,232714584
2024-08-19 12:59:51,18350.0,2700,Buy,232714583
2024-08-19 12:59:52,18350.0,1300,Buy,232714600
2024-08-19 12:59:52,18350.0,1400,Buy,232714601
2024-08-19 12:59:55,18350.0,200,Buy,232714921
2024-08-19 12:59:55,18350.0,100,Buy,232714922
2024-08-19 12:59:59,18300.0,5000,Sell,232715216
2024-08-19 13:00:01,18300.0,1000,Sell,232715318
2024-08-19 13:00:01,18350.0,100,Buy,232715398
2024-08-19 13:00:01,18350.0,900,Buy,232715399
2024-08-19 13:00:03,18350.0,100,Buy,232715647
2024-08-19 13:00:16,18300.0,3600,Sell,232716025
2024-08-19 13:00:19,18300.0,600,Sell,232716067
2024-08-19 13:00:27,18300.0,100,Sell,232716257
2024-08-19 13:00:29,18300.0,1900,Sell,232716313
2024-08-19 13:00:29,18300.0,3100,Sell,232716314
2024-08-19 13:00:48,18300.0,1900,Sell,232716703
2024-08-19 13:00:48,18300.0,100,Sell,232716704
2024-08-19 13:00:51,18300.0,100,Sell,232716805
2024-08-19 13:00:53,18300.0,3400,Sell,232716941
2024-08-19 13:00:56,18350.0,300,Buy,232717000
2024-08-19 13:00:59,18350.0,2500,Buy,232717064
2024-08-19 13:00:59,18350.0,400,Buy,232717063
2024-08-19 13:00:59,18350.0,100,Buy,232717062
2024-08-19 13:01:16,18300.0,1400,Sell,232717468
2024-08-19 13:01:16,18300.0,100,Sell,232717469
2024-08-19 13:01:46,18300.0,1000,Sell,232718204
2024-08-19 13:01:49,18350.0,100,Buy,232718285
2024-08-19 13:01:51,18300.0,1000,Sell,232718313
2024-08-19 13:02:01,18300.0,1000,Sell,232718618
2024-08-19 13:02:12,18300.0,3400,Sell,232719017
2024-08-19 13:02:13,18300.0,200,Sell,232719106
2024-08-19 13:02:14,18300.0,1000,Sell,232719128
2024-08-19 13:02:17,18300.0,3500,Sell,232719246
2024-08-19 13:02:17,18300.0,200,Sell,232719245
2024-08-19 13:02:17,18300.0,6000,Sell,232719243
2024-08-19 13:02:17,18300.0,300,Sell,232719244
2024-08-19 13:02:50,18300.0,1300,Sell,232720153
2024-08-19 13:02:50,18300.0,500,Sell,232720154
2024-08-19 13:02:50,18300.0,1000,Sell,232720155
2024-08-19 13:02:50,18300.0,300,Sell,232720156
2024-08-19 13:02:50,18300.0,8500,Sell,232720157
2024-08-19 13:02:59,18300.0,100,Sell,232720474
2024-08-19 13:03:00,18300.0,200,Sell,232720487
2024-08-19 13:03:15,18300.0,200,Sell,232720845
2024-08-19 13:03:17,18300.0,2700,Sell,232720922
2024-08-19 13:03:24,18300.0,300,Sell,232721172
2024-08-19 13:03:30,18300.0,100,Sell,232721293
2024-08-19 13:03:40,18300.0,1000,Sell,232721557
2024-08-19 13:03:42,18300.0,50000,Sell,232721612
2024-08-19 13:03:47,18300.0,5000,Sell,232721766
2024-08-19 13:03:47,18300.0,1000,Sell,232721770
2024-08-19 13:03:49,18300.0,1800,Sell,232721851
2024-08-19 13:03:49,18300.0,500,Sell,232721840
2024-08-19 13:03:49,18300.0,400,Sell,232721842
2024-08-19 13:03:49,18300.0,2000,Sell,232721843
2024-08-19 13:03:49,18300.0,2000,Sell,232721844
2024-08-19 13:03:49,18300.0,100,Sell,232721847
2024-08-19 13:03:49,18300.0,100,Sell,232721846
2024-08-19 13:03:49,18300.0,100,Sell,232721848
2024-08-19 13:03:49,18300.0,100,Sell,232721849
2024-08-19 13:03:49,18300.0,300,Sell,232721850
2024-08-19 13:03:49,18300.0,100,Sell,232721845
2024-08-19 13:03:49,18300.0,100,Sell,232721839
2024-08-19 13:03:49,18300.0,100,Sell,232721841
2024-08-19 13:03:49,18300.0,1000,Sell,232721837
2024-08-19 13:03:49,18300.0,500,Sell,232721838
2024-08-19 13:03:49,18300.0,20000,Sell,232721791
2024-08-19 13:03:49,18300.0,10900,Sell,232721827
2024-08-19 13:03:49,18300.0,200,Sell,232721828
2024-08-19 13:03:49,18300.0,1000,Sell,232721829
2024-08-19 13:03:49,18300.0,400,Sell,232721835
2024-08-19 13:03:49,18300.0,200,Sell,232721831
2024-08-19 13:03:49,18300.0,1000,Sell,232721830
2024-08-19 13:03:49,18300.0,100,Sell,232721834
2024-08-19 13:03:49,18300.0,20000,Sell,232721836
2024-08-19 13:03:49,18300.0,2000,Sell,232721832
2024-08-19 13:03:49,18300.0,5000,Sell,232721833
2024-08-19 13:03:52,18300.0,100,Sell,232721918
2024-08-19 13:03:57,18300.0,300,Sell,232722054
2024-08-19 13:04:03,18300.0,1000,Sell,232722309
2024-08-19 13:04:04,18300.0,1800,Sell,232722316
2024-08-19 13:04:04,18300.0,200,Sell,232722317
2024-08-19 13:04:10,18300.0,100,Sell,232722493
2024-08-19 13:04:20,18300.0,200,Sell,232722771
2024-08-19 13:04:20,18300.0,100,Sell,232722772
2024-08-19 13:04:20,18300.0,1600,Sell,232722773
2024-08-19 13:04:20,18300.0,200,Sell,232722774
2024-08-19 13:04:20,18300.0,300,Sell,232722775
2024-08-19 13:04:20,18300.0,1000,Sell,232722776
2024-08-19 13:04:20,18300.0,1600,Sell,232722777
2024-08-19 13:04:22,18300.0,1000,Sell,232722797
2024-08-19 13:04:32,18300.0,100,Buy,232723026
2024-08-19 13:04:36,18300.0,1000,Buy,232723127
2024-08-19 13:04:44,18300.0,100,Buy,232723473
2024-08-19 13:04:50,18300.0,5000,Buy,232723679
2024-08-19 13:04:55,18250.0,2000,Sell,232723819
2024-08-19 13:04:59,18300.0,200,Buy,232723954
2024-08-19 13:05:00,18250.0,2000,Sell,232723976
2024-08-19 13:05:21,18300.0,700,Buy,232724456
2024-08-19 13:05:33,18250.0,2800,Sell,232724769
2024-08-19 13:05:33,18250.0,200,Sell,232724768
2024-08-19 13:05:33,18250.0,1000,Sell,232724766
2024-08-19 13:05:33,18250.0,1000,Sell,232724767
2024-08-19 13:05:50,18250.0,700,Sell,232725348
2024-08-19 13:05:57,18250.0,100,Sell,232725554
2024-08-19 13:06:24,18300.0,100,Buy,232726394
2024-08-19 13:06:27,18250.0,2800,Sell,232726474
2024-08-19 13:06:51,18250.0,2700,Sell,232727152
2024-08-19 13:07:04,18250.0,7000,Sell,232727603
2024-08-19 13:07:39,18250.0,1000,Sell,232728540
2024-08-19 13:07:39,18300.0,1800,Buy,232728525
2024-08-19 13:07:39,18300.0,200,Buy,232728526
2024-08-19 13:08:02,18250.0,100,Sell,232729257
2024-08-19 13:08:15,18250.0,1000,Sell,232729876
2024-08-19 13:08:26,18300.0,1000,Buy,232730143
2024-08-19 13:08:26,18250.0,300,Sell,232730155
2024-08-19 13:09:15,18250.0,3000,Sell,232731393
2024-08-19 13:09:54,18300.0,1000,Buy,232732269
2024-08-19 13:09:54,18300.0,1000,Buy,232732270
2024-08-19 13:10:09,18250.0,3000,Sell,232732774
2024-08-19 13:10:14,18300.0,8800,Buy,232732867
2024-08-19 13:10:14,18300.0,600,Buy,232732864
2024-08-19 13:10:14,18300.0,500,Buy,232732865
2024-08-19 13:10:14,18300.0,100,Buy,232732866
2024-08-19 13:10:20,18300.0,4800,Buy,232732991
2024-08-19 13:10:21,18250.0,1000,Sell,232733039
2024-08-19 13:10:22,18250.0,1000,Sell,232733093
2024-08-19 13:10:29,18250.0,2700,Sell,232733349
2024-08-19 13:10:44,18250.0,4400,Sell,232733782
2024-08-19 13:10:49,18250.0,1000,Sell,232733921
2024-08-19 13:11:07,18250.0,1000,Sell,232734483
2024-08-19 13:11:18,18250.0,1000,Sell,232734781
2024-08-19 13:11:27,18250.0,1000,Sell,232734951
2024-08-19 13:11:33,18300.0,500,Buy,232735111
2024-08-19 13:11:36,18250.0,5000,Sell,232735195
2024-08-19 13:11:39,18250.0,1000,Sell,232735272
2024-08-19 13:11:40,18250.0,1100,Sell,232735315
2024-08-19 13:11:48,18300.0,100,Buy,232735559
2024-08-19 13:11:49,18250.0,5300,Sell,232735578
2024-08-19 13:11:49,18250.0,200,Sell,232735579
2024-08-19 13:11:49,18250.0,100,Sell,232735580
2024-08-19 13:11:49,18250.0,500,Sell,232735581
2024-08-19 13:11:50,18250.0,1000,Sell,232735614
2024-08-19 13:11:58,18250.0,1000,Sell,232735935
2024-08-19 13:12:03,18250.0,700,Sell,232736081
2024-08-19 13:12:03,18250.0,5300,Sell,232736080
2024-08-19 13:12:10,18250.0,300,Sell,232736263
2024-08-19 13:12:10,18250.0,200,Sell,232736264
2024-08-19 13:12:10,18250.0,500,Sell,232736265
2024-08-19 13:12:10,18300.0,29400,Buy,232736273
2024-08-19 13:12:10,18300.0,600,Buy,232736274
2024-08-19 13:12:26,18250.0,500,Sell,232736839
2024-08-19 13:12:26,18250.0,500,Sell,232736840
2024-08-19 13:12:27,18250.0,800,Sell,232736848
2024-08-19 13:12:27,18250.0,200,Sell,232736847
2024-08-19 13:12:32,18300.0,100,Buy,232736971
2024-08-19 13:12:40,18250.0,800,Sell,232737211
2024-08-19 13:12:40,18250.0,200,Sell,232737204
2024-08-19 13:12:46,18250.0,800,Sell,232737369
2024-08-19 13:12:46,18250.0,200,Sell,232737368
2024-08-19 13:12:57,18300.0,100,Buy,232737695
2024-08-19 13:13:00,18250.0,100,Sell,232737755
2024-08-19 13:13:14,18300.0,100,Buy,232738173
2024-08-19 13:13:32,18250.0,100,Sell,232738729
2024-08-19 13:13:38,18300.0,100,Buy,232738956
2024-08-19 13:13:51,18250.0,500,Sell,232739271
2024-08-19 13:13:51,18250.0,500,Sell,232739272
2024-08-19 13:13:58,18300.0,100,Buy,232739426
2024-08-19 13:14:05,18300.0,100,Buy,232739566
2024-08-19 13:14:15,18300.0,5800,Buy,232739899
2024-08-19 13:14:17,18250.0,500,Sell,232739933
2024-08-19 13:14:17,18250.0,200,Sell,232739934
2024-08-19 13:14:23,18250.0,10000,Sell,232740073
2024-08-19 13:14:25,18300.0,100,Buy,232740099
2024-08-19 13:14:27,18250.0,100,Sell,232740143
2024-08-19 13:14:31,18250.0,10000,Sell,232740254
2024-08-19 13:14:52,18250.0,300,Sell,232740732
2024-08-19 13:14:59,18300.0,500,Buy,232740921
2024-08-19 13:15:20,18250.0,5000,Sell,232741528
2024-08-19 13:15:24,18250.0,1000,Sell,232741612
2024-08-19 13:15:34,18250.0,300,Sell,232741922
2024-08-19 13:15:34,18250.0,400,Sell,232741919
2024-08-19 13:15:34,18250.0,200,Sell,232741920
2024-08-19 13:15:34,18250.0,100,Sell,232741921
2024-08-19 13:15:45,18250.0,1000,Sell,232742321
2024-08-19 13:15:55,18250.0,600,Sell,232742651
2024-08-19 13:15:55,18250.0,100,Sell,232742652
2024-08-19 13:15:55,18250.0,300,Sell,232742653
2024-08-19 13:15:55,18250.0,400,Sell,232742654
2024-08-19 13:15:57,18250.0,500,Sell,232742701
2024-08-19 13:16:04,18250.0,1000,Sell,232742857
2024-08-19 13:16:04,18250.0,200,Sell,232742862
2024-08-19 13:16:05,18300.0,2000,Buy,232742882
2024-08-19 13:16:15,18250.0,1000,Sell,232743259
2024-08-19 13:16:40,18300.0,1000,Buy,232743840
2024-08-19 13:16:41,18300.0,300,Buy,232743893
2024-08-19 13:17:05,18300.0,700,Buy,232744518
2024-08-19 13:17:10,18300.0,2800,Buy,232744607
2024-08-19 13:17:30,18300.0,1200,Buy,232745122
2024-08-19 13:17:31,18250.0,300,Sell,232745132
2024-08-19 13:17:44,18250.0,2700,Sell,232745399
2024-08-19 13:17:58,18250.0,3600,Sell,232745717
2024-08-19 13:17:58,18250.0,400,Sell,232745735
2024-08-19 13:17:58,18250.0,100,Sell,232745734
2024-08-19 13:17:58,18250.0,100,Sell,232745733
2024-08-19 13:17:58,18250.0,100,Sell,232745732
2024-08-19 13:17:58,18250.0,200,Sell,232745730
2024-08-19 13:17:58,18250.0,200,Sell,232745729
2024-08-19 13:17:58,18250.0,500,Sell,232745728
2024-08-19 13:17:58,18250.0,1100,Sell,232745727
2024-08-19 13:17:58,18250.0,600,Sell,232745731
2024-08-19 13:17:58,18250.0,100,Sell,232745725
2024-08-19 13:17:58,18250.0,1000,Sell,232745724
2024-08-19 13:17:58,18250.0,100,Sell,232745723
2024-08-19 13:17:58,18250.0,1000,Sell,232745722
2024-08-19 13:17:58,18250.0,100,Sell,232745721
2024-08-19 13:17:58,18250.0,100,Sell,232745720
2024-08-19 13:17:58,18250.0,100,Sell,232745719
2024-08-19 13:17:58,18250.0,100,Sell,232745726
2024-08-19 13:17:58,18250.0,500,Sell,232745718
2024-08-19 13:18:05,18300.0,1600,Buy,232745960
2024-08-19 13:18:05,18300.0,1500,Buy,232745959
2024-08-19 13:18:05,18300.0,800,Buy,232745958
2024-08-19 13:18:05,18300.0,1500,Buy,232745954
