time,price,volume,match_type,id
2024-08-16 09:14:38,17950.0,41800,ATO/ATC,231987781
2024-08-16 09:15:11,17950.0,200,Sell,231988318
2024-08-16 09:15:43,17950.0,100,Sell,231988844
2024-08-16 09:15:59,17950.0,300,Sell,231989184
2024-08-16 09:16:36,17950.0,2000,Sell,231989937
2024-08-16 09:16:51,17950.0,200,Sell,231990298
2024-08-16 09:16:54,18000.0,100,Buy,231990355
2024-08-16 09:17:10,18000.0,100,Buy,231990711
2024-08-16 09:17:29,18000.0,200,Buy,231991090
2024-08-16 09:17:30,18000.0,300,Buy,231991111
2024-08-16 09:17:44,18000.0,200,Buy,231991555
2024-08-16 09:17:49,17950.0,5000,Sell,231991687
2024-08-16 09:17:55,18000.0,100,Buy,231991832
2024-08-16 09:17:55,18000.0,800,Buy,231991833
2024-08-16 09:17:56,18000.0,1800,Buy,231991867
2024-08-16 09:17:56,18000.0,200,Buy,231991866
2024-08-16 09:17:59,17950.0,500,Sell,231991938
2024-08-16 09:18:05,18000.0,1000,Buy,231992077
2024-08-16 09:18:07,17950.0,500,Sell,231992143
2024-08-16 09:18:07,17950.0,300,Sell,231992142
2024-08-16 09:18:07,17950.0,300,Sell,231992141
2024-08-16 09:18:07,17950.0,3000,Sell,231992140
2024-08-16 09:18:07,17950.0,100,Sell,231992139
2024-08-16 09:18:07,17950.0,11000,Sell,231992134
2024-08-16 09:18:07,17950.0,500,Sell,231992137
2024-08-16 09:18:07,17950.0,1200,Sell,231992136
2024-08-16 09:18:07,17950.0,200,Sell,231992135
2024-08-16 09:18:07,17950.0,8700,Sell,231992132
2024-08-16 09:18:07,17950.0,200,Sell,231992138
2024-08-16 09:18:07,17950.0,100,Sell,231992133
2024-08-16 09:18:32,17900.0,100,Sell,231992614
2024-08-16 09:18:32,17900.0,100,Sell,231992615
2024-08-16 09:18:32,17900.0,100,Sell,231992616
2024-08-16 09:18:44,17950.0,1500,Buy,231992886
2024-08-16 09:19:01,17950.0,100,Buy,231993159
2024-08-16 09:19:02,17900.0,3000,Sell,231993174
2024-08-16 09:19:13,17950.0,100,Buy,231993381
2024-08-16 09:19:13,17950.0,6800,Buy,231993376
2024-08-16 09:19:13,17950.0,12200,Buy,231993372
2024-08-16 09:19:13,17950.0,1000,Buy,231993374
2024-08-16 09:19:13,17950.0,5000,Buy,231993373
2024-08-16 09:19:13,17950.0,5000,Buy,231993375
2024-08-16 09:19:19,17950.0,5000,Buy,231993458
2024-08-16 09:19:23,17950.0,200,Buy,231993563
2024-08-16 09:19:24,17900.0,100,Sell,231993580
2024-08-16 09:19:30,17950.0,100,Buy,231993695
2024-08-16 09:19:32,17900.0,10000,Sell,231993738
2024-08-16 09:20:05,17900.0,100,Sell,231994494
2024-08-16 09:20:07,17900.0,2000,Sell,231994541
2024-08-16 09:20:20,17900.0,200,Sell,231994821
2024-08-16 09:20:38,17900.0,1500,Sell,231995252
2024-08-16 09:20:55,17900.0,300,Sell,231995550
2024-08-16 09:21:16,17900.0,100,Sell,231995946
2024-08-16 09:21:40,17900.0,3000,Sell,231996330
2024-08-16 09:21:53,17950.0,20000,Buy,231996599
2024-08-16 09:22:17,17950.0,1000,Buy,231997053
2024-08-16 09:22:30,17950.0,10000,Buy,231997242
2024-08-16 09:22:33,17950.0,5000,Buy,231997312
2024-08-16 09:22:52,17950.0,2300,Buy,231997556
2024-08-16 09:22:52,17950.0,1000,Buy,231997557
2024-08-16 09:22:52,17950.0,6700,Buy,231997558
2024-08-16 09:23:37,17950.0,100,Buy,231998323
2024-08-16 09:23:38,17950.0,200,Buy,231998355
2024-08-16 09:24:00,17950.0,600,Buy,231998787
2024-08-16 09:24:02,17950.0,100,Buy,231998822
2024-08-16 09:24:07,17950.0,2300,Buy,231998905
2024-08-16 09:24:07,17950.0,1000,Buy,231998906
2024-08-16 09:24:28,17950.0,300,Buy,231999310
2024-08-16 09:24:49,17950.0,700,Buy,231999713
2024-08-16 09:24:49,17950.0,3300,Buy,231999714
2024-08-16 09:25:15,17950.0,800,Buy,232000149
2024-08-16 09:25:47,17900.0,600,Sell,232000681
2024-08-16 09:25:55,17950.0,100,Buy,232000804
2024-08-16 09:26:14,17950.0,800,Buy,232001116
2024-08-16 09:26:14,17950.0,200,Buy,232001117
2024-08-16 09:26:47,17950.0,1000,Buy,232001717
2024-08-16 09:26:59,17950.0,11300,Buy,232001878
2024-08-16 09:26:59,17950.0,300,Buy,232001879
2024-08-16 09:26:59,17950.0,600,Buy,232001880
2024-08-16 09:26:59,17950.0,800,Buy,232001877
2024-08-16 09:27:07,17900.0,600,Sell,232001997
2024-08-16 09:27:07,17900.0,3800,Sell,232001999
2024-08-16 09:27:07,17900.0,14500,Sell,232001998
2024-08-16 09:27:07,17900.0,100,Sell,232001996
2024-08-16 09:27:07,17900.0,100,Sell,232001993
2024-08-16 09:27:07,17900.0,500,Sell,232001994
2024-08-16 09:27:07,17900.0,1000,Sell,232001992
2024-08-16 09:27:07,17900.0,200,Sell,232001991
2024-08-16 09:27:07,17900.0,29000,Sell,232001990
2024-08-16 09:27:07,17900.0,200,Sell,232001995
2024-08-16 09:27:26,17950.0,2400,Buy,232002274
2024-08-16 09:27:26,17950.0,700,Buy,232002275
2024-08-16 09:27:26,17950.0,500,Buy,232002276
2024-08-16 09:27:26,17950.0,500,Buy,232002277
2024-08-16 09:27:26,17950.0,100,Buy,232002278
2024-08-16 09:27:26,17950.0,400,Buy,232002279
2024-08-16 09:27:26,17950.0,400,Buy,232002280
2024-08-16 09:27:48,17950.0,700,Buy,232002748
2024-08-16 09:27:48,17950.0,100,Buy,232002747
2024-08-16 09:27:48,17950.0,200,Buy,232002744
2024-08-16 09:27:48,17950.0,100,Buy,232002745
2024-08-16 09:27:48,17950.0,100,Buy,232002746
2024-08-16 09:28:09,17950.0,100,Buy,232003080
2024-08-16 09:29:42,17950.0,2000,Buy,232004777
2024-08-16 09:29:55,17950.0,1000,Buy,232004995
2024-08-16 09:30:17,17950.0,500,Buy,232005323
2024-08-16 09:30:19,17950.0,100,Buy,232005368
2024-08-16 09:30:21,17950.0,100,Buy,232005397
2024-08-16 09:30:26,17900.0,100,Sell,232005455
2024-08-16 09:32:03,17900.0,500,Sell,232006903
2024-08-16 09:33:22,17900.0,900,Sell,232008497
2024-08-16 09:33:22,17900.0,1000,Sell,232008495
2024-08-16 09:33:22,17900.0,100,Sell,232008496
2024-08-16 09:33:22,17900.0,100,Sell,232008493
2024-08-16 09:33:22,17900.0,600,Sell,232008492
2024-08-16 09:33:22,17900.0,100,Sell,232008494
2024-08-16 09:33:57,17900.0,1200,Sell,232009114
2024-08-16 09:35:00,17900.0,1000,Sell,232010620
2024-08-16 09:36:00,17950.0,500,Buy,232012052
2024-08-16 09:36:43,17900.0,400,Sell,232013110
2024-08-16 09:37:00,17900.0,2000,Sell,232013589
2024-08-16 09:37:03,17950.0,200,Buy,232013678
2024-08-16 09:37:08,17950.0,100,Buy,232013838
2024-08-16 09:37:08,17950.0,500,Buy,232013842
2024-08-16 09:37:08,17950.0,500,Buy,232013841
2024-08-16 09:37:08,17950.0,5000,Buy,232013840
2024-08-16 09:37:08,17950.0,1800,Buy,232013839
2024-08-16 09:37:08,17950.0,200,Buy,232013837
2024-08-16 09:37:08,17950.0,500,Buy,232013831
2024-08-16 09:37:08,17950.0,10000,Buy,232013835
2024-08-16 09:37:08,17950.0,3800,Buy,232013830
2024-08-16 09:37:08,17950.0,100,Buy,232013832
2024-08-16 09:37:08,17950.0,500,Buy,232013836
2024-08-16 09:37:08,17950.0,500,Buy,232013834
2024-08-16 09:37:08,17950.0,200,Buy,232013833
2024-08-16 09:38:21,18000.0,2000,Buy,232016056
2024-08-16 09:38:33,17950.0,1000,Sell,232016475
2024-08-16 09:38:57,17950.0,200,Sell,232017306
2024-08-16 09:39:06,17950.0,300,Sell,232017653
2024-08-16 09:39:09,18000.0,3500,Buy,232017776
2024-08-16 09:39:09,18000.0,500,Buy,232017769
2024-08-16 09:39:09,18000.0,100,Buy,232017770
2024-08-16 09:39:09,18000.0,100,Buy,232017771
2024-08-16 09:39:09,18000.0,400,Buy,232017772
2024-08-16 09:39:09,18000.0,2000,Buy,232017773
2024-08-16 09:39:09,18000.0,100,Buy,232017774
2024-08-16 09:39:09,18000.0,100,Buy,232017775
2024-08-16 09:39:09,18000.0,200,Buy,232017768
2024-08-16 09:39:47,17950.0,100,Sell,232019686
2024-08-16 09:39:51,18000.0,2000,Buy,232019947
2024-08-16 09:40:07,18000.0,100,Buy,232020610
2024-08-16 09:40:29,18000.0,1000,Buy,232021736
2024-08-16 09:40:43,17950.0,4000,Sell,232022446
2024-08-16 09:40:44,18000.0,3000,Buy,232022528
2024-08-16 09:40:58,18000.0,200,Buy,232023295
2024-08-16 09:41:13,18000.0,1000,Buy,232023890
2024-08-16 09:41:29,18000.0,100,Buy,232024583
2024-08-16 09:41:32,18000.0,200,Buy,232024652
2024-08-16 09:41:43,18000.0,1000,Buy,232025148
2024-08-16 09:41:57,18000.0,200,Buy,232025660
2024-08-16 09:42:25,18000.0,100,Buy,232027048
2024-08-16 09:42:51,18000.0,100,Buy,232028259
2024-08-16 09:43:36,18000.0,2700,Buy,232030058
2024-08-16 09:43:36,18000.0,400,Buy,232030060
2024-08-16 09:43:36,18000.0,100,Buy,232030059
2024-08-16 09:43:36,18000.0,1100,Buy,232030057
2024-08-16 09:43:36,18000.0,4500,Buy,232030051
2024-08-16 09:43:36,18000.0,200,Buy,232030055
2024-08-16 09:43:36,18000.0,200,Buy,232030054
2024-08-16 09:43:36,18000.0,200,Buy,232030053
2024-08-16 09:43:36,18000.0,500,Buy,232030052
2024-08-16 09:43:36,18000.0,100,Buy,232030056
2024-08-16 09:44:13,18000.0,1600,Buy,232031436
2024-08-16 09:44:13,18000.0,300,Buy,232031437
2024-08-16 09:44:13,18000.0,3100,Buy,232031438
2024-08-16 09:44:38,18000.0,100,Buy,232032403
2024-08-16 09:44:46,18000.0,6800,Buy,232032701
2024-08-16 09:44:46,18000.0,1000,Buy,232032702
2024-08-16 09:44:46,18000.0,100,Buy,232032703
2024-08-16 09:44:46,18000.0,100,Buy,232032704
2024-08-16 09:44:46,18000.0,2500,Buy,232032712
2024-08-16 09:45:04,17950.0,300,Sell,232033208
2024-08-16 09:45:04,17950.0,700,Sell,232033206
2024-08-16 09:45:04,17950.0,1000,Sell,232033207
2024-08-16 09:45:42,17950.0,100,Sell,232034332
2024-08-16 09:46:35,17950.0,4400,Sell,232035689
2024-08-16 09:46:35,17950.0,5000,Sell,232035688
2024-08-16 09:46:35,17950.0,100,Sell,232035682
2024-08-16 09:46:35,17950.0,200,Sell,232035687
2024-08-16 09:46:35,17950.0,500,Sell,232035686
2024-08-16 09:46:35,17950.0,1000,Sell,232035685
2024-08-16 09:46:35,17950.0,500,Sell,232035684
2024-08-16 09:46:35,17950.0,1000,Sell,232035683
2024-08-16 09:46:35,17950.0,200,Sell,232035681
2024-08-16 09:46:35,17950.0,500,Sell,232035673
2024-08-16 09:46:35,17950.0,100,Sell,232035679
2024-08-16 09:46:35,17950.0,500,Sell,232035678
2024-08-16 09:46:35,17950.0,2000,Sell,232035677
2024-08-16 09:46:35,17950.0,15000,Sell,232035676
2024-08-16 09:46:35,17950.0,100,Sell,232035675
2024-08-16 09:46:35,17950.0,100,Sell,232035674
2024-08-16 09:46:35,17950.0,100,Sell,232035672
2024-08-16 09:46:35,17950.0,600,Sell,232035671
2024-08-16 09:46:35,17950.0,100,Sell,232035680
2024-08-16 09:46:59,17950.0,1000,Sell,232036288
2024-08-16 09:47:07,17950.0,400,Sell,232036558
2024-08-16 09:47:09,17950.0,100,Sell,232036578
2024-08-16 09:47:23,17950.0,100,Sell,232036890
2024-08-16 09:47:24,18000.0,400,Buy,232036916
2024-08-16 09:48:01,18000.0,100,Buy,232037854
2024-08-16 09:48:08,18000.0,100,Buy,232038016
2024-08-16 09:48:13,18000.0,2000,Buy,232038143
2024-08-16 09:48:46,18000.0,3000,Buy,232038896
2024-08-16 09:49:06,18000.0,300,Buy,232039335
2024-08-16 09:49:13,18000.0,1600,Buy,232039565
2024-08-16 09:49:13,18000.0,100,Buy,232039566
2024-08-16 09:49:13,18000.0,300,Buy,232039567
2024-08-16 09:49:22,18000.0,600,Buy,232039790
2024-08-16 09:49:22,18000.0,1400,Buy,232039789
2024-08-16 09:49:22,18000.0,2000,Buy,232039788
2024-08-16 09:49:22,18000.0,3100,Buy,232039787
2024-08-16 09:49:22,18000.0,100,Buy,232039785
2024-08-16 09:49:22,18000.0,500,Buy,232039784
2024-08-16 09:49:22,18000.0,100,Buy,232039783
2024-08-16 09:49:22,18000.0,200,Buy,232039782
2024-08-16 09:49:22,18000.0,2000,Buy,232039786
2024-08-16 09:49:25,18000.0,100,Buy,232039856
2024-08-16 09:49:28,18000.0,800,Buy,232040016
2024-08-16 09:49:28,18000.0,100,Buy,232040017
2024-08-16 09:49:28,18000.0,100,Buy,232040018
2024-08-16 09:49:36,18000.0,100,Buy,232040183
2024-08-16 09:49:36,18000.0,900,Buy,232040184
2024-08-16 09:49:52,18000.0,100,Buy,232040573
2024-08-16 09:49:55,18000.0,9200,Buy,232040660
2024-08-16 09:49:55,18000.0,100,Buy,232040659
2024-08-16 09:49:55,18000.0,100,Buy,232040656
2024-08-16 09:49:55,18000.0,500,Buy,232040657
2024-08-16 09:49:55,18000.0,100,Buy,232040658
2024-08-16 09:49:59,18000.0,4000,Buy,232040737
2024-08-16 09:49:59,18000.0,3900,Buy,232040742
2024-08-16 09:49:59,18000.0,300,Buy,232040741
2024-08-16 09:49:59,18000.0,200,Buy,232040740
2024-08-16 09:49:59,18000.0,1000,Buy,232040739
2024-08-16 09:49:59,18000.0,100,Buy,232040736
2024-08-16 09:49:59,18000.0,200,Buy,232040738
2024-08-16 09:49:59,18000.0,500,Buy,232040734
2024-08-16 09:49:59,18000.0,300,Buy,232040729
2024-08-16 09:49:59,18000.0,2000,Buy,232040730
2024-08-16 09:49:59,18000.0,400,Buy,232040731
2024-08-16 09:49:59,18000.0,300,Buy,232040735
2024-08-16 09:49:59,18000.0,15800,Buy,232040728
2024-08-16 09:49:59,18000.0,900,Buy,232040732
2024-08-16 09:49:59,18000.0,100,Buy,232040733
2024-08-16 09:50:02,18000.0,300,Buy,232040795
2024-08-16 09:50:02,18000.0,200,Buy,232040796
2024-08-16 09:50:06,18000.0,300,Buy,232040892
2024-08-16 09:50:06,18000.0,1600,Buy,232040893
2024-08-16 09:50:06,18000.0,300,Buy,232040894
2024-08-16 09:50:06,18000.0,2000,Buy,232040895
2024-08-16 09:50:06,18000.0,800,Buy,232040896
2024-08-16 09:50:06,18000.0,1500,Buy,232040912
2024-08-16 09:50:14,18000.0,500,Buy,232041124
2024-08-16 09:50:23,18000.0,100,Buy,232041359
2024-08-16 09:50:34,18000.0,600,Buy,232041634
2024-08-16 09:50:36,18000.0,100,Buy,232041685
2024-08-16 09:51:02,18000.0,500,Sell,232042285
2024-08-16 09:51:04,18000.0,1000,Sell,232042325
2024-08-16 09:51:05,18000.0,200,Sell,232042347
2024-08-16 09:51:32,18000.0,100,Sell,232042950
2024-08-16 09:51:33,18000.0,100,Sell,232042963
2024-08-16 09:52:21,18000.0,200,Sell,232044075
2024-08-16 09:52:21,18000.0,800,Sell,232044076
2024-08-16 09:52:51,18000.0,800,Sell,232044942
2024-08-16 09:52:51,18000.0,2200,Sell,232044943
2024-08-16 09:52:58,18000.0,200,Sell,232045111
2024-08-16 09:53:25,18000.0,100,Sell,232045782
2024-08-16 09:53:25,18000.0,600,Sell,232045785
2024-08-16 09:53:29,18000.0,300,Sell,232045891
2024-08-16 09:53:39,18050.0,100,Buy,232046216
2024-08-16 09:54:13,18050.0,100,Buy,232047127
2024-08-16 09:54:13,18050.0,1800,Buy,232047128
2024-08-16 09:54:13,18050.0,4700,Buy,232047129
2024-08-16 09:54:13,18050.0,100,Buy,232047130
2024-08-16 09:54:13,18050.0,1000,Buy,232047131
2024-08-16 09:54:13,18050.0,2000,Buy,232047132
2024-08-16 09:54:13,18050.0,2000,Buy,232047136
2024-08-16 09:54:13,18050.0,100,Buy,232047134
2024-08-16 09:54:13,18050.0,1000,Buy,232047137
2024-08-16 09:54:13,18050.0,200,Buy,232047138
2024-08-16 09:54:13,18050.0,1100,Buy,232047140
2024-08-16 09:54:13,18050.0,100,Buy,232047126
2024-08-16 09:54:13,18050.0,1000,Buy,232047133
2024-08-16 09:54:13,18050.0,500,Buy,232047125
2024-08-16 09:54:13,18050.0,1000,Buy,232047139
2024-08-16 09:54:13,18050.0,100,Buy,232047123
2024-08-16 09:54:13,18050.0,100,Buy,232047110
2024-08-16 09:54:13,18050.0,100,Buy,232047124
2024-08-16 09:54:13,18050.0,200,Buy,232047111
2024-08-16 09:54:13,18050.0,300,Buy,232047112
2024-08-16 09:54:13,18050.0,1000,Buy,232047113
2024-08-16 09:54:13,18050.0,200,Buy,232047114
2024-08-16 09:54:13,18050.0,9900,Buy,232047109
2024-08-16 09:54:13,18050.0,100,Buy,232047115
2024-08-16 09:54:13,18050.0,200,Buy,232047117
2024-08-16 09:54:13,18050.0,100,Buy,232047118
2024-08-16 09:54:13,18050.0,200,Buy,232047119
2024-08-16 09:54:13,18050.0,300,Buy,232047120
2024-08-16 09:54:13,18050.0,100,Buy,232047121
2024-08-16 09:54:13,18050.0,200,Buy,232047122
2024-08-16 09:54:13,18050.0,200,Buy,232047116
2024-08-16 09:54:17,18050.0,2300,Buy,232047217
2024-08-16 09:54:17,18050.0,1100,Buy,232047214
2024-08-16 09:54:17,18050.0,100,Buy,232047215
2024-08-16 09:54:17,18050.0,1500,Buy,232047216
2024-08-16 09:54:22,18050.0,200,Buy,232047322
2024-08-16 09:54:22,18050.0,1000,Buy,232047323
2024-08-16 09:54:22,18050.0,1000,Buy,232047324
2024-08-16 09:54:27,18050.0,1000,Buy,232047462
2024-08-16 09:54:34,18050.0,3000,Sell,232047655
2024-08-16 09:54:38,18050.0,500,Sell,232047743
2024-08-16 09:54:42,18050.0,400,Sell,232047832
2024-08-16 09:54:43,18050.0,2200,Sell,232047859
2024-08-16 09:54:50,18050.0,200,Sell,232048046
2024-08-16 09:55:05,18050.0,500,Sell,232048421
2024-08-16 09:55:20,18100.0,600,Buy,232048805
2024-08-16 09:55:30,18050.0,300,Sell,232049037
2024-08-16 09:55:39,18050.0,100,Sell,232049187
2024-08-16 09:55:45,18100.0,1000,Buy,232049311
2024-08-16 09:55:45,18100.0,1700,Buy,232049315
2024-08-16 09:55:45,18100.0,2000,Buy,232049314
2024-08-16 09:55:45,18100.0,2500,Buy,232049313
2024-08-16 09:55:45,18100.0,200,Buy,232049312
2024-08-16 09:55:45,18100.0,200,Buy,232049310
2024-08-16 09:55:45,18100.0,1000,Buy,232049308
2024-08-16 09:55:45,18100.0,100,Buy,232049307
2024-08-16 09:55:45,18100.0,500,Buy,232049306
2024-08-16 09:55:45,18100.0,200,Buy,232049305
2024-08-16 09:55:45,18100.0,100,Buy,232049304
2024-08-16 09:55:45,18100.0,400,Buy,232049303
2024-08-16 09:55:45,18100.0,100,Buy,232049309
2024-08-16 09:55:53,18100.0,100,Buy,232049443
2024-08-16 09:56:00,18050.0,200,Sell,232049540
2024-08-16 09:56:05,18050.0,500,Sell,232049617
2024-08-16 09:56:16,18050.0,100,Sell,232049782
2024-08-16 09:56:22,18050.0,1000,Sell,232049873
2024-08-16 09:56:22,18050.0,1000,Sell,232049874
2024-08-16 09:56:28,18050.0,1000,Sell,232050033
2024-08-16 09:56:28,18050.0,200,Sell,232050032
2024-08-16 09:56:28,18050.0,8800,Sell,232050034
2024-08-16 09:56:28,18050.0,200,Sell,232050030
2024-08-16 09:56:28,18050.0,30000,Sell,232050029
2024-08-16 09:56:28,18050.0,1800,Sell,232050028
2024-08-16 09:56:28,18050.0,8000,Sell,232050031
2024-08-16 09:56:34,18050.0,300,Sell,232050128
2024-08-16 09:56:38,18050.0,500,Sell,232050218
2024-08-16 09:56:41,18050.0,3000,Sell,232050271
2024-08-16 09:56:43,18100.0,200,Buy,232050304
2024-08-16 09:56:43,18100.0,300,Buy,232050305
2024-08-16 09:56:44,18050.0,100,Sell,232050313
2024-08-16 09:56:44,18100.0,500,Buy,232050329
2024-08-16 09:56:45,18050.0,7300,Sell,232050339
2024-08-16 09:56:45,18050.0,2700,Sell,232050340
2024-08-16 09:56:49,18050.0,1000,Sell,232050379
2024-08-16 09:57:03,18050.0,500,Sell,232050723
2024-08-16 09:57:08,18050.0,800,Sell,232050813
2024-08-16 09:57:08,18050.0,200,Sell,232050814
2024-08-16 09:57:09,18050.0,300,Sell,232050816
2024-08-16 09:57:09,18050.0,3700,Sell,232050817
2024-08-16 09:57:14,18050.0,1300,Sell,232050893
2024-08-16 09:58:11,18050.0,100,Sell,232051922
2024-08-16 09:58:23,18050.0,100,Sell,232052162
2024-08-16 09:58:34,18050.0,100,Sell,232052358
2024-08-16 09:58:35,18100.0,200,Buy,232052395
2024-08-16 09:58:35,18100.0,100,Buy,232052396
2024-08-16 09:59:06,18100.0,2000,Buy,232053022
2024-08-16 09:59:11,18050.0,500,Sell,232053094
2024-08-16 09:59:25,18050.0,2000,Sell,232053318
2024-08-16 09:59:30,18050.0,200,Sell,232053552
2024-08-16 09:59:41,18050.0,2000,Sell,232053812
2024-08-16 09:59:41,18050.0,500,Sell,232053813
2024-08-16 09:59:41,18050.0,500,Sell,232053814
2024-08-16 09:59:56,18100.0,6300,Buy,232054119
2024-08-16 09:59:57,18050.0,500,Sell,232054142
2024-08-16 10:00:27,18050.0,1000,Sell,232054855
2024-08-16 10:00:36,18050.0,1000,Sell,232055085
2024-08-16 10:00:50,18050.0,1000,Sell,232055467
2024-08-16 10:00:57,18050.0,100,Sell,232055596
2024-08-16 10:00:57,18100.0,100,Buy,232055603
2024-08-16 10:00:59,18050.0,100,Sell,232055642
2024-08-16 10:01:14,18050.0,500,Sell,232055952
2024-08-16 10:01:46,18050.0,700,Sell,232056579
2024-08-16 10:01:58,18050.0,14600,Sell,232056820
2024-08-16 10:01:58,18050.0,300,Sell,232056821
2024-08-16 10:01:58,18050.0,100,Sell,232056822
2024-08-16 10:02:02,18050.0,1000,Sell,232056919
2024-08-16 10:02:05,18050.0,2000,Sell,232057005
2024-08-16 10:02:08,18050.0,100,Sell,232057068
2024-08-16 10:02:10,18050.0,500,Sell,232057122
2024-08-16 10:02:12,18050.0,500,Sell,232057203
2024-08-16 10:02:15,18050.0,1000,Sell,232057462
2024-08-16 10:02:15,18050.0,1300,Sell,232057461
2024-08-16 10:02:15,18050.0,700,Sell,232057460
2024-08-16 10:02:15,18050.0,100,Sell,232057459
2024-08-16 10:02:15,18050.0,5000,Sell,232057458
2024-08-16 10:02:15,18050.0,100,Sell,232057456
2024-08-16 10:02:15,18050.0,100,Sell,232057455
2024-08-16 10:02:15,18050.0,900,Sell,232057454
2024-08-16 10:02:15,18050.0,5700,Sell,232057453
2024-08-16 10:02:15,18050.0,100,Sell,232057451
2024-08-16 10:02:15,18050.0,1000,Sell,232057457
2024-08-16 10:03:10,18050.0,1100,Buy,232059018
2024-08-16 10:03:15,18050.0,2000,Buy,232059145
2024-08-16 10:03:21,18050.0,500,Buy,232059220
2024-08-16 10:03:34,18050.0,500,Buy,232059514
2024-08-16 10:03:37,18050.0,200,Buy,232059566
2024-08-16 10:04:29,18050.0,1000,Buy,232060732
2024-08-16 10:04:31,18050.0,10000,Buy,232060764
2024-08-16 10:04:50,18050.0,800,Buy,232061553
2024-08-16 10:04:51,18050.0,1700,Buy,232061573
2024-08-16 10:05:12,18050.0,10000,Buy,232062049
2024-08-16 10:05:19,18050.0,2300,Buy,232062179
2024-08-16 10:05:34,18050.0,300,Buy,232062556
2024-08-16 10:05:42,18050.0,3700,Buy,232062719
2024-08-16 10:05:42,18050.0,1300,Buy,232062720
2024-08-16 10:05:50,18050.0,8700,Buy,232062927
2024-08-16 10:05:50,18050.0,1300,Buy,232062928
2024-08-16 10:05:50,18050.0,300,Buy,232062934
2024-08-16 10:05:50,18050.0,2000,Buy,232062935
2024-08-16 10:05:50,18050.0,500,Buy,232062936
2024-08-16 10:05:50,18050.0,3000,Buy,232062937
2024-08-16 10:05:50,18050.0,800,Buy,232062938
2024-08-16 10:05:56,18050.0,200,Buy,232063025
2024-08-16 10:05:56,18050.0,300,Buy,232063026
2024-08-16 10:06:02,18050.0,500,Buy,232063188
2024-08-16 10:06:24,18050.0,9800,Buy,232063669
2024-08-16 10:06:24,18050.0,200,Buy,232063668
2024-08-16 10:06:28,18050.0,200,Buy,232063737
2024-08-16 10:06:56,18050.0,300,Buy,232064523
2024-08-16 10:06:56,18050.0,800,Buy,232064524
2024-08-16 10:07:17,18050.0,200,Buy,232064892
2024-08-16 10:07:17,18050.0,10000,Buy,232064893
2024-08-16 10:07:17,18050.0,100,Buy,232064894
2024-08-16 10:07:17,18050.0,700,Buy,232064895
2024-08-16 10:07:33,18050.0,500,Buy,232065391
2024-08-16 10:07:51,18050.0,1800,Buy,232065897
2024-08-16 10:07:51,18050.0,1200,Buy,232065898
2024-08-16 10:07:54,18050.0,500,Buy,232065974
2024-08-16 10:07:54,18050.0,100,Buy,232065981
2024-08-16 10:08:05,18050.0,200,Buy,232066377
2024-08-16 10:08:25,18050.0,300,Sell,232066869
2024-08-16 10:08:27,18050.0,500,Sell,232066928
2024-08-16 10:08:28,18050.0,2000,Buy,232066953
2024-08-16 10:08:39,18050.0,5600,Buy,232067215
2024-08-16 10:08:54,18050.0,500,Sell,232067598
2024-08-16 10:09:04,18050.0,2500,Sell,232067875
2024-08-16 10:09:04,18050.0,100,Sell,232067876
2024-08-16 10:09:04,18000.0,3400,Sell,232067877
2024-08-16 10:09:26,18050.0,100,Buy,232068731
2024-08-16 10:09:28,18050.0,4200,Sell,232068774
2024-08-16 10:09:41,18050.0,3700,Sell,232069120
2024-08-16 10:10:16,18050.0,2000,Buy,232070245
2024-08-16 10:10:38,18050.0,4300,Buy,232070980
2024-08-16 10:10:38,18050.0,1000,Buy,232070981
2024-08-16 10:10:42,18050.0,200,Sell,232071131
2024-08-16 10:10:42,18050.0,1800,Sell,232071099
2024-08-16 10:11:46,18050.0,1800,Sell,232073356
2024-08-16 10:11:58,18050.0,900,Sell,232073835
2024-08-16 10:11:58,18050.0,4100,Sell,232073836
2024-08-16 10:12:15,18050.0,300,Sell,232074374
2024-08-16 10:13:29,18050.0,600,Sell,232076746
2024-08-16 10:13:29,18050.0,3500,Sell,232076751
2024-08-16 10:13:29,18050.0,5900,Sell,232076752
2024-08-16 10:14:00,18100.0,1600,Buy,232078172
2024-08-16 10:14:24,18100.0,500,Buy,232079155
2024-08-16 10:14:26,18100.0,20000,Buy,232079294
2024-08-16 10:14:38,18050.0,1000,Sell,232079917
2024-08-16 10:14:48,18050.0,1800,Sell,232080325
2024-08-16 10:15:04,18100.0,2000,Buy,232081294
2024-08-16 10:15:18,18100.0,1600,Buy,232082011
2024-08-16 10:15:54,18050.0,1000,Sell,232084024
2024-08-16 10:16:00,18050.0,200,Sell,232084257
2024-08-16 10:16:00,18050.0,300,Sell,232084256
2024-08-16 10:16:12,18050.0,500,Sell,232084814
2024-08-16 10:16:12,18050.0,500,Sell,232084815
2024-08-16 10:16:26,18100.0,2000,Buy,232085594
2024-08-16 10:16:52,18100.0,10800,Buy,232087019
2024-08-16 10:17:00,18100.0,100,Buy,232087575
2024-08-16 10:17:15,18100.0,1600,Buy,232088403
2024-08-16 10:17:17,18100.0,500,Buy,232088525
2024-08-16 10:17:17,18100.0,1200,Buy,232088530
2024-08-16 10:17:17,18100.0,1000,Buy,232088529
2024-08-16 10:17:17,18100.0,100,Buy,232088527
2024-08-16 10:17:17,18100.0,1000,Buy,232088526
2024-08-16 10:17:17,18100.0,100,Buy,232088524
2024-08-16 10:17:17,18100.0,500,Buy,232088528
2024-08-16 10:17:17,18100.0,1000,Buy,232088522
2024-08-16 10:17:17,18100.0,200,Buy,232088518
2024-08-16 10:17:17,18100.0,1000,Buy,232088519
2024-08-16 10:17:17,18100.0,100,Buy,232088523
2024-08-16 10:17:17,18100.0,1000,Buy,232088520
2024-08-16 10:17:17,18100.0,1300,Buy,232088517
2024-08-16 10:17:17,18100.0,1000,Buy,232088521
2024-08-16 10:17:34,18100.0,800,Buy,232089600
2024-08-16 10:17:34,18100.0,3100,Buy,232089601
2024-08-16 10:17:35,18050.0,1800,Sell,232089688
2024-08-16 10:17:47,18100.0,1000,Buy,232090427
2024-08-16 10:17:47,18100.0,10000,Buy,232090439
2024-08-16 10:17:52,18100.0,1000,Buy,232090639
2024-08-16 10:17:53,18100.0,2000,Buy,232090719
2024-08-16 10:17:56,18050.0,1800,Sell,232090868
2024-08-16 10:18:00,18050.0,200,Sell,232091109
2024-08-16 10:18:02,18100.0,5000,Buy,232091246
2024-08-16 10:18:02,18100.0,100,Buy,232091247
2024-08-16 10:18:02,18100.0,100,Buy,232091248
2024-08-16 10:18:02,18100.0,100,Buy,232091249
2024-08-16 10:18:02,18100.0,200,Buy,232091258
2024-08-16 10:18:02,18100.0,100,Buy,232091254
2024-08-16 10:18:02,18100.0,200,Buy,232091255
2024-08-16 10:18:02,18100.0,500,Buy,232091256
2024-08-16 10:18:02,18100.0,5000,Buy,232091245
2024-08-16 10:18:02,18100.0,100,Buy,232091250
2024-08-16 10:18:02,18100.0,1200,Buy,232091244
2024-08-16 10:18:02,18100.0,100,Buy,232091257
2024-08-16 10:18:02,18100.0,500,Buy,232091242
2024-08-16 10:18:02,18100.0,200,Buy,232091233
2024-08-16 10:18:02,18100.0,2000,Buy,232091234
2024-08-16 10:18:02,18100.0,100,Buy,232091235
2024-08-16 10:18:02,18100.0,5000,Buy,232091236
2024-08-16 10:18:02,18100.0,2900,Buy,232091232
2024-08-16 10:18:02,18100.0,1000,Buy,232091238
2024-08-16 10:18:02,18100.0,1000,Buy,232091239
2024-08-16 10:18:02,18100.0,3000,Buy,232091240
2024-08-16 10:18:02,18100.0,100,Buy,232091241
2024-08-16 10:18:02,18100.0,500,Buy,232091237
2024-08-16 10:18:02,18100.0,1000,Buy,232091243
2024-08-16 10:18:07,18100.0,1000,Buy,232091485
2024-08-16 10:18:15,18050.0,1800,Sell,232092268
2024-08-16 10:18:16,18100.0,300,Buy,232092338
2024-08-16 10:18:16,18100.0,500,Buy,232092339
2024-08-16 10:18:16,18100.0,3200,Buy,232092340
2024-08-16 10:18:37,18100.0,1000,Buy,232093652
2024-08-16 10:18:37,18100.0,4600,Buy,232093654
2024-08-16 10:18:37,18100.0,100,Buy,232093653
2024-08-16 10:18:37,18100.0,1000,Buy,232093651
2024-08-16 10:18:37,18100.0,3000,Buy,232093649
2024-08-16 10:18:37,18100.0,1000,Buy,232093648
2024-08-16 10:18:37,18100.0,500,Buy,232093647
2024-08-16 10:18:37,18100.0,6800,Buy,232093646
2024-08-16 10:18:37,18100.0,2000,Buy,232093650
2024-08-16 10:18:39,18050.0,500,Sell,232093823
2024-08-16 10:18:40,18100.0,1200,Buy,232093929
2024-08-16 10:18:40,18100.0,10000,Buy,232093932
2024-08-16 10:18:41,18100.0,2000,Buy,232094079
2024-08-16 10:18:43,18100.0,200,Buy,232094247
2024-08-16 10:18:43,18100.0,100,Buy,232094246
2024-08-16 10:18:43,18100.0,500,Buy,232094243
2024-08-16 10:18:43,18100.0,1700,Buy,232094245
2024-08-16 10:18:46,18100.0,500,Buy,232094384
2024-08-16 10:18:50,18100.0,100,Buy,232094666
2024-08-16 10:18:53,18050.0,1800,Sell,232094909
2024-08-16 10:19:02,18100.0,200,Buy,232095429
2024-08-16 10:19:05,18100.0,1000,Buy,232095608
2024-08-16 10:19:07,18100.0,100,Buy,232095682
2024-08-16 10:19:07,18100.0,4700,Buy,232095684
2024-08-16 10:19:07,18100.0,2100,Buy,232095683
2024-08-16 10:19:07,18100.0,200,Buy,232095681
2024-08-16 10:19:07,18100.0,100,Buy,232095677
2024-08-16 10:19:07,18100.0,300,Buy,232095679
2024-08-16 10:19:07,18100.0,100,Buy,232095676
2024-08-16 10:19:07,18100.0,400,Buy,232095680
2024-08-16 10:19:07,18100.0,2000,Buy,232095678
2024-08-16 10:19:13,18100.0,300,Buy,232096059
2024-08-16 10:19:13,18100.0,100,Buy,232096064
2024-08-16 10:19:13,18100.0,400,Buy,232096063
2024-08-16 10:19:13,18100.0,3900,Buy,232096065
2024-08-16 10:19:13,18100.0,100,Buy,232096061
2024-08-16 10:19:13,18100.0,100,Buy,232096060
2024-08-16 10:19:13,18100.0,100,Buy,232096062
2024-08-16 10:19:14,18050.0,1600,Sell,232096166
2024-08-16 10:19:14,18050.0,200,Sell,232096167
2024-08-16 10:19:18,18100.0,5000,Buy,232096396
2024-08-16 10:19:27,18100.0,1000,Buy,232096972
2024-08-16 10:19:29,18100.0,100,Buy,232097057
2024-08-16 10:19:29,18100.0,200,Buy,232097058
2024-08-16 10:19:29,18100.0,500,Buy,232097059
2024-08-16 10:19:29,18100.0,200,Buy,232097060
2024-08-16 10:19:33,18100.0,500,Buy,232097315
2024-08-16 10:19:34,18100.0,2300,Buy,232097339
2024-08-16 10:19:34,18100.0,500,Buy,232097340
2024-08-16 10:19:36,18100.0,1000,Buy,232097460
2024-08-16 10:19:37,18100.0,1500,Buy,232097585
2024-08-16 10:19:39,18100.0,100,Buy,232097677
2024-08-16 10:19:44,18100.0,600,Buy,232098133
2024-08-16 10:19:47,18100.0,300,Buy,232098284
2024-08-16 10:19:47,18100.0,300,Buy,232098285
2024-08-16 10:19:49,18150.0,2000,Buy,232098526
2024-08-16 10:19:49,18150.0,1000,Buy,232098527
2024-08-16 10:19:49,18150.0,1800,Buy,232098528
2024-08-16 10:19:49,18150.0,10000,Buy,232098529
2024-08-16 10:19:49,18150.0,10000,Buy,232098530
2024-08-16 10:19:49,18150.0,100,Buy,232098533
2024-08-16 10:19:49,18150.0,4000,Buy,232098532
2024-08-16 10:19:49,18150.0,1000,Buy,232098525
2024-08-16 10:19:49,18150.0,100,Buy,232098534
2024-08-16 10:19:49,18150.0,2500,Buy,232098535
2024-08-16 10:19:49,18150.0,200,Buy,232098531
2024-08-16 10:19:49,18150.0,100,Buy,232098524
2024-08-16 10:19:49,18150.0,15000,Buy,232098513
2024-08-16 10:19:49,18150.0,1800,Buy,232098522
2024-08-16 10:19:49,18150.0,2000,Buy,232098511
2024-08-16 10:19:49,18150.0,200,Buy,232098512
2024-08-16 10:19:49,18150.0,7000,Buy,232098523
2024-08-16 10:19:49,18150.0,500,Buy,232098515
2024-08-16 10:19:49,18150.0,1600,Buy,232098516
2024-08-16 10:19:49,18150.0,100,Buy,232098514
2024-08-16 10:19:49,18150.0,100,Buy,232098518
2024-08-16 10:19:49,18150.0,500,Buy,232098519
2024-08-16 10:19:49,18150.0,1000,Buy,232098520
2024-08-16 10:19:49,18150.0,10000,Buy,232098521
2024-08-16 10:19:49,18150.0,400,Buy,232098517
2024-08-16 10:19:50,18150.0,2500,Buy,232098554
2024-08-16 10:19:50,18150.0,5000,Buy,232098553
2024-08-16 10:19:50,18150.0,100,Buy,232098550
2024-08-16 10:19:50,18150.0,400,Buy,232098552
2024-08-16 10:19:50,18150.0,1500,Buy,232098551
2024-08-16 10:19:50,18150.0,100,Buy,232098549
2024-08-16 10:19:50,18150.0,1500,Buy,232098543
2024-08-16 10:19:50,18150.0,300,Buy,232098547
2024-08-16 10:19:50,18150.0,700,Buy,232098548
2024-08-16 10:19:50,18150.0,100,Buy,232098542
2024-08-16 10:19:50,18150.0,2900,Buy,232098541
2024-08-16 10:19:50,18150.0,700,Buy,232098545
2024-08-16 10:19:50,18150.0,100,Buy,232098546
2024-08-16 10:19:50,18150.0,100,Buy,232098544
2024-08-16 10:20:14,18150.0,500,Buy,232100293
2024-08-16 10:20:14,18150.0,100,Buy,232100294
2024-08-16 10:20:22,18150.0,400,Buy,232100734
2024-08-16 10:20:22,18150.0,100,Buy,232100735
2024-08-16 10:20:22,18150.0,200,Buy,232100736
2024-08-16 10:20:22,18150.0,400,Buy,232100737
2024-08-16 10:20:22,18150.0,1000,Buy,232100738
2024-08-16 10:20:22,18150.0,5000,Buy,232100739
2024-08-16 10:20:22,18150.0,1500,Buy,232100740
2024-08-16 10:20:22,18150.0,500,Buy,232100741
2024-08-16 10:20:22,18150.0,100,Buy,232100742
2024-08-16 10:20:22,18150.0,800,Buy,232100743
2024-08-16 10:20:24,18100.0,1800,Sell,232100928
2024-08-16 10:20:29,18150.0,5000,Buy,232101237
2024-08-16 10:20:45,18100.0,1800,Sell,232102351
2024-08-16 10:21:03,18150.0,4200,Buy,232103700
2024-08-16 10:21:03,18150.0,200,Buy,232103701
2024-08-16 10:21:03,18150.0,600,Buy,232103702
2024-08-16 10:21:34,18150.0,2400,Buy,232105935
2024-08-16 10:21:34,18150.0,100,Buy,232105936
2024-08-16 10:21:34,18150.0,1000,Buy,232105937
2024-08-16 10:21:34,18150.0,100,Buy,232105938
2024-08-16 10:21:34,18150.0,1000,Buy,232105939
2024-08-16 10:21:34,18150.0,400,Buy,232105940
2024-08-16 10:21:36,18150.0,900,Buy,232106048
2024-08-16 10:21:42,18150.0,8200,Buy,232106468
2024-08-16 10:21:42,18150.0,1000,Buy,232106467
2024-08-16 10:21:42,18150.0,10000,Buy,232106465
2024-08-16 10:21:42,18150.0,700,Buy,232106464
2024-08-16 10:21:42,18150.0,100,Buy,232106466
2024-08-16 10:22:05,18150.0,1800,Buy,232108264
2024-08-16 10:22:05,18150.0,200,Buy,232108265
2024-08-16 10:22:10,18150.0,100,Buy,232108669
2024-08-16 10:22:24,18150.0,100,Buy,232109643
2024-08-16 10:22:26,18100.0,100,Sell,232109742
2024-08-16 10:22:30,18150.0,1000,Buy,232110040
2024-08-16 10:22:41,18100.0,3900,Sell,232110645
2024-08-16 10:22:45,18100.0,300,Sell,232110960
2024-08-16 10:22:46,18150.0,100,Buy,232111100
2024-08-16 10:22:49,18150.0,2900,Buy,232111301
2024-08-16 10:22:49,18150.0,1000,Buy,232111300
2024-08-16 10:22:49,18150.0,1300,Buy,232111297
2024-08-16 10:22:49,18150.0,20000,Buy,232111298
2024-08-16 10:22:49,18150.0,7200,Buy,232111293
2024-08-16 10:22:49,18150.0,4800,Buy,232111299
2024-08-16 10:23:02,18150.0,1000,Buy,232112256
2024-08-16 10:23:06,18150.0,1000,Buy,232112535
2024-08-16 10:23:08,18100.0,1500,Sell,232112746
2024-08-16 10:23:08,18100.0,300,Sell,232112747
2024-08-16 10:23:14,18100.0,200,Sell,232113355
2024-08-16 10:23:28,18150.0,100,Buy,232114402
2024-08-16 10:23:28,18150.0,2900,Buy,232114406
2024-08-16 10:23:36,18150.0,100,Buy,232114949
2024-08-16 10:23:45,18150.0,3000,Buy,232115559
2024-08-16 10:24:08,18150.0,200,Buy,232117102
2024-08-16 10:24:08,18150.0,100,Buy,232117101
2024-08-16 10:24:08,18150.0,7000,Buy,232117098
2024-08-16 10:24:08,18150.0,500,Buy,232117099
2024-08-16 10:24:08,18150.0,5000,Buy,232117100
2024-08-16 10:24:28,18100.0,1000,Sell,232118431
2024-08-16 10:24:28,18100.0,200,Sell,232118432
2024-08-16 10:24:28,18100.0,100,Sell,232118434
2024-08-16 10:24:28,18100.0,300,Sell,232118435
2024-08-16 10:24:28,18100.0,300,Sell,232118436
2024-08-16 10:24:28,18100.0,600,Sell,232118437
2024-08-16 10:24:28,18100.0,7500,Sell,232118438
2024-08-16 10:24:34,18100.0,1800,Sell,232118779
2024-08-16 10:24:59,18150.0,800,Buy,232120742
2024-08-16 10:25:06,18150.0,1000,Buy,232121283
2024-08-16 10:25:08,18150.0,1200,Buy,232121420
2024-08-16 10:25:19,18100.0,1900,Sell,232122217
2024-08-16 10:25:32,18150.0,1500,Buy,232123252
2024-08-16 10:25:32,18150.0,500,Buy,232123253
2024-08-16 10:25:32,18150.0,3000,Buy,232123254
2024-08-16 10:25:47,18150.0,4500,Buy,232124640
2024-08-16 10:25:48,18150.0,21600,Buy,232124708
2024-08-16 10:25:50,18150.0,300,Buy,232124876
2024-08-16 10:26:07,18150.0,8000,Buy,232126134
2024-08-16 10:26:20,18150.0,3000,Buy,232127339
2024-08-16 10:26:20,18100.0,1600,Sell,232127303
2024-08-16 10:26:23,18150.0,1000,Buy,232127505
2024-08-16 10:26:23,18150.0,2000,Buy,232127470
2024-08-16 10:26:23,18150.0,300,Buy,232127499
2024-08-16 10:26:25,18150.0,1000,Buy,232127612
2024-08-16 10:26:27,18100.0,2900,Sell,232127726
2024-08-16 10:26:29,18150.0,1200,Buy,232127886
2024-08-16 10:26:29,18150.0,4100,Buy,232127887
2024-08-16 10:26:29,18150.0,100,Buy,232127888
2024-08-16 10:26:29,18150.0,100,Buy,232127889
2024-08-16 10:26:29,18150.0,400,Buy,232127890
2024-08-16 10:26:29,18150.0,100,Buy,232127904
2024-08-16 10:26:29,18150.0,1000,Buy,232127905
2024-08-16 10:26:29,18150.0,1000,Buy,232127906
2024-08-16 10:26:29,18150.0,300,Buy,232127907
2024-08-16 10:26:29,18150.0,2400,Buy,232127908
2024-08-16 10:26:34,18150.0,300,Buy,232128370
2024-08-16 10:26:34,18150.0,5000,Buy,232128369
2024-08-16 10:26:34,18150.0,300,Buy,232128367
2024-08-16 10:26:34,18150.0,2400,Buy,232128366
2024-08-16 10:26:34,18150.0,2000,Buy,232128368
2024-08-16 10:26:37,18150.0,100,Buy,232128607
2024-08-16 10:26:41,18150.0,2000,Buy,232128818
2024-08-16 10:26:43,18150.0,500,Buy,232128945
2024-08-16 10:26:50,18150.0,2300,Buy,232129304
2024-08-16 10:26:57,18150.0,4800,Buy,232129725
2024-08-16 10:26:57,18150.0,200,Buy,232129726
2024-08-16 10:26:58,18150.0,4600,Buy,232129791
2024-08-16 10:26:58,18150.0,500,Buy,232129792
2024-08-16 10:26:58,18150.0,100,Sell,232129815
2024-08-16 10:27:11,18150.0,500,Buy,232130677
2024-08-16 10:27:14,18150.0,400,Sell,232130917
2024-08-16 10:27:14,18150.0,4300,Buy,232130883
2024-08-16 10:27:14,18150.0,300,Buy,232130884
2024-08-16 10:27:21,18150.0,4600,Buy,232131392
2024-08-16 10:27:32,18200.0,1300,Buy,232132007
2024-08-16 10:27:33,18200.0,500,Buy,232132048
2024-08-16 10:27:45,18150.0,2900,Sell,232132866
2024-08-16 10:28:01,18150.0,1800,Sell,232134005
2024-08-16 10:28:02,18150.0,700,Sell,232134074
2024-08-16 10:28:02,18150.0,2500,Sell,232134075
2024-08-16 10:28:06,18150.0,100,Sell,232134484
2024-08-16 10:28:09,18150.0,10600,Sell,232134705
2024-08-16 10:28:09,18150.0,1000,Sell,232134706
2024-08-16 10:28:09,18150.0,400,Sell,232134707
2024-08-16 10:28:12,18200.0,1700,Buy,232134975
2024-08-16 10:28:12,18150.0,4600,Sell,232134997
2024-08-16 10:28:12,18150.0,200,Sell,232134998
2024-08-16 10:28:14,18150.0,1000,Sell,232135150
2024-08-16 10:28:20,18150.0,100,Sell,232135456
2024-08-16 10:28:20,18150.0,1800,Sell,232135487
2024-08-16 10:28:25,18150.0,500,Sell,232135763
2024-08-16 10:28:29,18150.0,100,Sell,232135972
2024-08-16 10:28:30,18150.0,500,Sell,232136007
2024-08-16 10:28:30,18150.0,500,Sell,232136008
2024-08-16 10:28:30,18150.0,2000,Sell,232136009
2024-08-16 10:28:30,18150.0,4700,Sell,232136010
2024-08-16 10:28:30,18150.0,2300,Sell,232136006
2024-08-16 10:28:38,18150.0,300,Sell,232136414
2024-08-16 10:28:38,18150.0,2700,Sell,232136415
2024-08-16 10:28:38,18150.0,300,Sell,232136445
2024-08-16 10:28:38,18150.0,9700,Sell,232136446
2024-08-16 10:28:41,18150.0,100,Sell,232136601
2024-08-16 10:28:49,18150.0,300,Sell,232137025
2024-08-16 10:28:50,18150.0,4800,Sell,232137088
2024-08-16 10:28:57,18150.0,6000,Sell,232137532
2024-08-16 10:28:57,18150.0,6500,Sell,232137531
2024-08-16 10:28:57,18150.0,1000,Sell,232137530
2024-08-16 10:28:57,18150.0,200,Sell,232137527
2024-08-16 10:28:57,18150.0,500,Sell,232137528
2024-08-16 10:28:57,18150.0,400,Sell,232137529
2024-08-16 10:28:57,18150.0,100,Sell,232137525
2024-08-16 10:28:58,18150.0,8600,Buy,232137584
2024-08-16 10:29:01,18150.0,200,Buy,232137684
2024-08-16 10:29:06,18150.0,600,Buy,232137931
2024-08-16 10:29:08,18150.0,10000,Buy,232138053
2024-08-16 10:29:09,18150.0,500,Buy,232138116
2024-08-16 10:29:11,18150.0,13200,Buy,232138214
2024-08-16 10:29:15,18150.0,2000,Buy,232138438
2024-08-16 10:29:20,18150.0,200,Buy,232138717
2024-08-16 10:29:20,18150.0,200,Buy,232138718
2024-08-16 10:29:20,18150.0,1600,Buy,232138719
2024-08-16 10:29:21,18150.0,100,Buy,232138736
2024-08-16 10:29:40,18100.0,200,Sell,232139749
2024-08-16 10:29:43,18100.0,300,Sell,232139917
2024-08-16 10:29:43,18100.0,100,Sell,232139918
2024-08-16 10:29:43,18100.0,4100,Sell,232139919
2024-08-16 10:29:43,18100.0,300,Sell,232139916
2024-08-16 10:29:45,18150.0,200,Buy,232140077
2024-08-16 10:29:57,18150.0,3100,Buy,232140746
2024-08-16 10:29:57,18150.0,2000,Buy,232140747
2024-08-16 10:29:57,18150.0,14900,Buy,232140748
2024-08-16 10:29:58,18150.0,1000,Buy,232140780
2024-08-16 10:30:01,18150.0,1500,Buy,232140922
2024-08-16 10:30:01,18150.0,100,Buy,232140910
2024-08-16 10:30:11,18150.0,300,Buy,232141413
2024-08-16 10:30:24,18150.0,1000,Buy,232142245
2024-08-16 10:30:28,18100.0,200,Sell,232142502
2024-08-16 10:30:38,18150.0,1000,Buy,232142978
2024-08-16 10:30:39,18150.0,100,Buy,232143031
2024-08-16 10:30:39,18150.0,200,Buy,232143028
2024-08-16 10:30:39,18150.0,500,Buy,232143029
2024-08-16 10:30:39,18150.0,200,Buy,232143030
2024-08-16 10:30:53,18150.0,100,Buy,232143936
2024-08-16 10:30:57,18150.0,800,Buy,232144108
2024-08-16 10:30:57,18150.0,6100,Buy,232144109
2024-08-16 10:30:57,18150.0,2000,Buy,232144110
2024-08-16 10:30:57,18150.0,1200,Buy,232144111
2024-08-16 10:31:02,18150.0,200,Buy,232144373
2024-08-16 10:31:03,18150.0,600,Buy,232144447
2024-08-16 10:31:03,18150.0,100,Buy,232144448
2024-08-16 10:31:03,18150.0,100,Buy,232144449
2024-08-16 10:31:03,18150.0,1800,Buy,232144450
2024-08-16 10:31:11,18150.0,4000,Buy,232145081
2024-08-16 10:31:24,18150.0,1500,Buy,232145837
2024-08-16 10:31:29,18150.0,2700,Buy,232146135
2024-08-16 10:31:29,18150.0,2000,Buy,232146136
2024-08-16 10:31:29,18150.0,1300,Buy,232146137
2024-08-16 10:31:37,18100.0,500,Sell,232146705
2024-08-16 10:31:37,18100.0,900,Sell,232146706
2024-08-16 10:32:07,18100.0,200,Sell,232148443
2024-08-16 10:32:08,18100.0,1400,Sell,232148519
2024-08-16 10:32:08,18100.0,1000,Sell,232148520
2024-08-16 10:32:08,18100.0,1000,Sell,232148521
2024-08-16 10:32:08,18100.0,600,Sell,232148522
2024-08-16 10:32:08,18100.0,800,Sell,232148523
2024-08-16 10:32:21,18150.0,100,Buy,232149170
2024-08-16 10:32:32,18100.0,800,Sell,232149750
2024-08-16 10:32:32,18100.0,200,Sell,232149749
2024-08-16 10:33:01,18100.0,500,Sell,232150972
2024-08-16 10:33:01,18100.0,500,Sell,232150971
2024-08-16 10:33:01,18100.0,500,Sell,232150970
2024-08-16 10:33:01,18100.0,100,Sell,232150969
2024-08-16 10:33:01,18100.0,200,Sell,232150965
2024-08-16 10:33:01,18100.0,100,Sell,232150964
2024-08-16 10:33:01,18100.0,1000,Sell,232150963
2024-08-16 10:33:01,18100.0,10000,Sell,232150962
2024-08-16 10:33:01,18100.0,1000,Sell,232150961
2024-08-16 10:33:01,18100.0,200,Sell,232150960
2024-08-16 10:33:01,18100.0,500,Sell,232150959
2024-08-16 10:33:01,18100.0,500,Sell,232150958
2024-08-16 10:33:01,18100.0,7200,Sell,232150943
2024-08-16 10:33:01,18100.0,2000,Sell,232150955
2024-08-16 10:33:01,18100.0,100,Sell,232150954
2024-08-16 10:33:01,18100.0,500,Sell,232150953
2024-08-16 10:33:01,18100.0,2500,Sell,232150952
2024-08-16 10:33:01,18100.0,9000,Sell,232150951
2024-08-16 10:33:01,18100.0,1000,Sell,232150950
2024-08-16 10:33:01,18100.0,1000,Sell,232150949
2024-08-16 10:33:01,18100.0,100,Sell,232150948
2024-08-16 10:33:01,18100.0,1000,Sell,232150947
2024-08-16 10:33:01,18100.0,6000,Sell,232150946
2024-08-16 10:33:01,18100.0,1000,Sell,232150945
2024-08-16 10:33:01,18100.0,1000,Sell,232150944
2024-08-16 10:33:01,18100.0,7100,Sell,232150956
2024-08-16 10:33:01,18100.0,80000,Sell,232150957
2024-08-16 10:33:08,18100.0,100,Buy,232151334
2024-08-16 10:33:16,18100.0,300,Buy,232151734
2024-08-16 10:33:38,18100.0,200,Buy,232152742
2024-08-16 10:33:41,18100.0,100,Buy,232152915
2024-08-16 10:33:54,18050.0,100,Sell,232153503
2024-08-16 10:33:54,18050.0,1000,Sell,232153504
2024-08-16 10:33:54,18050.0,3700,Sell,232153505
2024-08-16 10:34:00,18050.0,1200,Sell,232153794
2024-08-16 10:34:00,18050.0,3000,Sell,232153795
2024-08-16 10:34:00,18050.0,700,Sell,232153796
2024-08-16 10:34:00,18050.0,5100,Sell,232153797
2024-08-16 10:34:07,18050.0,4900,Sell,232154076
2024-08-16 10:34:07,18050.0,200,Sell,232154077
2024-08-16 10:34:07,18050.0,500,Sell,232154078
2024-08-16 10:34:07,18050.0,500,Sell,232154079
2024-08-16 10:34:07,18050.0,5200,Sell,232154080
2024-08-16 10:34:13,18050.0,4800,Sell,232154376
2024-08-16 10:34:34,18050.0,1700,Sell,232155488
2024-08-16 10:34:34,18050.0,100,Sell,232155487
2024-08-16 10:34:34,18050.0,1000,Sell,232155482
2024-08-16 10:34:34,18050.0,500,Sell,232155485
2024-08-16 10:34:34,18050.0,1000,Sell,232155484
2024-08-16 10:34:34,18050.0,500,Sell,232155486
2024-08-16 10:34:46,18050.0,500,Sell,232155998
2024-08-16 10:34:47,18050.0,1500,Sell,232156060
2024-08-16 10:34:55,18050.0,500,Sell,232156320
2024-08-16 10:34:55,18050.0,400,Sell,232156321
2024-08-16 10:34:56,18050.0,4800,Sell,232156445
2024-08-16 10:34:56,18050.0,4100,Sell,232156448
2024-08-16 10:34:56,18050.0,100,Sell,232156446
2024-08-16 10:34:56,18050.0,1900,Sell,232156434
2024-08-16 10:34:56,18050.0,1000,Sell,232156447
2024-08-16 10:34:56,18050.0,900,Sell,232156432
2024-08-16 10:34:56,18050.0,500,Sell,232156430
2024-08-16 10:34:56,18050.0,100,Sell,232156433
2024-08-16 10:34:56,18050.0,1000,Sell,232156431
2024-08-16 10:34:56,18050.0,400,Sell,232156429
2024-08-16 10:34:58,18050.0,1000,Sell,232156487
2024-08-16 10:35:00,18050.0,300,Sell,232156540
2024-08-16 10:35:11,18050.0,4600,Sell,232157026
2024-08-16 10:35:11,18050.0,600,Sell,232157027
2024-08-16 10:35:11,18050.0,4500,Sell,232157029
2024-08-16 10:35:11,18050.0,300,Sell,232157028
2024-08-16 10:35:13,18050.0,1500,Sell,232157103
2024-08-16 10:35:13,18050.0,100,Sell,232157104
2024-08-16 10:35:13,18050.0,100,Sell,232157105
2024-08-16 10:35:13,18050.0,2000,Sell,232157106
2024-08-16 10:35:13,18050.0,1300,Sell,232157107
2024-08-16 10:35:17,18100.0,2000,Buy,232157255
2024-08-16 10:35:17,18050.0,100,Sell,232157237
2024-08-16 10:35:41,18050.0,500,Sell,232158159
2024-08-16 10:36:31,18050.0,100,Sell,232159872
2024-08-16 10:36:44,18050.0,500,Sell,232160382
2024-08-16 10:36:44,18050.0,4300,Sell,232160383
2024-08-16 10:37:11,18050.0,400,Sell,232161231
2024-08-16 10:37:19,18050.0,300,Sell,232161468
2024-08-16 10:37:27,18050.0,200,Sell,232161797
2024-08-16 10:37:27,18050.0,4600,Sell,232161802
2024-08-16 10:37:31,18050.0,400,Sell,232161926
2024-08-16 10:37:31,18050.0,600,Sell,232161927
2024-08-16 10:37:37,18050.0,400,Sell,232162116
2024-08-16 10:37:37,18050.0,1000,Sell,232162117
2024-08-16 10:37:37,18050.0,600,Sell,232162118
2024-08-16 10:37:40,18050.0,100,Sell,232162289
2024-08-16 10:37:40,18050.0,100,Sell,232162288
2024-08-16 10:37:40,18050.0,200,Sell,232162287
2024-08-16 10:37:40,18050.0,1000,Sell,232162286
2024-08-16 10:37:40,18050.0,200,Sell,232162283
2024-08-16 10:37:40,18050.0,1500,Sell,232162284
2024-08-16 10:37:40,18050.0,100,Sell,232162282
2024-08-16 10:37:40,18050.0,3700,Sell,232162281
2024-08-16 10:37:40,18050.0,100,Sell,232162285
2024-08-16 10:37:52,18050.0,10000,Buy,232162671
2024-08-16 10:38:04,18050.0,100,Buy,232163098
2024-08-16 10:38:04,18050.0,200,Buy,232163116
2024-08-16 10:38:04,18050.0,300,Buy,232163117
2024-08-16 10:38:19,18050.0,9700,Buy,232163517
2024-08-16 10:38:19,18050.0,300,Buy,232163518
2024-08-16 10:38:29,18050.0,1500,Buy,232163795
2024-08-16 10:38:37,18050.0,3000,Buy,232164028
2024-08-16 10:38:37,18050.0,100,Buy,232164029
2024-08-16 10:39:14,18050.0,1900,Sell,232165044
2024-08-16 10:39:14,18050.0,1100,Sell,232165045
2024-08-16 10:39:23,18050.0,1600,Sell,232165352
2024-08-16 10:39:23,18050.0,900,Sell,232165351
2024-08-16 10:39:34,18000.0,1600,Sell,232165732
2024-08-16 10:39:34,18000.0,1000,Sell,232165733
2024-08-16 10:39:34,18000.0,100,Sell,232165734
2024-08-16 10:39:34,18000.0,900,Sell,232165735
2024-08-16 10:39:34,18000.0,100,Sell,232165736
2024-08-16 10:39:34,18000.0,1100,Sell,232165737
2024-08-16 10:39:38,18050.0,100,Buy,232165855
2024-08-16 10:40:22,18000.0,700,Sell,232167287
2024-08-16 10:40:31,18000.0,2700,Sell,232167556
2024-08-16 10:40:31,18000.0,100,Sell,232167555
2024-08-16 10:40:31,18000.0,500,Sell,232167554
2024-08-16 10:40:31,18000.0,5000,Sell,232167553
2024-08-16 10:40:31,18000.0,500,Sell,232167552
2024-08-16 10:40:31,18000.0,500,Sell,232167551
2024-08-16 10:40:31,18000.0,400,Sell,232167550
2024-08-16 10:40:31,18000.0,4200,Sell,232167546
2024-08-16 10:40:31,18000.0,100,Sell,232167548
2024-08-16 10:40:31,18000.0,200,Sell,232167547
2024-08-16 10:40:31,18000.0,500,Sell,232167545
2024-08-16 10:40:31,18000.0,100,Sell,232167544
2024-08-16 10:40:31,18000.0,3900,Sell,232167543
2024-08-16 10:40:31,18000.0,500,Sell,232167542
2024-08-16 10:40:31,18000.0,300,Sell,232167541
2024-08-16 10:40:31,18000.0,500,Sell,232167549
2024-08-16 10:40:38,18000.0,300,Sell,232167785
2024-08-16 10:40:38,18000.0,3000,Sell,232167786
2024-08-16 10:40:38,18000.0,100,Sell,232167787
2024-08-16 10:40:38,18000.0,100,Sell,232167788
2024-08-16 10:40:38,18000.0,2400,Sell,232167789
2024-08-16 10:40:39,18050.0,500,Buy,232167838
2024-08-16 10:40:49,18050.0,300,Buy,232168092
2024-08-16 10:40:53,18000.0,7400,Sell,232168238
2024-08-16 10:40:53,18000.0,2000,Sell,232168239
2024-08-16 10:40:53,18000.0,600,Sell,232168240
2024-08-16 10:40:54,18000.0,100,Sell,232168270
2024-08-16 10:41:05,18000.0,2000,Sell,232168631
2024-08-16 10:41:05,18000.0,500,Sell,232168630
2024-08-16 10:41:05,18000.0,1100,Sell,232168629
2024-08-16 10:41:05,18000.0,200,Sell,232168628
2024-08-16 10:41:05,18000.0,500,Sell,232168627
2024-08-16 10:41:05,18000.0,900,Sell,232168626
2024-08-16 10:41:05,18000.0,10500,Sell,232168625
2024-08-16 10:41:05,18000.0,200,Sell,232168622
2024-08-16 10:41:05,18000.0,400,Sell,232168623
2024-08-16 10:41:05,18000.0,1000,Sell,232168624
2024-08-16 10:41:05,18000.0,300,Sell,232168617
2024-08-16 10:41:05,18000.0,100,Sell,232168618
2024-08-16 10:41:05,18000.0,100,Sell,232168621
2024-08-16 10:41:05,18000.0,1000,Sell,232168620
2024-08-16 10:41:05,18000.0,200,Sell,232168619
2024-08-16 10:41:23,18000.0,100,Sell,232169127
2024-08-16 10:41:23,18000.0,100,Sell,232169126
2024-08-16 10:41:39,18000.0,100,Sell,232169546
2024-08-16 10:41:39,18000.0,1200,Sell,232169548
2024-08-16 10:41:39,18000.0,1000,Sell,232169545
2024-08-16 10:41:39,18000.0,700,Sell,232169547
2024-08-16 10:41:47,18000.0,800,Sell,232169716
2024-08-16 10:41:47,18000.0,1200,Sell,232169717
2024-08-16 10:41:56,18000.0,1300,Sell,232169959
2024-08-16 10:41:56,18000.0,800,Sell,232169960
2024-08-16 10:41:56,18000.0,100,Sell,232169961
2024-08-16 10:41:56,18000.0,300,Sell,232169962
2024-08-16 10:42:24,18000.0,2500,Sell,232170780
2024-08-16 10:42:24,18000.0,2000,Sell,232170781
2024-08-16 10:42:24,18000.0,500,Sell,232170782
2024-08-16 10:42:39,18000.0,500,Sell,232171139
2024-08-16 10:43:17,18000.0,4000,Sell,232172033
2024-08-16 10:43:17,18000.0,500,Sell,232172034
2024-08-16 10:43:17,18000.0,1300,Sell,232172035
2024-08-16 10:43:42,18000.0,300,Sell,232172542
2024-08-16 10:43:48,18000.0,2800,Sell,232172706
2024-08-16 10:43:48,18000.0,5000,Sell,232172705
2024-08-16 10:43:48,18000.0,1000,Sell,232172704
2024-08-16 10:43:48,18000.0,3000,Sell,232172700
2024-08-16 10:43:48,18000.0,100,Sell,232172702
2024-08-16 10:43:48,18000.0,200,Sell,232172701
2024-08-16 10:43:48,18000.0,2000,Sell,232172699
2024-08-16 10:43:48,18000.0,2000,Sell,232172703
2024-08-16 10:44:29,18050.0,1600,Buy,232173682
2024-08-16 10:44:29,18050.0,1600,Buy,232173725
2024-08-16 10:45:01,18050.0,200,Buy,232174424
2024-08-16 10:45:10,18050.0,300,Buy,232174612
2024-08-16 10:45:44,18050.0,500,Buy,232175380
2024-08-16 10:46:04,18050.0,7600,Buy,232176016
2024-08-16 10:46:04,18050.0,1000,Buy,232176015
2024-08-16 10:46:04,18050.0,100,Buy,232176012
2024-08-16 10:46:04,18050.0,6000,Buy,232176013
2024-08-16 10:46:04,18050.0,4800,Buy,232176014
2024-08-16 10:46:04,18050.0,500,Buy,232176011
2024-08-16 10:46:15,18050.0,200,Buy,232176263
2024-08-16 10:46:19,18050.0,500,Buy,232176374
2024-08-16 10:46:28,18050.0,3900,Buy,232176551
2024-08-16 10:46:43,18050.0,6800,Buy,232176882
2024-08-16 10:46:43,18050.0,4200,Buy,232176883
2024-08-16 10:46:44,18000.0,7200,Sell,232176895
2024-08-16 10:46:44,18000.0,200,Sell,232176896
2024-08-16 10:46:44,18000.0,200,Sell,232176897
2024-08-16 10:46:47,18050.0,200,Buy,232176953
2024-08-16 10:46:47,18050.0,300,Buy,232176952
2024-08-16 10:47:14,18050.0,300,Buy,232177549
2024-08-16 10:47:14,18050.0,1000,Buy,232177551
2024-08-16 10:47:14,18050.0,200,Buy,232177552
2024-08-16 10:47:14,18050.0,4600,Buy,232177553
2024-08-16 10:47:14,18050.0,1000,Buy,232177554
2024-08-16 10:47:14,18050.0,2400,Buy,232177555
2024-08-16 10:47:14,18050.0,500,Buy,232177550
2024-08-16 10:47:22,18050.0,1100,Buy,232177710
2024-08-16 10:47:24,18050.0,2000,Buy,232177772
2024-08-16 10:47:25,18050.0,100,Buy,232177789
2024-08-16 10:47:26,18050.0,2000,Buy,232177797
2024-08-16 10:47:30,18050.0,200,Buy,232177872
2024-08-16 10:47:30,18050.0,1300,Buy,232177871
2024-08-16 10:47:30,18050.0,1000,Buy,232177870
2024-08-16 10:47:39,18050.0,10000,Buy,232178037
2024-08-16 10:47:43,18050.0,1000,Buy,232178155
2024-08-16 10:47:47,18050.0,1000,Buy,232178214
2024-08-16 10:47:49,18050.0,300,Buy,232178330
2024-08-16 10:47:49,18050.0,500,Buy,232178331
2024-08-16 10:47:49,18050.0,200,Buy,232178332
2024-08-16 10:47:59,18050.0,1000,Buy,232178533
2024-08-16 10:48:01,18050.0,100,Buy,232178560
2024-08-16 10:48:01,18050.0,100,Buy,232178561
2024-08-16 10:48:01,18050.0,800,Buy,232178559
2024-08-16 10:48:04,18050.0,100,Buy,232178621
2024-08-16 10:48:10,18050.0,2600,Sell,232178716
2024-08-16 10:48:20,18050.0,300,Sell,232178934
2024-08-16 10:49:16,18050.0,2000,Sell,232180452
2024-08-16 10:50:52,18050.0,500,Sell,232184158
2024-08-16 10:51:57,18050.0,1000,Sell,232187338
2024-08-16 10:52:39,18100.0,300,Buy,232189525
2024-08-16 10:52:39,18100.0,200,Buy,232189526
2024-08-16 10:52:41,18100.0,3000,Buy,232189564
2024-08-16 10:52:59,18100.0,200,Buy,232190462
2024-08-16 10:53:05,18100.0,100,Buy,232190777
2024-08-16 10:53:07,18100.0,8900,Buy,232190858
2024-08-16 10:53:07,18100.0,1100,Buy,232190859
2024-08-16 10:53:12,18100.0,100,Buy,232191051
2024-08-16 10:53:30,18100.0,3000,Buy,232191805
2024-08-16 10:53:30,18100.0,2000,Buy,232191807
2024-08-16 10:53:30,18100.0,1000,Buy,232191808
2024-08-16 10:53:30,18100.0,100,Buy,232191804
2024-08-16 10:53:30,18100.0,200,Buy,232191811
2024-08-16 10:53:30,18100.0,100,Buy,232191810
2024-08-16 10:53:30,18100.0,200,Buy,232191812
2024-08-16 10:53:30,18100.0,2300,Buy,232191813
2024-08-16 10:53:30,18100.0,500,Buy,232191809
2024-08-16 10:53:30,18100.0,200,Buy,232191803
2024-08-16 10:53:30,18100.0,500,Buy,232191796
2024-08-16 10:53:30,18100.0,800,Buy,232191801
2024-08-16 10:53:30,18100.0,500,Buy,232191800
2024-08-16 10:53:30,18100.0,300,Buy,232191799
2024-08-16 10:53:30,18100.0,500,Buy,232191798
2024-08-16 10:53:30,18100.0,500,Buy,232191797
2024-08-16 10:53:30,18100.0,1000,Buy,232191795
2024-08-16 10:53:30,18100.0,2500,Buy,232191794
2024-08-16 10:53:30,18100.0,100,Buy,232191793
2024-08-16 10:53:30,18100.0,4800,Buy,232191792
2024-08-16 10:53:30,18100.0,28800,Buy,232191791
2024-08-16 10:53:30,18100.0,100,Buy,232191802
2024-08-16 10:53:32,18100.0,200,Buy,232191886
2024-08-16 10:53:37,18100.0,1000,Buy,232192064
2024-08-16 10:53:39,18100.0,100,Buy,232192121
2024-08-16 10:53:39,18100.0,500,Buy,232192122
2024-08-16 10:53:39,18100.0,500,Buy,232192123
2024-08-16 10:53:39,18100.0,1500,Buy,232192120
2024-08-16 10:54:29,18150.0,200,Buy,232194924
2024-08-16 10:54:45,18150.0,100,Buy,232195877
2024-08-16 10:55:15,18150.0,100,Buy,232197619
2024-08-16 10:55:20,18150.0,800,Buy,232197931
2024-08-16 10:55:20,18150.0,4200,Buy,232197932
2024-08-16 10:55:28,18150.0,100,Buy,232198296
2024-08-16 10:55:38,18150.0,3000,Buy,232198908
2024-08-16 10:56:09,18150.0,2000,Buy,232200869
2024-08-16 10:56:28,18150.0,100,Buy,232202014
2024-08-16 10:57:03,18100.0,2400,Sell,232204120
2024-08-16 10:57:03,18100.0,100,Sell,232204119
2024-08-16 10:57:03,18100.0,1000,Sell,232204118
2024-08-16 10:57:03,18100.0,2400,Sell,232204113
2024-08-16 10:57:03,18100.0,1000,Sell,232204116
2024-08-16 10:57:03,18100.0,1000,Sell,232204115
2024-08-16 10:57:03,18100.0,100,Sell,232204114
2024-08-16 10:57:03,18100.0,100,Sell,232204117
2024-08-16 10:57:17,18100.0,300,Sell,232205035
2024-08-16 10:57:17,18100.0,1000,Sell,232205036
2024-08-16 10:57:17,18100.0,2700,Sell,232205037
2024-08-16 10:57:18,18150.0,9000,Buy,232205065
2024-08-16 10:57:28,18150.0,6600,Buy,232205687
2024-08-16 10:57:28,18150.0,3400,Buy,232205688
2024-08-16 10:57:29,18150.0,1000,Buy,232205728
2024-08-16 10:57:51,18150.0,500,Buy,232206904
2024-08-16 10:57:58,18150.0,5100,Buy,232207295
2024-08-16 10:57:58,18150.0,200,Buy,232207296
2024-08-16 10:57:58,18150.0,4700,Buy,232207297
2024-08-16 10:58:09,18150.0,100,Buy,232207790
2024-08-16 10:58:11,18150.0,800,Buy,232207882
2024-08-16 10:58:24,18150.0,4400,Buy,232208611
2024-08-16 10:58:24,18150.0,1600,Buy,232208612
2024-08-16 10:58:29,18150.0,1000,Buy,232208889
2024-08-16 10:58:41,18150.0,1000,Buy,232209463
2024-08-16 10:58:50,18150.0,3000,Buy,232209884
2024-08-16 10:58:50,18150.0,23700,Buy,232209891
2024-08-16 10:58:50,18150.0,100,Buy,232209890
2024-08-16 10:58:50,18150.0,100,Buy,232209889
2024-08-16 10:58:50,18150.0,2400,Buy,232209888
2024-08-16 10:58:50,18150.0,5000,Buy,232209887
2024-08-16 10:58:50,18150.0,24000,Buy,232209886
2024-08-16 10:58:50,18150.0,2000,Buy,232209885
2024-08-16 10:58:50,18150.0,500,Buy,232209883
2024-08-16 10:58:50,18150.0,2100,Buy,232209882
2024-08-16 10:58:50,18150.0,700,Buy,232209881
2024-08-16 10:58:50,18150.0,300,Buy,232209880
2024-08-16 10:58:50,18150.0,500,Buy,232209879
2024-08-16 10:58:50,18150.0,7000,Buy,232209878
2024-08-16 10:58:50,18150.0,700,Buy,232209877
2024-08-16 10:58:50,18150.0,500,Buy,232209876
2024-08-16 10:58:50,18150.0,1000,Buy,232209875
2024-08-16 10:58:50,18150.0,10000,Buy,232209874
2024-08-16 10:58:50,18150.0,6400,Buy,232209873
2024-08-16 10:58:56,18150.0,400,Buy,232210256
2024-08-16 10:58:56,18150.0,1000,Buy,232210255
2024-08-16 10:58:56,18150.0,2000,Buy,232210254
2024-08-16 10:58:56,18150.0,700,Buy,232210253
2024-08-16 10:58:56,18150.0,100,Buy,232210252
2024-08-16 10:58:56,18150.0,500,Buy,232210251
2024-08-16 10:58:56,18150.0,300,Buy,232210250
2024-08-16 10:58:56,18150.0,600,Buy,232210248
2024-08-16 10:58:56,18150.0,800,Buy,232210247
2024-08-16 10:58:56,18150.0,100,Buy,232210246
2024-08-16 10:58:56,18150.0,200,Buy,232210245
2024-08-16 10:58:56,18150.0,1000,Buy,232210244
2024-08-16 10:58:56,18150.0,200,Buy,232210243
2024-08-16 10:58:56,18150.0,5000,Buy,232210242
2024-08-16 10:58:56,18150.0,100,Buy,232210249
2024-08-16 10:58:59,18150.0,800,Buy,232210457
2024-08-16 10:58:59,18150.0,500,Buy,232210460
2024-08-16 10:58:59,18150.0,500,Buy,232210459
2024-08-16 10:58:59,18150.0,8000,Buy,232210458
2024-08-16 10:58:59,18150.0,3000,Buy,232210456
2024-08-16 10:58:59,18150.0,500,Buy,232210422
2024-08-16 10:58:59,18150.0,1000,Buy,232210424
2024-08-16 10:58:59,18150.0,100,Buy,232210425
2024-08-16 10:58:59,18150.0,100,Buy,232210420
2024-08-16 10:58:59,18150.0,9600,Buy,232210419
2024-08-16 10:58:59,18150.0,5000,Buy,232210421
2024-08-16 10:58:59,18150.0,1000,Buy,232210423
2024-08-16 10:59:04,18150.0,200,Buy,232210740
2024-08-16 10:59:05,18150.0,1000,Buy,232210768
2024-08-16 10:59:08,18150.0,1000,Buy,232210895
2024-08-16 10:59:13,18150.0,7800,Buy,232211087
2024-08-16 10:59:26,18150.0,1000,Sell,232211866
2024-08-16 10:59:26,18150.0,100,Sell,232211867
2024-08-16 10:59:27,18150.0,2300,Buy,232211897
2024-08-16 10:59:29,18150.0,5000,Buy,232211943
2024-08-16 10:59:44,18150.0,100,Buy,232212791
2024-08-16 10:59:46,18150.0,8000,Buy,232212894
2024-08-16 10:59:46,18150.0,200,Buy,232212893
2024-08-16 10:59:46,18150.0,41400,Buy,232212892
2024-08-16 10:59:46,18150.0,100,Buy,232212846
2024-08-16 10:59:49,18150.0,400,Sell,232213019
2024-08-16 10:59:52,18150.0,100,Buy,232213320
2024-08-16 10:59:55,18150.0,9500,Buy,232213490
2024-08-16 10:59:55,18150.0,4800,Buy,232213491
2024-08-16 10:59:59,18150.0,100,Sell,232213909
2024-08-16 11:00:06,18150.0,8000,Sell,232214278
2024-08-16 11:00:10,18150.0,10000,Sell,232214500
2024-08-16 11:00:16,18200.0,500,Buy,232214928
2024-08-16 11:00:16,18200.0,200,Buy,232214930
2024-08-16 11:00:16,18200.0,300,Buy,232214929
2024-08-16 11:00:22,18200.0,2000,Buy,232215224
2024-08-16 11:00:33,18150.0,500,Sell,232215831
2024-08-16 11:00:36,18200.0,2500,Buy,232215926
2024-08-16 11:00:43,18200.0,200,Buy,232216297
2024-08-16 11:00:49,18150.0,4800,Sell,232216587
2024-08-16 11:01:04,18150.0,3200,Sell,232217244
2024-08-16 11:01:33,18150.0,2000,Sell,232218671
2024-08-16 11:01:38,18150.0,7100,Sell,232218914
2024-08-16 11:01:38,18150.0,1000,Sell,232218915
2024-08-16 11:01:38,18150.0,500,Sell,232218916
2024-08-16 11:01:38,18150.0,500,Sell,232218917
2024-08-16 11:01:38,18150.0,900,Sell,232218918
2024-08-16 11:01:44,18150.0,200,Sell,232219168
2024-08-16 11:01:59,18200.0,10000,Buy,232220158
2024-08-16 11:02:00,18150.0,4800,Sell,232220181
2024-08-16 11:02:21,18150.0,1600,Sell,232221211
2024-08-16 11:02:23,18150.0,20000,Sell,232221321
2024-08-16 11:02:23,18150.0,100,Sell,232221322
2024-08-16 11:02:23,18150.0,3100,Sell,232221323
2024-08-16 11:02:27,18150.0,1900,Sell,232221529
2024-08-16 11:02:27,18150.0,2000,Sell,232221530
2024-08-16 11:02:27,18150.0,900,Sell,232221531
2024-08-16 11:02:30,18150.0,1400,Sell,232221715
2024-08-16 11:02:30,18150.0,5900,Sell,232221716
2024-08-16 11:02:31,18150.0,1600,Sell,232221781
2024-08-16 11:02:41,18150.0,300,Sell,232222286
2024-08-16 11:02:49,18150.0,1000,Sell,232222603
2024-08-16 11:02:49,18150.0,1000,Sell,232222598
2024-08-16 11:02:54,18150.0,1800,Sell,232222809
2024-08-16 11:02:56,18150.0,100,Sell,232222983
2024-08-16 11:02:57,18150.0,2200,Sell,232222988
2024-08-16 11:03:00,18150.0,10000,Sell,232223142
2024-08-16 11:03:02,18150.0,10000,Sell,232223224
2024-08-16 11:03:03,18150.0,6100,Sell,232223255
2024-08-16 11:03:03,18150.0,100,Sell,232223256
2024-08-16 11:03:03,18150.0,1700,Sell,232223257
2024-08-16 11:03:04,18150.0,500,Sell,232223388
2024-08-16 11:03:06,18150.0,2200,Sell,232223482
2024-08-16 11:03:06,18150.0,100,Sell,232223483
2024-08-16 11:03:06,18150.0,1000,Sell,232223484
2024-08-16 11:03:06,18150.0,1500,Sell,232223485
2024-08-16 11:03:20,18150.0,500,Sell,232224125
2024-08-16 11:03:32,18150.0,1000,Sell,232224544
2024-08-16 11:03:37,18150.0,400,Sell,232224699
2024-08-16 11:03:37,18150.0,300,Sell,232224700
2024-08-16 11:03:37,18150.0,1300,Sell,232224701
2024-08-16 11:03:37,18150.0,3000,Sell,232224698
2024-08-16 11:03:41,18150.0,1000,Sell,232224896
2024-08-16 11:04:09,18150.0,100,Sell,232225989
2024-08-16 11:04:11,18150.0,7600,Sell,232226063
2024-08-16 11:04:11,18150.0,2400,Sell,232226064
2024-08-16 11:04:13,18150.0,4800,Sell,232226163
2024-08-16 11:04:26,18150.0,100,Sell,232226711
2024-08-16 11:04:32,18150.0,600,Sell,232226894
2024-08-16 11:04:33,18150.0,200,Sell,232226920
2024-08-16 11:04:33,18150.0,300,Sell,232226919
2024-08-16 11:04:33,18150.0,3500,Sell,232226917
2024-08-16 11:04:33,18150.0,10000,Sell,232226916
2024-08-16 11:04:33,18150.0,2100,Sell,232226915
2024-08-16 11:04:33,18150.0,10000,Sell,232226918
2024-08-16 11:04:36,18150.0,3000,Buy,232227005
2024-08-16 11:04:38,18150.0,600,Buy,232227123
2024-08-16 11:04:42,18150.0,1000,Buy,232227250
2024-08-16 11:04:46,18150.0,9300,Buy,232227393
2024-08-16 11:04:46,18150.0,500,Buy,232227394
2024-08-16 11:04:46,18150.0,5000,Buy,232227395
2024-08-16 11:04:57,18150.0,13900,Sell,232227804
2024-08-16 11:05:08,18150.0,1000,Sell,232228225
2024-08-16 11:05:08,18150.0,7700,Sell,232228235
2024-08-16 11:05:19,18200.0,2000,Buy,232228619
2024-08-16 11:05:37,18150.0,200,Sell,232229236
2024-08-16 11:05:44,18150.0,300,Sell,232229487
2024-08-16 11:06:15,18150.0,100,Sell,232230643
2024-08-16 11:06:16,18150.0,100,Sell,232230688
2024-08-16 11:07:13,18200.0,1000,Buy,232232853
2024-08-16 11:07:18,18150.0,400,Sell,232233007
2024-08-16 11:07:27,18150.0,100,Sell,232233273
2024-08-16 11:07:35,18150.0,1000,Sell,232233518
2024-08-16 11:07:46,18150.0,100,Sell,232233934
2024-08-16 11:07:57,18150.0,10300,Sell,232234357
2024-08-16 11:07:57,18150.0,5000,Sell,232234358
2024-08-16 11:07:57,18150.0,4700,Sell,232234359
2024-08-16 11:07:59,18150.0,4800,Sell,232234423
2024-08-16 11:08:05,18200.0,700,Buy,232234605
2024-08-16 11:08:05,18200.0,200,Buy,232234604
2024-08-16 11:08:05,18200.0,7100,Buy,232234603
2024-08-16 11:08:09,18150.0,400,Sell,232234731
2024-08-16 11:08:10,18150.0,100,Sell,232234760
2024-08-16 11:08:20,18150.0,100,Sell,232235143
2024-08-16 11:08:30,18200.0,6700,Buy,232235457
2024-08-16 11:08:30,18200.0,1000,Buy,232235456
2024-08-16 11:08:30,18200.0,3000,Buy,232235455
2024-08-16 11:08:30,18200.0,1000,Buy,232235454
2024-08-16 11:08:30,18200.0,3000,Buy,232235453
2024-08-16 11:08:30,18200.0,1000,Buy,232235452
2024-08-16 11:08:30,18200.0,800,Buy,232235451
2024-08-16 11:08:30,18200.0,200,Buy,232235450
2024-08-16 11:08:30,18200.0,1000,Buy,232235449
2024-08-16 11:08:30,18200.0,800,Buy,232235448
2024-08-16 11:08:30,18200.0,1000,Buy,232235447
2024-08-16 11:08:30,18200.0,1000,Buy,232235445
2024-08-16 11:08:30,18200.0,1000,Buy,232235458
2024-08-16 11:08:30,18200.0,600,Buy,232235444
2024-08-16 11:08:30,18200.0,2000,Buy,232235443
2024-08-16 11:08:30,18200.0,200,Buy,232235442
2024-08-16 11:08:30,18200.0,100,Buy,232235441
2024-08-16 11:08:30,18200.0,100,Buy,232235440
2024-08-16 11:08:30,18200.0,5000,Buy,232235437
2024-08-16 11:08:30,18200.0,500,Buy,232235436
2024-08-16 11:08:30,18200.0,100,Buy,232235435
2024-08-16 11:08:30,18200.0,200,Buy,232235434
2024-08-16 11:08:30,18200.0,2000,Buy,232235446
2024-08-16 11:08:30,18200.0,500,Buy,232235459
2024-08-16 11:08:30,18200.0,3000,Buy,232235460
2024-08-16 11:08:30,18200.0,2000,Buy,232235461
2024-08-16 11:08:30,18200.0,2900,Buy,232235484
2024-08-16 11:08:30,18200.0,100,Buy,232235483
2024-08-16 11:08:30,18200.0,200,Buy,232235482
2024-08-16 11:08:30,18200.0,300,Buy,232235481
2024-08-16 11:08:30,18200.0,200,Buy,232235480
2024-08-16 11:08:30,18200.0,2000,Buy,232235479
2024-08-16 11:08:30,18200.0,100,Buy,232235478
2024-08-16 11:08:30,18200.0,2000,Buy,232235477
2024-08-16 11:08:30,18200.0,1000,Buy,232235476
2024-08-16 11:08:30,18200.0,500,Buy,232235475
2024-08-16 11:08:30,18200.0,200,Buy,232235474
2024-08-16 11:08:30,18200.0,500,Buy,232235473
2024-08-16 11:08:30,18200.0,4800,Buy,232235472
2024-08-16 11:08:30,18200.0,1000,Buy,232235471
2024-08-16 11:08:30,18200.0,200,Buy,232235470
2024-08-16 11:08:30,18200.0,100,Buy,232235469
2024-08-16 11:08:30,18200.0,500,Buy,232235468
2024-08-16 11:08:30,18200.0,100,Buy,232235467
2024-08-16 11:08:30,18200.0,200,Buy,232235466
2024-08-16 11:08:30,18200.0,100,Buy,232235465
2024-08-16 11:08:30,18200.0,1000,Buy,232235464
2024-08-16 11:08:30,18200.0,500,Buy,232235463
2024-08-16 11:08:30,18200.0,100,Buy,232235462
2024-08-16 11:08:30,18200.0,5000,Buy,232235433
2024-08-16 11:08:30,18200.0,2000,Buy,232235432
2024-08-16 11:08:30,18200.0,1100,Buy,232235439
2024-08-16 11:08:30,18200.0,100,Buy,232235430
2024-08-16 11:08:30,18200.0,1000,Buy,232235399
2024-08-16 11:08:30,18200.0,5000,Buy,232235398
2024-08-16 11:08:30,18200.0,100,Buy,232235397
2024-08-16 11:08:30,18200.0,2000,Buy,232235396
2024-08-16 11:08:30,18200.0,10000,Buy,232235395
2024-08-16 11:08:30,18200.0,200,Buy,232235394
2024-08-16 11:08:30,18200.0,5000,Buy,232235393
2024-08-16 11:08:30,18200.0,200,Buy,232235392
2024-08-16 11:08:30,18200.0,3000,Buy,232235391
2024-08-16 11:08:30,18200.0,15000,Buy,232235390
2024-08-16 11:08:30,18200.0,1000,Buy,232235389
2024-08-16 11:08:30,18200.0,100,Buy,232235400
2024-08-16 11:08:30,18200.0,2000,Buy,232235388
2024-08-16 11:08:30,18200.0,1000,Buy,232235386
2024-08-16 11:08:30,18200.0,500,Buy,232235385
2024-08-16 11:08:30,18200.0,500,Buy,232235384
2024-08-16 11:08:30,18200.0,100,Buy,232235383
2024-08-16 11:08:30,18200.0,14000,Buy,232235382
2024-08-16 11:08:30,18200.0,200,Buy,232235381
2024-08-16 11:08:30,18200.0,2000,Buy,232235380
2024-08-16 11:08:30,18200.0,500,Buy,232235379
2024-08-16 11:08:30,18200.0,100,Buy,232235378
2024-08-16 11:08:30,18200.0,300,Buy,232235377
2024-08-16 11:08:30,18200.0,100,Buy,232235431
2024-08-16 11:08:30,18200.0,3000,Buy,232235387
2024-08-16 11:08:30,18200.0,2000,Buy,232235401
2024-08-16 11:08:30,18200.0,200,Buy,232235438
2024-08-16 11:08:30,18200.0,100,Buy,232235403
2024-08-16 11:08:30,18200.0,500,Buy,232235428
2024-08-16 11:08:30,18200.0,1000,Buy,232235427
2024-08-16 11:08:30,18200.0,1200,Buy,232235426
2024-08-16 11:08:30,18200.0,1000,Buy,232235425
2024-08-16 11:08:30,18200.0,500,Buy,232235402
2024-08-16 11:08:30,18200.0,1000,Buy,232235424
2024-08-16 11:08:30,18200.0,100,Buy,232235429
2024-08-16 11:08:30,18200.0,100,Buy,232235422
2024-08-16 11:08:30,18200.0,10000,Buy,232235421
2024-08-16 11:08:30,18200.0,1000,Buy,232235420
2024-08-16 11:08:30,18200.0,500,Buy,232235419
2024-08-16 11:08:30,18200.0,100,Buy,232235418
2024-08-16 11:08:30,18200.0,1000,Buy,232235423
2024-08-16 11:08:30,18200.0,500,Buy,232235416
2024-08-16 11:08:30,18200.0,1000,Buy,232235415
2024-08-16 11:08:30,18200.0,1000,Buy,232235414
2024-08-16 11:08:30,18200.0,500,Buy,232235413
2024-08-16 11:08:30,18200.0,100,Buy,232235410
2024-08-16 11:08:30,18200.0,30000,Buy,232235409
2024-08-16 11:08:30,18200.0,7900,Buy,232235408
2024-08-16 11:08:30,18200.0,5000,Buy,232235407
2024-08-16 11:08:30,18200.0,1500,Buy,232235406
2024-08-16 11:08:30,18200.0,100,Buy,232235405
2024-08-16 11:08:30,18200.0,500,Buy,232235404
2024-08-16 11:08:30,18200.0,100,Buy,232235417
2024-08-16 11:08:39,18200.0,40900,Buy,232235798
2024-08-16 11:08:39,18200.0,100,Buy,232235797
2024-08-16 11:08:39,18200.0,200,Buy,232235796
2024-08-16 11:08:39,18200.0,500,Buy,232235795
2024-08-16 11:08:39,18200.0,5000,Buy,232235789
2024-08-16 11:08:39,18200.0,100,Buy,232235793
2024-08-16 11:08:39,18200.0,8000,Buy,232235792
2024-08-16 11:08:39,18200.0,400,Buy,232235791
2024-08-16 11:08:39,18200.0,200,Buy,232235790
2024-08-16 11:08:39,18200.0,2000,Buy,232235794
2024-08-16 11:08:39,18200.0,300,Buy,232235799
2024-08-16 11:08:39,18200.0,1000,Buy,232235811
2024-08-16 11:08:39,18200.0,5000,Buy,232235801
2024-08-16 11:08:39,18200.0,5000,Buy,232235802
2024-08-16 11:08:39,18200.0,900,Buy,232235803
2024-08-16 11:08:39,18200.0,1000,Buy,232235804
2024-08-16 11:08:39,18200.0,5000,Buy,232235805
2024-08-16 11:08:39,18200.0,100,Buy,232235806
2024-08-16 11:08:39,18200.0,200,Buy,232235807
2024-08-16 11:08:39,18200.0,300,Buy,232235808
2024-08-16 11:08:39,18200.0,5000,Buy,232235809
2024-08-16 11:08:39,18200.0,100,Buy,232235810
2024-08-16 11:08:39,18200.0,500,Buy,232235788
2024-08-16 11:08:39,18200.0,5000,Buy,232235812
2024-08-16 11:08:39,18200.0,2000,Buy,232235800
2024-08-16 11:08:39,18200.0,800,Buy,232235787
2024-08-16 11:08:39,18200.0,10000,Buy,232235783
2024-08-16 11:08:39,18200.0,10600,Buy,232235785
2024-08-16 11:08:39,18150.0,900,Sell,232235759
2024-08-16 11:08:39,18200.0,100,Buy,232235786
2024-08-16 11:08:39,18200.0,1100,Buy,232235761
2024-08-16 11:08:39,18200.0,2000,Buy,232235762
2024-08-16 11:08:39,18200.0,300,Buy,232235763
2024-08-16 11:08:39,18200.0,2000,Buy,232235764
2024-08-16 11:08:39,18200.0,1500,Buy,232235765
2024-08-16 11:08:39,18200.0,100,Buy,232235766
2024-08-16 11:08:39,18200.0,5000,Buy,232235767
2024-08-16 11:08:39,18200.0,1000,Buy,232235768
2024-08-16 11:08:39,18200.0,10000,Buy,232235770
2024-08-16 11:08:39,18200.0,500,Buy,232235771
2024-08-16 11:08:39,18150.0,600,Sell,232235760
2024-08-16 11:08:39,18200.0,100,Buy,232235773
2024-08-16 11:08:39,18200.0,1000,Buy,232235772
2024-08-16 11:08:39,18200.0,3000,Buy,232235784
2024-08-16 11:08:39,18200.0,500,Buy,232235782
2024-08-16 11:08:39,18200.0,100,Buy,232235781
2024-08-16 11:08:39,18200.0,4000,Buy,232235780
2024-08-16 11:08:39,18200.0,2000,Buy,232235769
2024-08-16 11:08:39,18200.0,100,Buy,232235778
2024-08-16 11:08:39,18200.0,100,Buy,232235777
2024-08-16 11:08:39,18200.0,500,Buy,232235776
2024-08-16 11:08:39,18200.0,500,Buy,232235775
2024-08-16 11:08:39,18200.0,100,Buy,232235779
2024-08-16 11:08:39,18200.0,1000,Buy,232235774
2024-08-16 11:08:40,18200.0,6800,Sell,232235823
2024-08-16 11:08:40,18200.0,100,Buy,232235820
2024-08-16 11:08:40,18200.0,100,Buy,232235821
2024-08-16 11:08:40,18200.0,400,Buy,232235818
2024-08-16 11:08:40,18200.0,500,Buy,232235817
2024-08-16 11:08:40,18200.0,20000,Buy,232235819
2024-08-16 11:08:42,18200.0,2000,Sell,232235915
2024-08-16 11:08:44,18200.0,300,Sell,232235960
2024-08-16 11:08:56,18200.0,4800,Sell,232236325
2024-08-16 11:08:58,18250.0,200,Buy,232236389
2024-08-16 11:08:58,18250.0,1000,Buy,232236390
2024-08-16 11:08:58,18250.0,300,Buy,232236391
2024-08-16 11:08:58,18250.0,200,Buy,232236393
2024-08-16 11:08:58,18250.0,100,Buy,232236394
2024-08-16 11:08:58,18250.0,600,Buy,232236395
2024-08-16 11:08:58,18250.0,100,Buy,232236396
2024-08-16 11:08:58,18250.0,12300,Buy,232236397
2024-08-16 11:08:58,18250.0,200,Buy,232236392
2024-08-16 11:09:15,18250.0,200,Buy,232236915
2024-08-16 11:09:32,18200.0,100,Sell,232237379
2024-08-16 11:09:38,18250.0,700,Buy,232237607
2024-08-16 11:09:41,18250.0,1000,Buy,232237678
2024-08-16 11:09:44,18250.0,3100,Buy,232237755
2024-08-16 11:09:44,18250.0,10800,Buy,232237758
2024-08-16 11:09:44,18250.0,800,Buy,232237756
2024-08-16 11:09:44,18250.0,300,Buy,232237757
2024-08-16 11:09:52,18250.0,1000,Buy,232237962
2024-08-16 11:09:52,18250.0,100,Buy,232237963
2024-08-16 11:09:52,18250.0,500,Buy,232237964
2024-08-16 11:09:52,18250.0,500,Buy,232237965
2024-08-16 11:09:52,18250.0,200,Buy,232237966
2024-08-16 11:09:52,18250.0,3000,Buy,232237967
2024-08-16 11:09:52,18250.0,15200,Buy,232237968
2024-08-16 11:09:55,18250.0,300,Buy,232238050
2024-08-16 11:09:55,18250.0,3000,Buy,232238055
2024-08-16 11:10:00,18250.0,1200,Buy,232238214
2024-08-16 11:10:00,18250.0,100,Buy,232238213
2024-08-16 11:10:00,18250.0,100,Buy,232238212
2024-08-16 11:10:00,18250.0,300,Buy,232238209
2024-08-16 11:10:00,18250.0,700,Buy,232238210
2024-08-16 11:10:00,18250.0,100,Buy,232238208
2024-08-16 11:10:00,18250.0,1500,Buy,232238207
2024-08-16 11:10:00,18250.0,1000,Buy,232238211
2024-08-16 11:10:03,18250.0,100,Buy,232238332
2024-08-16 11:10:03,18250.0,100,Buy,232238338
2024-08-16 11:10:03,18250.0,200,Buy,232238336
2024-08-16 11:10:03,18250.0,200,Buy,232238334
2024-08-16 11:10:03,18250.0,100,Buy,232238333
2024-08-16 11:10:03,18250.0,100,Buy,232238331
2024-08-16 11:10:03,18250.0,1000,Buy,232238335
2024-08-16 11:10:03,18250.0,100,Buy,232238329
2024-08-16 11:10:03,18250.0,100,Buy,232238328
2024-08-16 11:10:03,18250.0,100,Buy,232238327
2024-08-16 11:10:03,18250.0,100,Buy,232238326
2024-08-16 11:10:03,18250.0,2400,Buy,232238323
2024-08-16 11:10:03,18250.0,500,Buy,232238325
2024-08-16 11:10:03,18250.0,1400,Buy,232238324
2024-08-16 11:10:03,18250.0,1000,Buy,232238330
2024-08-16 11:10:09,18300.0,400,Buy,232238565
2024-08-16 11:10:09,18300.0,400,Buy,232238564
2024-08-16 11:10:09,18300.0,300,Buy,232238563
2024-08-16 11:10:09,18300.0,200,Buy,232238562
2024-08-16 11:10:09,18250.0,100,Buy,232238559
2024-08-16 11:10:09,18250.0,10000,Buy,232238560
2024-08-16 11:10:09,18300.0,400,Buy,232238566
2024-08-16 11:10:09,18250.0,7700,Buy,232238558
2024-08-16 11:10:09,18250.0,100,Buy,232238557
2024-08-16 11:10:09,18250.0,400,Buy,232238561
2024-08-16 11:10:09,18300.0,100,Buy,232238567
2024-08-16 11:10:09,18300.0,100,Buy,232238571
2024-08-16 11:10:09,18300.0,100,Buy,232238569
2024-08-16 11:10:09,18300.0,100,Buy,232238570
2024-08-16 11:10:09,18300.0,100,Buy,232238572
2024-08-16 11:10:09,18300.0,1400,Buy,232238573
2024-08-16 11:10:09,18300.0,3000,Buy,232238574
2024-08-16 11:10:09,18300.0,1000,Buy,232238575
2024-08-16 11:10:09,18300.0,5000,Buy,232238576
2024-08-16 11:10:09,18300.0,100,Buy,232238577
2024-08-16 11:10:09,18300.0,5000,Buy,232238578
2024-08-16 11:10:09,18300.0,1000,Buy,232238579
2024-08-16 11:10:09,18300.0,400,Buy,232238580
2024-08-16 11:10:09,18250.0,1000,Buy,232238555
2024-08-16 11:10:09,18300.0,600,Buy,232238568
2024-08-16 11:10:09,18250.0,100,Buy,232238554
2024-08-16 11:10:09,18250.0,300,Buy,232238556
2024-08-16 11:10:09,18250.0,400,Buy,232238552
2024-08-16 11:10:09,18250.0,1700,Buy,232238527
2024-08-16 11:10:09,18250.0,6800,Buy,232238528
2024-08-16 11:10:09,18250.0,8000,Buy,232238529
2024-08-16 11:10:09,18250.0,500,Buy,232238530
2024-08-16 11:10:09,18250.0,2000,Buy,232238531
2024-08-16 11:10:09,18250.0,100,Buy,232238532
2024-08-16 11:10:09,18250.0,300,Buy,232238533
2024-08-16 11:10:09,18250.0,200,Buy,232238534
2024-08-16 11:10:09,18250.0,100,Buy,232238535
2024-08-16 11:10:09,18250.0,200,Buy,232238536
2024-08-16 11:10:09,18250.0,1000,Buy,232238538
2024-08-16 11:10:09,18250.0,5000,Buy,232238539
2024-08-16 11:10:09,18250.0,100,Buy,232238537
2024-08-16 11:10:09,18250.0,1000,Buy,232238541
2024-08-16 11:10:09,18250.0,200,Buy,232238551
2024-08-16 11:10:09,18250.0,5000,Buy,232238550
2024-08-16 11:10:09,18250.0,100,Buy,232238549
2024-08-16 11:10:09,18250.0,100,Buy,232238540
2024-08-16 11:10:09,18250.0,20000,Buy,232238547
2024-08-16 11:10:09,18250.0,500,Buy,232238548
2024-08-16 11:10:09,18250.0,200,Buy,232238545
2024-08-16 11:10:09,18250.0,100,Buy,232238544
2024-08-16 11:10:09,18250.0,1800,Buy,232238543
2024-08-16 11:10:09,18250.0,100,Buy,232238542
2024-08-16 11:10:09,18250.0,5000,Buy,232238546
2024-08-16 11:10:09,18250.0,100,Buy,232238553
2024-08-16 11:10:12,18250.0,300,Buy,232238680
2024-08-16 11:10:14,18250.0,100,Buy,232238731
2024-08-16 11:10:17,18250.0,200,Buy,232238830
2024-08-16 11:10:17,18250.0,4400,Buy,232238829
2024-08-16 11:10:19,18250.0,600,Buy,232238980
2024-08-16 11:10:19,18250.0,400,Sell,232238948
2024-08-16 11:10:22,18250.0,100,Sell,232239083
2024-08-16 11:10:31,18300.0,600,Buy,232239399
2024-08-16 11:10:31,18300.0,100,Buy,232239400
2024-08-16 11:10:31,18300.0,1300,Buy,232239401
2024-08-16 11:10:39,18300.0,300,Buy,232239662
2024-08-16 11:10:39,18300.0,200,Buy,232239663
2024-08-16 11:10:42,18300.0,500,Buy,232239770
2024-08-16 11:10:44,18300.0,300,Buy,232239824
2024-08-16 11:10:44,18300.0,200,Buy,232239825
2024-08-16 11:10:45,18300.0,500,Buy,232239866
2024-08-16 11:10:45,18300.0,2000,Buy,232239882
2024-08-16 11:10:47,18250.0,100,Sell,232239958
2024-08-16 11:10:57,18250.0,100,Sell,232240204
2024-08-16 11:11:14,18250.0,100,Sell,232240584
2024-08-16 11:11:16,18250.0,500,Sell,232240671
2024-08-16 11:11:17,18250.0,500,Sell,232240682
2024-08-16 11:11:20,18250.0,100,Sell,232240785
2024-08-16 11:11:20,18250.0,900,Sell,232240786
2024-08-16 11:11:20,18250.0,3000,Sell,232240784
2024-08-16 11:11:21,18250.0,100,Sell,232240802
2024-08-16 11:11:21,18250.0,400,Sell,232240803
2024-08-16 11:11:23,18250.0,300,Sell,232240879
2024-08-16 11:11:23,18250.0,100,Sell,232240880
2024-08-16 11:11:24,18250.0,600,Buy,232240933
2024-08-16 11:11:24,18250.0,500,Sell,232240934
2024-08-16 11:11:24,18250.0,100,Sell,232240936
2024-08-16 11:11:31,18250.0,1500,Sell,232241133
2024-08-16 11:11:31,18250.0,500,Sell,232241134
2024-08-16 11:11:31,18250.0,4000,Sell,232241135
2024-08-16 11:11:37,18250.0,500,Sell,232241307
2024-08-16 11:11:40,18250.0,2000,Sell,232241385
2024-08-16 11:11:40,18250.0,5000,Sell,232241383
2024-08-16 11:11:40,18250.0,1000,Sell,232241384
2024-08-16 11:11:48,18250.0,500,Buy,232241634
2024-08-16 11:11:49,18250.0,500,Buy,232241640
2024-08-16 11:12:02,18250.0,1600,Buy,232242018
2024-08-16 11:12:34,18250.0,500,Buy,232242985
2024-08-16 11:12:34,18250.0,10000,Buy,232242986
2024-08-16 11:12:34,18250.0,100,Buy,232242987
2024-08-16 11:12:34,18250.0,20000,Buy,232242988
2024-08-16 11:12:34,18250.0,2000,Buy,232242989
2024-08-16 11:12:34,18250.0,1000,Buy,232242990
2024-08-16 11:12:34,18250.0,500,Buy,232242991
2024-08-16 11:12:34,18250.0,1000,Buy,232242992
2024-08-16 11:12:34,18250.0,1000,Buy,232242993
2024-08-16 11:12:34,18250.0,4500,Buy,232242994
2024-08-16 11:12:34,18250.0,9400,Buy,232242984
2024-08-16 11:12:51,18250.0,2000,Buy,232243504
2024-08-16 11:12:51,18250.0,500,Buy,232243502
2024-08-16 11:12:51,18250.0,500,Buy,232243503
2024-08-16 11:13:05,18250.0,1000,Sell,232243861
2024-08-16 11:13:10,18250.0,100,Sell,232244031
2024-08-16 11:13:17,18250.0,100,Sell,232244255
2024-08-16 11:13:17,18250.0,100,Sell,232244256
2024-08-16 11:13:37,18250.0,1100,Sell,232244890
2024-08-16 11:13:41,18250.0,100,Sell,232245034
2024-08-16 11:13:49,18250.0,2800,Sell,232245253
2024-08-16 11:13:49,18250.0,1000,Sell,232245254
2024-08-16 11:13:49,18250.0,1600,Sell,232245255
2024-08-16 11:13:49,18250.0,1000,Sell,232245256
2024-08-16 11:13:49,18250.0,1600,Sell,232245257
2024-08-16 11:13:52,18250.0,200,Sell,232245417
2024-08-16 11:13:52,18250.0,100,Sell,232245416
2024-08-16 11:14:00,18250.0,100,Sell,232245654
2024-08-16 11:14:01,18300.0,1000,Buy,232245676
2024-08-16 11:14:01,18300.0,300,Buy,232245675
2024-08-16 11:14:01,18300.0,1700,Buy,232245677
2024-08-16 11:14:23,18300.0,200,Buy,232246343
2024-08-16 11:14:32,18250.0,700,Sell,232246533
2024-08-16 11:14:32,18250.0,300,Sell,232246534
2024-08-16 11:14:42,18250.0,200,Sell,232246935
2024-08-16 11:14:45,18250.0,100,Sell,232246987
2024-08-16 11:14:46,18250.0,100,Sell,232247022
2024-08-16 11:14:48,18250.0,200,Sell,232247087
2024-08-16 11:14:58,18300.0,1000,Buy,232247318
2024-08-16 11:15:30,18250.0,100,Sell,232248148
2024-08-16 11:15:35,18250.0,500,Sell,232248350
2024-08-16 11:15:35,18250.0,300,Sell,232248351
2024-08-16 11:15:35,18250.0,2000,Sell,232248348
2024-08-16 11:15:35,18250.0,2000,Sell,232248349
2024-08-16 11:15:36,18250.0,2000,Sell,232248382
2024-08-16 11:15:39,18250.0,100,Sell,232248469
2024-08-16 11:15:43,18250.0,100,Sell,232248553
2024-08-16 11:15:46,18250.0,100,Sell,232248649
2024-08-16 11:15:48,18250.0,100,Sell,232248766
2024-08-16 11:16:02,18250.0,1000,Sell,232249175
2024-08-16 11:16:09,18250.0,4800,Sell,232249443
2024-08-16 11:16:11,18250.0,1000,Sell,232249509
2024-08-16 11:16:13,18250.0,200,Sell,232249588
2024-08-16 11:16:14,18250.0,2000,Sell,232249600
2024-08-16 11:16:18,18250.0,500,Sell,232249714
2024-08-16 11:16:19,18250.0,100,Sell,232249735
2024-08-16 11:16:19,18250.0,1000,Sell,232249734
2024-08-16 11:16:20,18250.0,100,Sell,232249759
2024-08-16 11:16:21,18250.0,100,Sell,232249799
2024-08-16 11:16:22,18250.0,900,Sell,232249808
2024-08-16 11:16:23,18250.0,100,Sell,232249855
2024-08-16 11:16:23,18250.0,200,Sell,232249854
2024-08-16 11:16:25,18250.0,100,Sell,232249912
2024-08-16 11:16:26,18250.0,1000,Sell,232249936
2024-08-16 11:16:29,18250.0,4100,Sell,232250045
2024-08-16 11:16:29,18250.0,400,Sell,232250046
2024-08-16 11:16:29,18250.0,100,Sell,232250047
2024-08-16 11:16:29,18250.0,400,Sell,232250048
2024-08-16 11:16:31,18250.0,100,Sell,232250189
2024-08-16 11:16:31,18250.0,200,Sell,232250190
2024-08-16 11:16:32,18250.0,2300,Sell,232250232
2024-08-16 11:16:32,18250.0,100,Sell,232250233
2024-08-16 11:16:32,18250.0,600,Sell,232250234
2024-08-16 11:16:34,18250.0,200,Sell,232250269
2024-08-16 11:16:34,18250.0,1000,Sell,232250268
2024-08-16 11:16:36,18250.0,18000,Sell,232250343
2024-08-16 11:16:36,18250.0,2000,Sell,232250344
2024-08-16 11:16:36,18250.0,500,Sell,232250345
2024-08-16 11:16:36,18250.0,100,Sell,232250346
2024-08-16 11:16:36,18250.0,600,Sell,232250347
2024-08-16 11:16:36,18250.0,1900,Sell,232250348
2024-08-16 11:16:36,18250.0,1000,Sell,232250349
2024-08-16 11:16:38,18250.0,100,Buy,232250444
2024-08-16 11:16:42,18200.0,4800,Sell,232250618
2024-08-16 11:17:09,18200.0,5000,Sell,232251401
2024-08-16 11:17:14,18200.0,4800,Sell,232251580
2024-08-16 11:17:24,18250.0,100,Buy,232251885
2024-08-16 11:17:29,18200.0,1000,Sell,232252059
2024-08-16 11:17:48,18200.0,1000,Sell,232252493
2024-08-16 11:18:02,18250.0,300,Buy,232252850
2024-08-16 11:18:02,18250.0,5700,Buy,232252849
2024-08-16 11:18:06,18250.0,100,Buy,232252954
2024-08-16 11:18:06,18250.0,100,Buy,232252969
2024-08-16 11:18:06,18250.0,2800,Buy,232252970
2024-08-16 11:18:06,18250.0,1000,Buy,232252971
2024-08-16 11:18:06,18250.0,500,Buy,232252972
2024-08-16 11:18:06,18250.0,1000,Buy,232252973
2024-08-16 11:18:06,18250.0,100,Buy,232252974
2024-08-16 11:18:06,18250.0,400,Buy,232252975
2024-08-16 11:18:07,18200.0,200,Sell,232253026
2024-08-16 11:18:19,18200.0,3700,Sell,232253282
2024-08-16 11:18:19,18200.0,1300,Sell,232253281
2024-08-16 11:18:19,18250.0,100,Buy,232253271
2024-08-16 11:18:19,18250.0,1100,Buy,232253270
2024-08-16 11:18:19,18250.0,800,Buy,232253272
2024-08-16 11:18:30,18200.0,1000,Sell,232253620
2024-08-16 11:18:35,18200.0,23000,Sell,232253741
2024-08-16 11:18:41,18200.0,600,Sell,232253892
2024-08-16 11:18:41,18200.0,5000,Sell,232253891
2024-08-16 11:18:41,18200.0,500,Sell,232253890
2024-08-16 11:18:41,18200.0,2600,Sell,232253889
2024-08-16 11:18:41,18200.0,100,Sell,232253888
2024-08-16 11:18:41,18200.0,1000,Sell,232253887
2024-08-16 11:18:41,18200.0,100,Sell,232253886
2024-08-16 11:18:41,18200.0,100,Sell,232253885
2024-08-16 11:18:41,18200.0,100,Sell,232253884
2024-08-16 11:18:41,18200.0,300,Sell,232253883
2024-08-16 11:18:41,18200.0,2000,Sell,232253881
2024-08-16 11:18:41,18200.0,1000,Sell,232253880
2024-08-16 11:18:41,18200.0,300,Sell,232253882
2024-08-16 11:18:41,18200.0,72300,Sell,232253872
2024-08-16 11:18:41,18200.0,2000,Sell,232253873
2024-08-16 11:18:41,18200.0,1500,Sell,232253874
2024-08-16 11:18:41,18200.0,1000,Sell,232253879
2024-08-16 11:18:41,18200.0,100,Sell,232253876
2024-08-16 11:18:41,18200.0,4500,Sell,232253878
2024-08-16 11:18:41,18200.0,500,Sell,232253875
2024-08-16 11:18:41,18200.0,300,Sell,232253877
2024-08-16 11:19:04,18200.0,300,Buy,232254461
2024-08-16 11:19:09,18200.0,200,Buy,232254569
2024-08-16 11:19:38,18200.0,100,Buy,232255275
2024-08-16 11:21:10,18200.0,100,Buy,232257364
2024-08-16 11:21:34,18200.0,3400,Buy,232257932
2024-08-16 11:21:34,18200.0,6000,Buy,232257933
2024-08-16 11:21:34,18200.0,7900,Buy,232257934
2024-08-16 11:21:34,18200.0,100,Buy,232257935
2024-08-16 11:21:34,18200.0,100,Buy,232257936
2024-08-16 11:21:34,18200.0,300,Buy,232257937
2024-08-16 11:21:34,18200.0,300,Buy,232257938
2024-08-16 11:21:34,18200.0,100,Buy,232257939
2024-08-16 11:21:34,18200.0,1000,Buy,232257940
2024-08-16 11:21:34,18200.0,100,Buy,232257941
2024-08-16 11:21:34,18200.0,300,Buy,232257942
2024-08-16 11:21:46,18200.0,200,Sell,232258230
2024-08-16 11:22:15,18250.0,1200,Buy,232258849
2024-08-16 11:22:28,18250.0,3000,Buy,232259147
2024-08-16 11:22:31,18250.0,100,Buy,232259207
2024-08-16 11:22:31,18250.0,400,Buy,232259208
2024-08-16 11:22:39,18250.0,2000,Buy,232259374
2024-08-16 11:22:56,18250.0,1000,Buy,232259882
2024-08-16 11:23:00,18250.0,600,Buy,232259974
2024-08-16 11:23:00,18250.0,5000,Buy,232259975
2024-08-16 11:23:00,18250.0,4400,Buy,232259976
2024-08-16 11:23:12,18200.0,100,Sell,232260285
2024-08-16 11:23:33,18200.0,100,Sell,232260828
2024-08-16 11:23:40,18250.0,1100,Buy,232260990
2024-08-16 11:23:40,18250.0,1800,Buy,232260989
2024-08-16 11:23:40,18250.0,100,Buy,232260988
2024-08-16 11:24:04,18200.0,500,Sell,232261440
2024-08-16 11:24:09,18250.0,100,Buy,232261540
2024-08-16 11:24:09,18250.0,3600,Buy,232261541
2024-08-16 11:24:09,18250.0,500,Buy,232261542
2024-08-16 11:24:09,18250.0,300,Buy,232261543
2024-08-16 11:24:09,18250.0,1800,Buy,232261544
2024-08-16 11:24:09,18250.0,1000,Buy,232261545
2024-08-16 11:24:09,18250.0,1800,Buy,232261546
2024-08-16 11:24:09,18250.0,900,Buy,232261539
2024-08-16 11:24:15,18250.0,200,Buy,232261657
2024-08-16 11:24:15,18250.0,200,Buy,232261658
2024-08-16 11:24:15,18250.0,5600,Buy,232261659
2024-08-16 11:24:32,18250.0,5000,Buy,232262052
2024-08-16 11:24:43,18250.0,800,Buy,232262354
2024-08-16 11:24:55,18250.0,400,Buy,232262577
2024-08-16 11:25:00,18250.0,2000,Buy,232262697
2024-08-16 11:25:05,18250.0,500,Buy,232262787
2024-08-16 11:25:14,18200.0,30000,Sell,232262975
2024-08-16 11:25:14,18200.0,100,Sell,232262988
2024-08-16 11:25:51,18250.0,2000,Buy,232263827
2024-08-16 11:25:53,18200.0,300,Sell,232263864
2024-08-16 11:26:01,18200.0,100,Sell,232264064
2024-08-16 11:26:09,18200.0,1500,Sell,232264245
2024-08-16 11:26:14,18250.0,5000,Buy,232264321
2024-08-16 11:26:25,18200.0,5000,Sell,232264534
2024-08-16 11:26:39,18200.0,1000,Sell,232264795
2024-08-16 11:27:08,18200.0,1500,Sell,232265519
2024-08-16 11:27:15,18200.0,2000,Sell,232265638
2024-08-16 11:27:44,18200.0,40000,Sell,232266377
2024-08-16 11:27:50,18200.0,4000,Sell,232266472
2024-08-16 11:27:55,18200.0,10000,Sell,232266591
2024-08-16 11:28:01,18200.0,24900,Sell,232266741
2024-08-16 11:28:18,18200.0,100,Sell,232267109
2024-08-16 11:28:29,18200.0,100,Sell,232267337
2024-08-16 11:28:37,18250.0,300,Buy,232267517
2024-08-16 11:28:56,18200.0,24000,Sell,232267815
2024-08-16 11:28:58,18200.0,5000,Sell,232267837
2024-08-16 11:29:09,18200.0,300,Sell,232267991
2024-08-16 11:29:10,18200.0,5000,Sell,232268009
2024-08-16 11:29:12,18200.0,100,Sell,232268035
2024-08-16 11:29:15,18200.0,1200,Sell,232268082
2024-08-16 11:29:16,18200.0,100,Sell,232268105
2024-08-16 11:29:17,18200.0,500,Sell,232268118
2024-08-16 11:29:22,18200.0,100,Sell,232268196
2024-08-16 11:29:23,18200.0,5000,Sell,232268227
2024-08-16 11:29:35,18200.0,1000,Sell,232268555
2024-08-16 12:59:36,18200.0,1200,Sell,232268593
2024-08-16 12:59:36,18200.0,200,Sell,232268594
2024-08-16 12:59:37,18200.0,100,Sell,232268651
2024-08-16 12:59:37,18200.0,1000,Sell,232269123
2024-08-16 12:59:37,18200.0,2000,Sell,232269124
2024-08-16 12:59:38,18200.0,1000,Sell,232269497
2024-08-16 12:59:38,18200.0,200,Sell,232269496
2024-08-16 12:59:38,18200.0,300,Sell,232269495
2024-08-16 12:59:38,18200.0,500,Sell,232269494
2024-08-16 12:59:38,18200.0,500,Sell,232269493
2024-08-16 12:59:38,18200.0,1600,Sell,232269490
2024-08-16 12:59:38,18200.0,2200,Sell,232269491
2024-08-16 12:59:38,18200.0,100,Sell,232269489
2024-08-16 12:59:38,18200.0,2100,Sell,232269488
2024-08-16 12:59:38,18200.0,10000,Sell,232269217
2024-08-16 12:59:38,18200.0,100,Sell,232269492
2024-08-16 12:59:39,18200.0,400,Buy,232270045
2024-08-16 12:59:39,18200.0,3000,Buy,232269871
2024-08-16 12:59:39,18200.0,200,Buy,232269658
2024-08-16 12:59:39,18200.0,100,Sell,232269657
2024-08-16 12:59:39,18200.0,6700,Buy,232270044
2024-08-16 12:59:39,18200.0,1000,Sell,232269655
2024-08-16 12:59:39,18200.0,100,Sell,232269654
2024-08-16 12:59:39,18200.0,700,Sell,232269653
2024-08-16 12:59:39,18200.0,300,Sell,232269652
2024-08-16 12:59:39,18200.0,100,Sell,232269656
2024-08-16 12:59:41,18150.0,100,Sell,232270892
2024-08-16 12:59:41,18150.0,300,Sell,232270893
2024-08-16 12:59:41,18150.0,1000,Sell,232270894
2024-08-16 12:59:41,18150.0,400,Sell,232270895
2024-08-16 12:59:41,18150.0,400,Sell,232270896
2024-08-16 12:59:41,18200.0,100,Buy,232271050
2024-08-16 12:59:42,18200.0,3000,Buy,232271345
2024-08-16 12:59:43,18200.0,10000,Buy,232271593
2024-08-16 12:59:44,18150.0,300,Sell,232271718
2024-08-16 12:59:46,18200.0,3200,Buy,232272195
2024-08-16 12:59:46,18200.0,100,Buy,232272194
2024-08-16 12:59:46,18200.0,100,Buy,232272192
2024-08-16 12:59:46,18200.0,2000,Buy,232272193
2024-08-16 12:59:46,18200.0,14600,Buy,232272191
2024-08-16 12:59:48,18200.0,100,Buy,232272602
2024-08-16 12:59:48,18200.0,100,Buy,232272603
2024-08-16 12:59:48,18200.0,2000,Buy,232272604
2024-08-16 12:59:48,18200.0,400,Buy,232272605
2024-08-16 12:59:48,18200.0,300,Buy,232272606
2024-08-16 12:59:48,18200.0,500,Buy,232272601
2024-08-16 12:59:49,18200.0,6600,Buy,232272624
2024-08-16 12:59:50,18200.0,100,Buy,232272843
2024-08-16 12:59:52,18200.0,1000,Buy,232273237
2024-08-16 12:59:57,18200.0,200,Buy,232273825
2024-08-16 12:59:58,18200.0,100,Buy,232273907
2024-08-16 12:59:59,18200.0,100,Buy,232274020
2024-08-16 13:00:08,18200.0,600,Buy,232274930
2024-08-16 13:00:08,18200.0,100,Buy,232274969
2024-08-16 13:00:11,18200.0,5000,Buy,232275348
2024-08-16 13:00:11,18200.0,2000,Buy,232275255
2024-08-16 13:00:12,18200.0,300,Buy,232275405
2024-08-16 13:00:14,18200.0,100,Buy,232275538
2024-08-16 13:00:15,18200.0,100,Buy,232275588
2024-08-16 13:00:17,18200.0,100,Buy,232275890
2024-08-16 13:00:31,18150.0,100,Sell,232276675
2024-08-16 13:00:39,18200.0,500,Buy,232277065
2024-08-16 13:00:43,18200.0,16800,Buy,232277270
2024-08-16 13:00:47,18200.0,6300,Buy,232277359
2024-08-16 13:00:47,18200.0,13700,Buy,232277360
2024-08-16 13:00:50,18200.0,15700,Buy,232277453
2024-08-16 13:00:50,18200.0,1100,Buy,232277454
2024-08-16 13:00:51,18150.0,500,Sell,232277504
2024-08-16 13:00:53,18200.0,2000,Buy,232277560
2024-08-16 13:00:53,18200.0,400,Buy,232277559
2024-08-16 13:00:53,18200.0,13500,Buy,232277561
2024-08-16 13:00:53,18200.0,3000,Buy,232277557
2024-08-16 13:00:53,18200.0,1000,Buy,232277558
2024-08-16 13:00:53,18200.0,100,Buy,232277556
2024-08-16 13:00:54,18200.0,6500,Buy,232277588
2024-08-16 13:00:54,18200.0,100,Buy,232277589
2024-08-16 13:00:54,18200.0,100,Buy,232277590
2024-08-16 13:00:54,18200.0,3000,Buy,232277591
2024-08-16 13:00:54,18200.0,10300,Buy,232277592
2024-08-16 13:00:57,18200.0,4700,Buy,232277767
2024-08-16 13:00:57,18200.0,500,Buy,232277768
2024-08-16 13:00:57,18200.0,1100,Buy,232277769
2024-08-16 13:01:19,18250.0,6000,Buy,232279026
2024-08-16 13:01:19,18250.0,100,Buy,232279025
2024-08-16 13:01:19,18250.0,100,Buy,232279024
2024-08-16 13:01:19,18250.0,100,Buy,232279020
2024-08-16 13:01:19,18250.0,200,Buy,232279022
2024-08-16 13:01:19,18250.0,200,Buy,232279021
2024-08-16 13:01:19,18250.0,600,Buy,232279027
2024-08-16 13:01:19,18250.0,500,Buy,232279019
2024-08-16 13:01:19,18250.0,100,Buy,232279023
2024-08-16 13:01:19,18250.0,10000,Buy,232279028
2024-08-16 13:01:19,18250.0,100,Buy,232279033
2024-08-16 13:01:19,18250.0,4800,Buy,232279030
2024-08-16 13:01:19,18250.0,200,Buy,232279031
2024-08-16 13:01:19,18250.0,300,Buy,232279032
2024-08-16 13:01:19,18250.0,200,Buy,232279034
2024-08-16 13:01:19,18250.0,2500,Buy,232279035
2024-08-16 13:01:19,18250.0,2000,Buy,232279036
2024-08-16 13:01:19,18250.0,100,Buy,232279037
2024-08-16 13:01:19,18250.0,100,Buy,232279038
2024-08-16 13:01:19,18250.0,100,Buy,232279039
2024-08-16 13:01:19,18250.0,1000,Buy,232279040
2024-08-16 13:01:19,18250.0,100,Buy,232279018
2024-08-16 13:01:19,18250.0,5000,Buy,232279029
2024-08-16 13:01:19,18250.0,1000,Buy,232279017
2024-08-16 13:01:19,18250.0,500,Buy,232279006
2024-08-16 13:01:19,18250.0,100,Buy,232279015
2024-08-16 13:01:19,18250.0,2000,Buy,232279016
2024-08-16 13:01:19,18250.0,2400,Buy,232278990
2024-08-16 13:01:19,18250.0,400,Buy,232278991
2024-08-16 13:01:19,18250.0,300,Buy,232278992
2024-08-16 13:01:19,18250.0,3000,Buy,232278993
2024-08-16 13:01:19,18250.0,1000,Buy,232278994
2024-08-16 13:01:19,18250.0,1300,Buy,232278995
2024-08-16 13:01:19,18250.0,1000,Buy,232278996
2024-08-16 13:01:19,18250.0,200,Buy,232278997
2024-08-16 13:01:19,18250.0,1000,Buy,232278998
2024-08-16 13:01:19,18250.0,100,Buy,232278999
2024-08-16 13:01:19,18250.0,500,Buy,232279000
2024-08-16 13:01:19,18250.0,500,Buy,232279005
2024-08-16 13:01:19,18250.0,1000,Buy,232279002
2024-08-16 13:01:19,18250.0,3000,Buy,232279003
2024-08-16 13:01:19,18250.0,100,Buy,232279004
2024-08-16 13:01:19,18250.0,500,Buy,232279007
2024-08-16 13:01:19,18250.0,500,Buy,232279008
2024-08-16 13:01:19,18250.0,100,Buy,232279009
2024-08-16 13:01:19,18250.0,500,Buy,232279010
2024-08-16 13:01:19,18250.0,100,Buy,232279011
2024-08-16 13:01:19,18250.0,500,Buy,232279012
2024-08-16 13:01:19,18250.0,500,Buy,232279014
2024-08-16 13:01:19,18250.0,100,Buy,232279001
2024-08-16 13:01:20,18250.0,2700,Buy,232279051
2024-08-16 13:01:20,18250.0,1000,Buy,232279050
2024-08-16 13:01:20,18250.0,200,Buy,232279048
2024-08-16 13:01:20,18250.0,100,Buy,232279047
2024-08-16 13:01:20,18250.0,1400,Buy,232279049
2024-08-16 13:01:20,18250.0,11000,Buy,232279045
2024-08-16 13:01:20,18250.0,100,Buy,232279046
2024-08-16 13:01:20,18250.0,5000,Buy,232279042
2024-08-16 13:01:20,18250.0,100,Buy,232279044
2024-08-16 13:01:20,18250.0,1800,Buy,232279043
2024-08-16 13:01:35,18250.0,2300,Buy,232279583
2024-08-16 13:01:35,18250.0,2000,Buy,232279584
2024-08-16 13:01:35,18250.0,700,Buy,232279585
2024-08-16 13:01:43,18200.0,1800,Sell,232279855
2024-08-16 13:02:13,18200.0,1900,Sell,232281132
2024-08-16 13:02:13,18200.0,1700,Sell,232281133
2024-08-16 13:02:14,18250.0,1600,Buy,232281186
2024-08-16 13:02:28,18200.0,2000,Sell,232281716
2024-08-16 13:02:42,18250.0,7700,Buy,232282314
2024-08-16 13:02:42,18250.0,1000,Buy,232282315
2024-08-16 13:02:42,18250.0,9000,Buy,232282316
2024-08-16 13:02:42,18250.0,2300,Buy,232282317
2024-08-16 13:02:45,18200.0,700,Sell,232282485
2024-08-16 13:02:47,18250.0,300,Buy,232282724
2024-08-16 13:02:47,18250.0,2400,Buy,232282731
2024-08-16 13:02:47,18250.0,5000,Buy,232282734
2024-08-16 13:02:47,18250.0,1900,Buy,232282740
2024-08-16 13:02:47,18250.0,100,Buy,232282739
2024-08-16 13:02:47,18250.0,200,Buy,232282738
2024-08-16 13:02:47,18250.0,100,Buy,232282733
2024-08-16 13:02:47,18250.0,10000,Buy,232282736
2024-08-16 13:02:47,18250.0,100,Buy,232282735
2024-08-16 13:02:47,18250.0,200,Buy,232282737
2024-08-16 13:02:55,18250.0,100,Buy,232283123
2024-08-16 13:02:55,18250.0,100,Buy,232283124
2024-08-16 13:03:05,18250.0,100,Sell,232283549
2024-08-16 13:03:21,18250.0,200,Sell,232284292
2024-08-16 13:03:23,18250.0,3000,Sell,232284374
2024-08-16 13:03:34,18250.0,1500,Sell,232284759
2024-08-16 13:03:35,18250.0,1000,Sell,232284839
2024-08-16 13:03:36,18300.0,100,Buy,232284881
2024-08-16 13:03:36,18300.0,100,Buy,232284882
2024-08-16 13:03:36,18300.0,100,Buy,232284884
2024-08-16 13:03:36,18300.0,200,Buy,232284885
2024-08-16 13:03:36,18300.0,2600,Buy,232284890
2024-08-16 13:03:36,18300.0,3000,Buy,232284888
2024-08-16 13:03:36,18300.0,100,Buy,232284889
2024-08-16 13:03:36,18300.0,300,Buy,232284880
2024-08-16 13:03:36,18300.0,200,Buy,232284887
2024-08-16 13:03:36,18300.0,300,Buy,232284879
2024-08-16 13:03:36,18300.0,2000,Buy,232284886
2024-08-16 13:03:36,18300.0,100,Buy,232284877
2024-08-16 13:03:36,18300.0,1000,Buy,232284878
2024-08-16 13:03:36,18300.0,100,Buy,232284867
2024-08-16 13:03:36,18300.0,500,Buy,232284868
2024-08-16 13:03:36,18300.0,100,Buy,232284869
2024-08-16 13:03:36,18300.0,100,Buy,232284870
2024-08-16 13:03:36,18300.0,100,Buy,232284871
2024-08-16 13:03:36,18300.0,100,Buy,232284883
2024-08-16 13:03:36,18300.0,100,Buy,232284873
2024-08-16 13:03:36,18300.0,4800,Buy,232284872
2024-08-16 13:03:36,18300.0,100,Buy,232284874
2024-08-16 13:03:36,18300.0,300,Buy,232284875
2024-08-16 13:03:36,18300.0,100,Buy,232284876
2024-08-16 13:03:39,18250.0,300,Sell,232285063
2024-08-16 13:03:42,18250.0,500,Sell,232285188
2024-08-16 13:03:43,18300.0,2400,Buy,232285223
2024-08-16 13:03:43,18300.0,1600,Buy,232285224
2024-08-16 13:03:45,18300.0,200,Buy,232285298
2024-08-16 13:03:45,18250.0,1100,Sell,232285285
2024-08-16 13:03:46,18250.0,100,Sell,232285367
2024-08-16 13:03:46,18250.0,1000,Sell,232285368
2024-08-16 13:03:48,18250.0,1500,Sell,232285477
2024-08-16 13:03:49,18250.0,700,Sell,232285485
2024-08-16 13:04:00,18250.0,200,Sell,232285933
2024-08-16 13:04:05,18300.0,200,Buy,232286222
2024-08-16 13:04:05,18300.0,100,Buy,232286223
2024-08-16 13:04:05,18300.0,100,Buy,232286224
2024-08-16 13:04:05,18300.0,1000,Buy,232286226
2024-08-16 13:04:05,18300.0,5000,Buy,232286227
2024-08-16 13:04:05,18300.0,100,Buy,232286228
2024-08-16 13:04:05,18300.0,100,Buy,232286225
2024-08-16 13:04:07,18250.0,200,Sell,232286323
2024-08-16 13:04:07,18250.0,200,Sell,232286324
2024-08-16 13:04:07,18250.0,400,Sell,232286325
2024-08-16 13:04:07,18250.0,1200,Sell,232286326
2024-08-16 13:04:08,18250.0,100,Sell,232286354
2024-08-16 13:04:13,18250.0,3000,Sell,232286615
2024-08-16 13:04:13,18250.0,200,Sell,232286613
2024-08-16 13:04:13,18250.0,3000,Sell,232286614
2024-08-16 13:04:15,18200.0,3000,Sell,232286684
2024-08-16 13:04:58,18250.0,5000,Buy,232289034
2024-08-16 13:05:04,18250.0,2100,Buy,232289295
2024-08-16 13:05:04,18250.0,5000,Buy,232289294
2024-08-16 13:05:04,18250.0,1000,Buy,232289293
2024-08-16 13:05:04,18250.0,1000,Buy,232289292
2024-08-16 13:05:04,18250.0,10900,Buy,232289291
2024-08-16 13:05:04,18250.0,100,Buy,232289296
2024-08-16 13:05:04,18250.0,200,Buy,232289289
2024-08-16 13:05:04,18250.0,400,Buy,232289288
2024-08-16 13:05:04,18250.0,300,Buy,232289287
2024-08-16 13:05:04,18250.0,2000,Buy,232289286
2024-08-16 13:05:04,18250.0,2000,Buy,232289285
2024-08-16 13:05:04,18250.0,3800,Buy,232289284
2024-08-16 13:05:04,18250.0,3000,Buy,232289290
2024-08-16 13:05:12,18250.0,100,Sell,232289673
2024-08-16 13:05:17,18250.0,1000,Sell,232289913
2024-08-16 13:05:21,18250.0,200,Sell,232290116
2024-08-16 13:05:24,18250.0,100,Sell,232290262
2024-08-16 13:05:24,18250.0,16900,Sell,232290261
2024-08-16 13:05:31,18250.0,40800,Buy,232290561
2024-08-16 13:05:31,18250.0,500,Buy,232290562
2024-08-16 13:05:31,18250.0,1000,Buy,232290563
2024-08-16 13:05:33,18250.0,2000,Sell,232290744
2024-08-16 13:05:39,18250.0,500,Sell,232291035
2024-08-16 13:05:58,18250.0,2000,Sell,232291766
2024-08-16 13:06:14,18250.0,500,Sell,232292640
2024-08-16 13:06:19,18250.0,100,Sell,232292933
2024-08-16 13:06:20,18250.0,2300,Sell,232293009
2024-08-16 13:06:20,18250.0,100,Sell,232293008
2024-08-16 13:06:20,18250.0,2600,Sell,232293007
2024-08-16 13:06:21,18250.0,1000,Sell,232293065
2024-08-16 13:06:21,18250.0,200,Sell,232293073
2024-08-16 13:06:25,18250.0,600,Sell,232293344
2024-08-16 13:06:31,18250.0,4100,Sell,232293670
2024-08-16 13:06:31,18250.0,900,Buy,232293676
2024-08-16 13:06:34,18250.0,100,Sell,232293854
2024-08-16 13:06:35,18250.0,5000,Sell,232293891
2024-08-16 13:06:38,18250.0,1000,Sell,232294125
2024-08-16 13:06:39,18250.0,2700,Sell,232294172
2024-08-16 13:06:43,18250.0,300,Sell,232294424
2024-08-16 13:06:43,18250.0,200,Buy,232294427
2024-08-16 13:06:44,18250.0,1500,Buy,232294448
2024-08-16 13:06:44,18250.0,100,Sell,232294454
2024-08-16 13:06:47,18250.0,1000,Sell,232294597
2024-08-16 13:06:47,18250.0,200,Sell,232294570
2024-08-16 13:06:50,18250.0,100,Sell,232294709
2024-08-16 13:06:58,18250.0,1000,Sell,232295147
2024-08-16 13:06:59,18250.0,100,Sell,232295160
2024-08-16 13:07:04,18250.0,100,Sell,232295458
2024-08-16 13:07:15,18250.0,100,Sell,232295849
2024-08-16 13:07:17,18250.0,500,Sell,232295938
2024-08-16 13:07:19,18250.0,1000,Sell,232296006
2024-08-16 13:07:31,18250.0,200,Sell,232296522
2024-08-16 13:07:37,18300.0,2000,Buy,232296849
2024-08-16 13:07:37,18300.0,500,Buy,232296850
2024-08-16 13:07:37,18300.0,500,Buy,232296851
2024-08-16 13:07:41,18250.0,2000,Sell,232297084
2024-08-16 13:08:00,18300.0,100,Buy,232298236
2024-08-16 13:08:00,18300.0,2000,Buy,232298235
2024-08-16 13:08:00,18300.0,1400,Buy,232298237
2024-08-16 13:08:00,18300.0,100,Buy,232298233
2024-08-16 13:08:00,18300.0,500,Buy,232298234
2024-08-16 13:08:00,18300.0,5000,Buy,232298231
2024-08-16 13:08:00,18300.0,200,Buy,232298228
2024-08-16 13:08:00,18300.0,100,Buy,232298229
2024-08-16 13:08:00,18300.0,200,Buy,232298232
2024-08-16 13:08:00,18300.0,300,Buy,232298227
2024-08-16 13:08:00,18300.0,100,Buy,232298230
2024-08-16 13:08:02,18250.0,700,Sell,232298493
2024-08-16 13:08:02,18250.0,600,Sell,232298492
2024-08-16 13:08:06,18300.0,1600,Buy,232298938
2024-08-16 13:08:06,18300.0,200,Buy,232298939
2024-08-16 13:08:06,18300.0,100,Buy,232298940
2024-08-16 13:08:06,18300.0,200,Buy,232298941
2024-08-16 13:08:06,18300.0,500,Buy,232298942
2024-08-16 13:08:06,18300.0,200,Buy,232298943
2024-08-16 13:08:06,18300.0,100,Buy,232298944
2024-08-16 13:08:06,18300.0,700,Buy,232298945
2024-08-16 13:08:06,18300.0,100,Buy,232298946
2024-08-16 13:08:06,18300.0,6300,Buy,232298947
2024-08-16 13:08:45,18300.0,500,Buy,232301461
