time,price,volume,match_type,id
2024-08-28 09:15:01,20150.0,28000,ATO/ATC,235229956
2024-08-28 09:15:04,20200.0,100,Buy,235230030
2024-08-28 09:15:04,20200.0,400,Buy,235230031
2024-08-28 09:15:18,20150.0,11100,Sell,235230285
2024-08-28 09:15:18,20150.0,200,Sell,235230286
2024-08-28 09:15:32,20150.0,1400,Buy,235230530
2024-08-28 09:15:46,20150.0,800,Buy,235230879
2024-08-28 09:15:57,20150.0,10000,Buy,235231130
2024-08-28 09:16:00,20150.0,1000,Buy,235231205
2024-08-28 09:16:00,20150.0,1000,Buy,235231211
2024-08-28 09:16:05,20150.0,1000,Buy,235231321
2024-08-28 09:16:20,20150.0,200,Buy,235231762
2024-08-28 09:16:24,20150.0,3300,Buy,235231833
2024-08-28 09:16:24,20150.0,600,Buy,235231834
2024-08-28 09:16:24,20150.0,1100,Buy,235231835
2024-08-28 09:16:40,20150.0,200,Buy,235232208
2024-08-28 09:16:48,20150.0,100,Buy,235232384
2024-08-28 09:16:56,20150.0,200,Buy,235232556
2024-08-28 09:17:02,20150.0,900,Buy,235232656
2024-08-28 09:17:02,20150.0,100,Buy,235232657
2024-08-28 09:17:02,20150.0,200,Buy,235232660
2024-08-28 09:17:02,20150.0,3000,Buy,235232655
2024-08-28 09:17:18,20150.0,300,Buy,235233070
2024-08-28 09:17:21,20150.0,500,Buy,235233142
2024-08-28 09:17:21,20150.0,1600,Buy,235233144
2024-08-28 09:17:21,20150.0,100,Buy,235233145
2024-08-28 09:17:21,20150.0,100,Buy,235233146
2024-08-28 09:17:21,20150.0,1600,Buy,235233147
2024-08-28 09:17:21,20150.0,600,Buy,235233148
2024-08-28 09:17:21,20150.0,400,Buy,235233167
2024-08-28 09:17:21,20150.0,1600,Buy,235233168
2024-08-28 09:17:38,20100.0,400,Sell,235233549
2024-08-28 09:17:38,20100.0,3700,Sell,235233550
2024-08-28 09:17:38,20100.0,100,Sell,235233547
2024-08-28 09:17:38,20100.0,100,Sell,235233548
2024-08-28 09:17:38,20150.0,500,Sell,235233546
2024-08-28 09:17:43,20150.0,3000,Buy,235233679
2024-08-28 09:17:50,20150.0,900,Sell,235233848
2024-08-28 09:17:50,20150.0,1100,Sell,235233849
2024-08-28 09:17:55,20150.0,100,Sell,235233992
2024-08-28 09:18:01,20150.0,100,Buy,235234160
2024-08-28 09:18:03,20150.0,4600,Buy,235234221
2024-08-28 09:18:03,20150.0,1600,Buy,235234223
2024-08-28 09:18:03,20150.0,1600,Buy,235234224
2024-08-28 09:18:03,20150.0,200,Buy,235234222
2024-08-28 09:18:07,20150.0,100,Buy,235234346
2024-08-28 09:18:08,20150.0,100,Buy,235234361
2024-08-28 09:18:08,20150.0,700,Buy,235234382
2024-08-28 09:18:08,20150.0,200,Buy,235234383
2024-08-28 09:18:21,20100.0,4800,Sell,235234834
2024-08-28 09:18:21,20100.0,100,Sell,235234753
2024-08-28 09:18:25,20150.0,300,Buy,235234924
2024-08-28 09:18:27,20150.0,1400,Buy,235234945
2024-08-28 09:18:27,20150.0,600,Buy,235234944
2024-08-28 09:18:42,20150.0,300,Buy,235235302
2024-08-28 09:19:00,20150.0,3100,Buy,235235673
2024-08-28 09:19:00,20150.0,600,Buy,235235674
2024-08-28 09:19:08,20150.0,5000,Buy,235235876
2024-08-28 09:19:18,20150.0,100,Buy,235236126
2024-08-28 09:19:19,20100.0,4800,Sell,235236172
2024-08-28 09:19:19,20100.0,1100,Sell,235236180
2024-08-28 09:19:19,20100.0,100,Sell,235236179
2024-08-28 09:19:19,20100.0,5000,Sell,235236177
2024-08-28 09:19:19,20100.0,5000,Sell,235236176
2024-08-28 09:19:19,20100.0,400,Sell,235236175
2024-08-28 09:19:19,20100.0,600,Sell,235236174
2024-08-28 09:19:19,20100.0,2500,Sell,235236173
2024-08-28 09:19:19,20100.0,4500,Sell,235236171
2024-08-28 09:19:19,20100.0,1000,Sell,235236178
2024-08-28 09:19:19,20100.0,100,Sell,235236169
2024-08-28 09:19:19,20100.0,200,Sell,235236170
2024-08-28 09:19:19,20100.0,300,Sell,235236163
2024-08-28 09:19:19,20100.0,11400,Sell,235236158
2024-08-28 09:19:19,20100.0,5000,Sell,235236164
2024-08-28 09:19:19,20100.0,500,Sell,235236162
2024-08-28 09:19:19,20100.0,300,Sell,235236166
2024-08-28 09:19:19,20100.0,2000,Sell,235236167
2024-08-28 09:19:19,20100.0,5000,Sell,235236168
2024-08-28 09:19:19,20100.0,200,Sell,235236165
2024-08-28 09:19:26,20100.0,400,Sell,235236346
2024-08-28 09:19:45,20050.0,100,Sell,235236792
2024-08-28 09:19:55,20100.0,500,Buy,235236941
2024-08-28 09:19:55,20100.0,1000,Buy,235236942
2024-08-28 09:19:58,20050.0,100,Sell,235236995
2024-08-28 09:19:58,20050.0,300,Sell,235236996
2024-08-28 09:20:03,20100.0,200,Buy,235237154
2024-08-28 09:20:03,20100.0,100,Buy,235237153
2024-08-28 09:20:03,20100.0,1600,Buy,235237152
2024-08-28 09:20:03,20100.0,100,Buy,235237151
2024-08-28 09:20:23,20100.0,100,Buy,235237535
2024-08-28 09:20:36,20100.0,600,Buy,235237843
2024-08-28 09:21:09,20100.0,100,Buy,235238492
2024-08-28 09:21:17,20100.0,100,Buy,235238624
2024-08-28 09:21:19,20100.0,100,Buy,235238642
2024-08-28 09:22:08,20050.0,100,Sell,235239516
2024-08-28 09:22:08,20050.0,300,Sell,235239518
2024-08-28 09:22:08,20050.0,1200,Sell,235239519
2024-08-28 09:22:08,20050.0,1600,Sell,235239520
2024-08-28 09:22:08,20050.0,300,Sell,235239523
2024-08-28 09:22:08,20050.0,600,Sell,235239522
2024-08-28 09:22:08,20050.0,100,Sell,235239515
2024-08-28 09:22:08,20050.0,5000,Sell,235239524
2024-08-28 09:22:08,20050.0,6800,Sell,235239525
2024-08-28 09:22:08,20050.0,900,Sell,235239521
2024-08-28 09:22:08,20050.0,500,Sell,235239514
2024-08-28 09:22:08,20050.0,2000,Sell,235239517
2024-08-28 09:22:08,20050.0,100,Sell,235239512
2024-08-28 09:22:08,20050.0,300,Sell,235239513
2024-08-28 09:22:08,20050.0,1200,Sell,235239502
2024-08-28 09:22:08,20050.0,100,Sell,235239503
2024-08-28 09:22:08,20050.0,1100,Sell,235239505
2024-08-28 09:22:08,20050.0,1300,Sell,235239506
2024-08-28 09:22:08,20050.0,200,Sell,235239504
2024-08-28 09:22:08,20050.0,2900,Sell,235239508
2024-08-28 09:22:08,20050.0,200,Sell,235239509
2024-08-28 09:22:08,20050.0,200,Sell,235239510
2024-08-28 09:22:08,20050.0,2500,Sell,235239511
2024-08-28 09:22:08,20050.0,500,Sell,235239507
2024-08-28 09:22:30,20000.0,1000,Sell,235240095
2024-08-28 09:22:30,20000.0,1000,Sell,235240098
2024-08-28 09:22:30,20000.0,1000,Sell,235240097
2024-08-28 09:22:30,20000.0,3000,Sell,235240096
2024-08-28 09:22:30,20000.0,5000,Sell,235240094
2024-08-28 09:22:30,20000.0,100,Sell,235240088
2024-08-28 09:22:30,20000.0,100,Sell,235240092
2024-08-28 09:22:30,20000.0,500,Sell,235240091
2024-08-28 09:22:30,20000.0,200,Sell,235240090
2024-08-28 09:22:30,20000.0,100,Sell,235240089
2024-08-28 09:22:30,20000.0,100,Sell,235240099
2024-08-28 09:22:30,20000.0,200,Sell,235240087
2024-08-28 09:22:30,20000.0,100,Sell,235240093
2024-08-28 09:22:30,20000.0,1200,Sell,235240100
2024-08-28 09:22:30,20000.0,300,Sell,235240106
2024-08-28 09:22:30,20000.0,1000,Sell,235240102
2024-08-28 09:22:30,20000.0,3900,Sell,235240103
2024-08-28 09:22:30,20000.0,1000,Sell,235240104
2024-08-28 09:22:30,20000.0,100,Sell,235240105
2024-08-28 09:22:30,20000.0,100,Sell,235240107
2024-08-28 09:22:30,20000.0,500,Sell,235240108
2024-08-28 09:22:30,20000.0,2000,Sell,235240109
2024-08-28 09:22:30,20000.0,100,Sell,235240110
2024-08-28 09:22:30,20000.0,500,Sell,235240111
2024-08-28 09:22:30,20000.0,800,Sell,235240112
2024-08-28 09:22:30,20000.0,800,Sell,235240114
2024-08-28 09:22:30,20000.0,1300,Sell,235240115
2024-08-28 09:22:30,20000.0,1000,Sell,235240116
2024-08-28 09:22:30,20000.0,500,Sell,235240086
2024-08-28 09:22:30,20000.0,500,Sell,235240101
2024-08-28 09:22:30,20000.0,3400,Sell,235240085
2024-08-28 09:22:30,20000.0,300,Sell,235240113
2024-08-28 09:22:30,20000.0,1000,Sell,235240083
2024-08-28 09:22:30,20050.0,200,Sell,235240054
2024-08-28 09:22:30,20050.0,1000,Sell,235240055
2024-08-28 09:22:30,20050.0,10000,Sell,235240056
2024-08-28 09:22:30,20050.0,13200,Sell,235240053
2024-08-28 09:22:30,20050.0,1200,Sell,235240057
2024-08-28 09:22:30,20050.0,600,Sell,235240059
2024-08-28 09:22:30,20050.0,100,Sell,235240060
2024-08-28 09:22:30,20050.0,1500,Sell,235240061
2024-08-28 09:22:30,20050.0,1000,Sell,235240062
2024-08-28 09:22:30,20050.0,2000,Sell,235240063
2024-08-28 09:22:30,20050.0,1000,Sell,235240064
2024-08-28 09:22:30,20050.0,2500,Sell,235240065
2024-08-28 09:22:30,20050.0,300,Sell,235240066
2024-08-28 09:22:30,20050.0,1000,Sell,235240067
2024-08-28 09:22:30,20050.0,1000,Sell,235240058
2024-08-28 09:22:30,20000.0,11600,Sell,235240069
2024-08-28 09:22:30,20050.0,2000,Sell,235240068
2024-08-28 09:22:30,20000.0,1200,Sell,235240082
2024-08-28 09:22:30,20000.0,2000,Sell,235240081
2024-08-28 09:22:30,20000.0,3000,Sell,235240080
2024-08-28 09:22:30,20000.0,100,Sell,235240079
2024-08-28 09:22:30,20000.0,200,Sell,235240078
2024-08-28 09:22:30,20000.0,2000,Sell,235240077
2024-08-28 09:22:30,20000.0,200,Sell,235240084
2024-08-28 09:22:30,20000.0,500,Sell,235240075
2024-08-28 09:22:30,20000.0,1000,Sell,235240074
2024-08-28 09:22:30,20000.0,200,Sell,235240073
2024-08-28 09:22:30,20000.0,400,Sell,235240072
2024-08-28 09:22:30,20000.0,1500,Sell,235240071
2024-08-28 09:22:30,20000.0,1000,Sell,235240070
2024-08-28 09:22:30,20000.0,100,Sell,235240076
2024-08-28 09:22:31,20000.0,100,Buy,235240138
2024-08-28 09:22:32,19950.0,100,Sell,235240187
2024-08-28 09:22:32,19950.0,200,Sell,235240188
2024-08-28 09:22:32,19950.0,4000,Sell,235240186
2024-08-28 09:22:32,19950.0,900,Sell,235240182
2024-08-28 09:22:32,19950.0,100,Sell,235240184
2024-08-28 09:22:32,19950.0,100,Sell,235240183
2024-08-28 09:22:32,19950.0,100,Sell,235240181
2024-08-28 09:22:32,19950.0,500,Sell,235240185
2024-08-28 09:22:34,19950.0,200,Sell,235240256
2024-08-28 09:22:34,19950.0,100,Sell,235240257
2024-08-28 09:22:34,19950.0,2000,Sell,235240258
2024-08-28 09:22:34,19950.0,1000,Sell,235240259
2024-08-28 09:22:34,19950.0,20000,Sell,235240260
2024-08-28 09:22:34,19950.0,1500,Sell,235240261
2024-08-28 09:22:38,19950.0,100,Buy,235240353
2024-08-28 09:22:40,19950.0,100,Buy,235240391
2024-08-28 09:22:44,19950.0,100,Buy,235240489
2024-08-28 09:23:03,19900.0,100,Sell,235240894
2024-08-28 09:23:03,19900.0,100,Sell,235240893
2024-08-28 09:23:03,19900.0,400,Sell,235240891
2024-08-28 09:23:03,19900.0,100,Sell,235240890
2024-08-28 09:23:03,19900.0,100,Sell,235240889
2024-08-28 09:23:03,19900.0,200,Sell,235240892
2024-08-28 09:23:04,19900.0,2200,Sell,235240928
2024-08-28 09:23:04,19900.0,500,Sell,235240927
2024-08-28 09:23:04,19900.0,300,Sell,235240926
2024-08-28 09:23:04,19900.0,100,Sell,235240925
2024-08-28 09:23:04,19900.0,100,Sell,235240924
2024-08-28 09:23:04,19900.0,4400,Sell,235240937
2024-08-28 09:23:04,19900.0,800,Sell,235240922
2024-08-28 09:23:04,19900.0,100,Sell,235240921
2024-08-28 09:23:04,19900.0,300,Sell,235240920
2024-08-28 09:23:04,19900.0,200,Sell,235240919
2024-08-28 09:23:04,19900.0,900,Sell,235240918
2024-08-28 09:23:04,19900.0,100,Sell,235240923
2024-08-28 09:23:07,19950.0,100,Buy,235240978
2024-08-28 09:23:10,19950.0,100,Buy,235241060
2024-08-28 09:23:14,19950.0,600,Buy,235241140
2024-08-28 09:23:16,19900.0,10000,Sell,235241196
2024-08-28 09:23:18,19950.0,200,Buy,235241242
2024-08-28 09:23:18,19900.0,1000,Sell,235241241
2024-08-28 09:23:27,19950.0,500,Buy,235241424
2024-08-28 09:23:27,19900.0,2300,Sell,235241423
2024-08-28 09:23:27,19900.0,200,Sell,235241422
2024-08-28 09:23:27,19900.0,100,Sell,235241421
2024-08-28 09:23:27,19900.0,100,Sell,235241420
2024-08-28 09:23:27,19900.0,1400,Sell,235241419
2024-08-28 09:23:27,19900.0,100,Sell,235241415
2024-08-28 09:23:27,19900.0,200,Sell,235241417
2024-08-28 09:23:27,19900.0,100,Sell,235241416
2024-08-28 09:23:27,19900.0,1000,Sell,235241414
2024-08-28 09:23:27,19900.0,1000,Sell,235241413
2024-08-28 09:23:27,19900.0,500,Sell,235241412
2024-08-28 09:23:27,19900.0,1000,Sell,235241411
2024-08-28 09:23:27,19900.0,2000,Sell,235241418
2024-08-28 09:23:28,19900.0,4300,Sell,235241436
2024-08-28 09:23:28,19900.0,700,Sell,235241434
2024-08-28 09:23:28,19900.0,100,Sell,235241435
2024-08-28 09:23:28,19900.0,2000,Sell,235241432
2024-08-28 09:23:28,19900.0,2700,Sell,235241431
2024-08-28 09:23:28,19900.0,200,Sell,235241433
2024-08-28 09:23:29,19900.0,700,Sell,235241473
2024-08-28 09:23:34,19900.0,2000,Buy,235241519
2024-08-28 09:23:36,19900.0,100,Buy,235241543
2024-08-28 09:23:36,19900.0,500,Buy,235241568
2024-08-28 09:23:37,19900.0,300,Buy,235241575
2024-08-28 09:23:38,19900.0,500,Buy,235241628
2024-08-28 09:23:43,19900.0,100,Buy,235241695
2024-08-28 09:23:45,19900.0,200,Buy,235241730
2024-08-28 09:23:48,19900.0,5000,Buy,235241778
2024-08-28 09:23:48,19900.0,1200,Buy,235241775
2024-08-28 09:23:48,19900.0,4400,Buy,235241776
2024-08-28 09:23:48,19900.0,5000,Buy,235241777
2024-08-28 09:23:54,19900.0,500,Sell,235241898
2024-08-28 09:23:57,19950.0,100,Buy,235241925
2024-08-28 09:24:04,19950.0,300,Buy,235242052
2024-08-28 09:24:07,19900.0,1300,Sell,235242166
2024-08-28 09:24:10,19950.0,200,Buy,235242202
2024-08-28 09:24:10,19950.0,10000,Buy,235242203
2024-08-28 09:24:16,19950.0,38800,Buy,235242305
2024-08-28 09:24:16,19950.0,1000,Buy,235242306
2024-08-28 09:24:16,19950.0,300,Buy,235242307
2024-08-28 09:24:31,19950.0,700,Sell,235242623
2024-08-28 09:24:34,20000.0,4000,Buy,235242685
2024-08-28 09:24:41,20000.0,49600,Buy,235242824
2024-08-28 09:24:42,19950.0,600,Sell,235242847
2024-08-28 09:24:42,20000.0,400,Sell,235242846
2024-08-28 09:25:00,20000.0,100,Sell,235243157
2024-08-28 09:25:00,20000.0,2700,Sell,235243158
2024-08-28 09:25:00,20000.0,1700,Sell,235243159
2024-08-28 09:25:00,20000.0,500,Sell,235243160
2024-08-28 09:25:10,20000.0,100,Sell,235243399
2024-08-28 09:25:19,20050.0,10000,Buy,235243583
2024-08-28 09:25:21,20000.0,500,Sell,235243631
2024-08-28 09:25:41,20000.0,100,Sell,235244043
2024-08-28 09:25:41,20000.0,100,Sell,235244042
2024-08-28 09:25:41,20000.0,900,Sell,235244038
2024-08-28 09:25:41,20000.0,500,Sell,235244040
2024-08-28 09:25:41,20000.0,200,Sell,235244039
2024-08-28 09:25:41,20000.0,200,Sell,235244041
2024-08-28 09:26:03,20050.0,200,Buy,235244479
2024-08-28 09:26:05,20000.0,1700,Sell,235244517
2024-08-28 09:26:05,20050.0,100,Buy,235244523
2024-08-28 09:26:20,20000.0,100,Sell,235244770
2024-08-28 09:26:56,20050.0,500,Buy,235245431
2024-08-28 09:27:34,20050.0,100,Buy,235246194
2024-08-28 09:28:07,20050.0,1000,Buy,235246963
2024-08-28 09:28:11,20050.0,4500,Buy,235247072
2024-08-28 09:28:19,20050.0,5000,Buy,235247238
2024-08-28 09:28:19,20050.0,5000,Buy,235247237
2024-08-28 09:28:19,20050.0,300,Buy,235247236
2024-08-28 09:28:19,20050.0,300,Buy,235247235
2024-08-28 09:28:19,20050.0,4400,Buy,235247232
2024-08-28 09:28:19,20050.0,9000,Buy,235247233
2024-08-28 09:28:19,20050.0,700,Buy,235247239
2024-08-28 09:28:19,20050.0,100,Buy,235247231
2024-08-28 09:28:19,20050.0,5000,Buy,235247234
2024-08-28 09:28:19,20050.0,100,Buy,235247229
2024-08-28 09:28:19,20050.0,500,Buy,235247228
2024-08-28 09:28:19,20050.0,4400,Buy,235247227
2024-08-28 09:28:19,20050.0,5600,Buy,235247226
2024-08-28 09:28:19,20050.0,500,Buy,235247225
2024-08-28 09:28:19,20050.0,1000,Buy,235247224
2024-08-28 09:28:19,20050.0,500,Buy,235247223
2024-08-28 09:28:19,20050.0,1000,Buy,235247222
2024-08-28 09:28:19,20050.0,3600,Buy,235247221
2024-08-28 09:28:19,20050.0,3000,Buy,235247230
2024-08-28 09:28:20,20050.0,800,Buy,235247275
2024-08-28 09:28:35,20050.0,2800,Sell,235247619
2024-08-28 09:28:35,20050.0,2200,Sell,235247623
2024-08-28 09:28:37,20050.0,500,Sell,235247660
2024-08-28 09:28:44,20050.0,1000,Sell,235247782
2024-08-28 09:28:44,20050.0,200,Sell,235247781
2024-08-28 09:28:44,20050.0,800,Sell,235247777
2024-08-28 09:28:44,20050.0,200,Sell,235247779
2024-08-28 09:28:44,20050.0,2000,Sell,235247778
2024-08-28 09:28:44,20050.0,100,Sell,235247780
2024-08-28 09:28:48,20050.0,200,Buy,235247858
2024-08-28 09:29:02,20050.0,500,Buy,235248232
2024-08-28 09:29:02,20050.0,9500,Buy,235248233
2024-08-28 09:29:06,20050.0,500,Buy,235248327
2024-08-28 09:29:06,20050.0,3800,Buy,235248328
2024-08-28 09:29:35,20050.0,200,Sell,235249026
2024-08-28 09:29:35,20050.0,100,Sell,235249025
2024-08-28 09:29:35,20050.0,200,Sell,235249024
2024-08-28 09:29:35,20050.0,4400,Sell,235249021
2024-08-28 09:29:35,20050.0,100,Sell,235249022
2024-08-28 09:29:35,20050.0,100,Sell,235249020
2024-08-28 09:29:35,20050.0,5700,Sell,235249019
2024-08-28 09:29:35,20050.0,100,Sell,235249023
2024-08-28 09:29:52,20050.0,10300,Buy,235249370
2024-08-28 09:29:52,20050.0,13800,Buy,235249371
2024-08-28 09:29:52,20050.0,10900,Buy,235249372
2024-08-28 09:29:52,20050.0,15000,Buy,235249373
2024-08-28 09:30:13,20050.0,700,Buy,235249844
2024-08-28 09:30:38,20050.0,2000,Buy,235250441
2024-08-28 09:30:53,20050.0,1000,Buy,235250795
2024-08-28 09:31:01,20050.0,4500,Buy,235250960
2024-08-28 09:31:03,20050.0,800,Buy,235250986
2024-08-28 09:31:03,20050.0,200,Buy,235250987
2024-08-28 09:31:31,20050.0,900,Buy,235251770
2024-08-28 09:31:31,20050.0,1900,Buy,235251781
2024-08-28 09:31:31,20050.0,100,Buy,235251782
2024-08-28 09:31:34,20050.0,2000,Buy,235251830
2024-08-28 09:31:40,20050.0,3500,Buy,235251999
2024-08-28 09:31:41,20050.0,500,Buy,235252012
2024-08-28 09:31:41,20050.0,3000,Buy,235252018
2024-08-28 09:31:41,20050.0,100,Buy,235252014
2024-08-28 09:31:41,20050.0,3000,Buy,235252013
2024-08-28 09:31:41,20050.0,20000,Buy,235252011
2024-08-28 09:31:41,20050.0,4400,Buy,235252003
2024-08-28 09:31:41,20050.0,5000,Buy,235252009
2024-08-28 09:31:41,20050.0,1000,Buy,235252004
2024-08-28 09:31:41,20050.0,5000,Buy,235252010
2024-08-28 09:31:41,20050.0,1500,Buy,235252008
2024-08-28 09:31:41,20050.0,3000,Buy,235252007
2024-08-28 09:31:48,20050.0,300,Buy,235252154
2024-08-28 09:31:56,20050.0,400,Buy,235252329
2024-08-28 09:32:00,20050.0,2100,Buy,235252423
2024-08-28 09:32:03,20050.0,4500,Buy,235252494
2024-08-28 09:32:24,20050.0,10000,Buy,235252951
2024-08-28 09:32:31,20050.0,1700,Buy,235253136
2024-08-28 09:32:31,20050.0,1300,Buy,235253137
2024-08-28 09:32:34,20050.0,500,Buy,235253222
2024-08-28 09:32:34,20050.0,2800,Buy,235253223
2024-08-28 09:32:34,20050.0,1700,Buy,235253224
2024-08-28 09:32:36,20050.0,500,Buy,235253269
2024-08-28 09:32:36,20050.0,500,Buy,235253268
2024-08-28 09:32:38,20050.0,1800,Buy,235253289
2024-08-28 09:32:52,20050.0,1000,Buy,235253714
2024-08-28 09:32:56,20050.0,500,Buy,235253762
2024-08-28 09:32:58,20050.0,1000,Buy,235253819
2024-08-28 09:33:02,20050.0,200,Buy,235254087
2024-08-28 09:33:02,20050.0,1600,Buy,235254088
2024-08-28 09:33:14,20050.0,1500,Buy,235254322
2024-08-28 09:33:14,20050.0,100,Buy,235254321
2024-08-28 09:33:14,20050.0,3400,Buy,235254320
2024-08-28 09:33:30,20050.0,1000,Buy,235254622
2024-08-28 09:33:33,20050.0,1000,Buy,235254670
2024-08-28 09:33:41,20050.0,100,Buy,235254866
2024-08-28 09:33:47,20050.0,1000,Buy,235255055
2024-08-28 09:33:57,20000.0,900,Sell,235255262
2024-08-28 09:34:01,20000.0,1000,Sell,235255340
2024-08-28 09:34:15,20050.0,2000,Buy,235255616
2024-08-28 09:34:32,20000.0,100,Sell,235255984
2024-08-28 09:34:46,20000.0,1000,Sell,235256325
2024-08-28 09:34:46,20050.0,200,Buy,235256311
2024-08-28 09:34:54,20050.0,1000,Buy,235256438
2024-08-28 09:34:57,20000.0,100,Sell,235256491
2024-08-28 09:35:08,20050.0,600,Buy,235256783
2024-08-28 09:35:15,20000.0,200,Sell,235256927
2024-08-28 09:35:15,20000.0,7000,Sell,235256930
2024-08-28 09:35:15,20000.0,100,Sell,235256929
2024-08-28 09:35:15,20000.0,2000,Sell,235256928
2024-08-28 09:35:15,20000.0,200,Sell,235256926
2024-08-28 09:35:15,20000.0,3000,Sell,235256924
2024-08-28 09:35:15,20000.0,1800,Sell,235256923
2024-08-28 09:35:15,20000.0,500,Sell,235256922
2024-08-28 09:35:15,20000.0,8800,Sell,235256921
2024-08-28 09:35:15,20000.0,1000,Sell,235256925
2024-08-28 09:35:25,20000.0,2800,Sell,235257123
2024-08-28 09:35:25,20000.0,200,Sell,235257124
2024-08-28 09:35:25,20000.0,100,Sell,235257125
2024-08-28 09:35:25,20000.0,1900,Sell,235257126
2024-08-28 09:36:16,20000.0,7400,Sell,235258258
2024-08-28 09:36:40,20000.0,2500,Sell,235258708
2024-08-28 09:36:40,20000.0,300,Sell,235258707
2024-08-28 09:36:40,20000.0,400,Sell,235258706
2024-08-28 09:36:40,20000.0,1000,Sell,235258705
2024-08-28 09:36:40,20000.0,100,Sell,235258704
2024-08-28 09:36:40,20000.0,700,Sell,235258703
2024-08-28 09:36:50,20000.0,500,Sell,235258891
2024-08-28 09:36:50,20000.0,100,Sell,235258892
2024-08-28 09:36:54,20000.0,1500,Sell,235258967
2024-08-28 09:36:54,20000.0,100,Sell,235258966
2024-08-28 09:36:54,20000.0,4000,Sell,235258965
2024-08-28 09:36:54,20000.0,7200,Sell,235258963
2024-08-28 09:36:54,20000.0,100,Sell,235258962
2024-08-28 09:36:54,20000.0,100,Sell,235258961
2024-08-28 09:36:54,20000.0,500,Sell,235258960
2024-08-28 09:36:54,20000.0,100,Sell,235258954
2024-08-28 09:36:54,20000.0,10000,Sell,235258958
2024-08-28 09:36:54,20000.0,300,Sell,235258957
2024-08-28 09:36:54,20000.0,200,Sell,235258956
2024-08-28 09:36:54,20000.0,100,Sell,235258955
2024-08-28 09:36:54,20000.0,500,Sell,235258953
2024-08-28 09:36:54,20000.0,5000,Sell,235258952
2024-08-28 09:36:54,20000.0,100,Sell,235258951
2024-08-28 09:36:54,20000.0,200,Sell,235258959
2024-08-28 09:36:55,20000.0,200,Sell,235259004
2024-08-28 09:36:55,20000.0,500,Sell,235259003
2024-08-28 09:36:55,20000.0,400,Sell,235259002
2024-08-28 09:36:55,20000.0,3300,Sell,235259001
2024-08-28 09:36:55,20000.0,1200,Sell,235259000
2024-08-28 09:36:55,20000.0,100,Sell,235258999
2024-08-28 09:36:55,20000.0,700,Sell,235258993
2024-08-28 09:36:55,20000.0,4300,Sell,235258998
2024-08-28 09:36:55,20000.0,500,Sell,235258991
2024-08-28 09:36:55,20000.0,2100,Sell,235258979
2024-08-28 09:36:55,20000.0,700,Sell,235258980
2024-08-28 09:36:55,20000.0,4000,Sell,235258981
2024-08-28 09:36:55,20000.0,100,Sell,235258992
2024-08-28 09:36:55,20000.0,200,Sell,235258989
2024-08-28 09:36:55,20000.0,100,Sell,235258990
2024-08-28 09:36:55,20000.0,1600,Sell,235258982
2024-08-28 09:36:56,20050.0,200,Buy,235259010
2024-08-28 09:37:02,20000.0,2000,Sell,235259137
2024-08-28 09:37:02,20000.0,300,Sell,235259138
2024-08-28 09:37:02,20000.0,500,Sell,235259139
2024-08-28 09:37:02,20000.0,500,Sell,235259142
2024-08-28 09:37:02,20000.0,1700,Sell,235259143
2024-08-28 09:37:14,20000.0,100,Sell,235259525
2024-08-28 09:37:16,20000.0,200,Sell,235259577
2024-08-28 09:37:16,20000.0,100,Sell,235259578
2024-08-28 09:37:23,20000.0,100,Sell,235259711
2024-08-28 09:37:23,20000.0,400,Sell,235259710
2024-08-28 09:37:23,20000.0,10000,Sell,235259708
2024-08-28 09:37:23,20000.0,2000,Sell,235259707
2024-08-28 09:37:23,20000.0,100,Sell,235259709
2024-08-28 09:37:23,20000.0,2000,Sell,235259705
2024-08-28 09:37:23,20000.0,100,Sell,235259704
2024-08-28 09:37:23,20000.0,1000,Sell,235259703
2024-08-28 09:37:23,20000.0,900,Sell,235259702
2024-08-28 09:37:23,20000.0,1000,Sell,235259706
2024-08-28 09:37:32,19950.0,1100,Sell,235259890
2024-08-28 09:37:38,19950.0,1000,Sell,235259999
2024-08-28 09:37:50,19950.0,100,Sell,235260246
2024-08-28 09:38:01,19950.0,200,Sell,235260447
2024-08-28 09:38:19,20000.0,500,Buy,235260704
2024-08-28 09:38:22,20000.0,100,Buy,235260758
2024-08-28 09:38:24,19950.0,100,Sell,235260782
2024-08-28 09:38:24,20000.0,10000,Buy,235260781
2024-08-28 09:38:31,19950.0,5000,Sell,235260896
2024-08-28 09:38:33,20000.0,100,Buy,235260939
2024-08-28 09:39:01,20000.0,800,Buy,235261460
2024-08-28 09:39:08,20000.0,100,Buy,235261579
2024-08-28 09:39:19,19950.0,100,Sell,235261817
2024-08-28 09:39:19,20000.0,100,Buy,235261818
2024-08-28 09:39:39,19950.0,3900,Sell,235262218
2024-08-28 09:39:39,19950.0,100,Sell,235262217
2024-08-28 09:39:39,19950.0,1000,Sell,235262216
2024-08-28 09:40:01,19950.0,100,Sell,235262623
2024-08-28 09:41:00,19950.0,400,Sell,235263609
2024-08-28 09:41:04,20000.0,100,Buy,235263654
2024-08-28 09:41:07,19950.0,100,Sell,235263706
2024-08-28 09:41:23,20000.0,600,Buy,235263992
2024-08-28 09:41:49,19950.0,400,Sell,235264406
2024-08-28 09:42:00,19950.0,400,Sell,235264690
2024-08-28 09:42:06,19950.0,400,Sell,235264756
2024-08-28 09:42:17,20000.0,200,Buy,235264908
2024-08-28 09:42:17,20000.0,1200,Buy,235264909
2024-08-28 09:42:21,19950.0,500,Sell,235265076
2024-08-28 09:42:30,19950.0,500,Sell,235265244
2024-08-28 09:42:31,20000.0,200,Buy,235265255
2024-08-28 09:42:38,20000.0,100,Buy,235265377
2024-08-28 09:42:43,19950.0,500,Sell,235265448
2024-08-28 09:42:53,20000.0,100,Buy,235265654
2024-08-28 09:43:32,20000.0,500,Buy,235266364
2024-08-28 09:43:39,20000.0,300,Buy,235266472
2024-08-28 09:43:39,20000.0,100,Buy,235266471
2024-08-28 09:43:39,20000.0,5000,Buy,235266470
2024-08-28 09:43:39,20000.0,5000,Buy,235266469
2024-08-28 09:43:39,20000.0,200,Buy,235266468
2024-08-28 09:43:39,20000.0,10000,Buy,235266466
2024-08-28 09:43:39,20000.0,7900,Buy,235266464
2024-08-28 09:43:39,20000.0,1000,Buy,235266467
2024-08-28 09:43:39,20000.0,500,Buy,235266465
2024-08-28 09:43:40,19950.0,100,Sell,235266508
2024-08-28 09:43:49,20000.0,100,Buy,235266649
2024-08-28 09:43:49,20000.0,500,Buy,235266650
2024-08-28 09:43:49,20000.0,500,Buy,235266651
2024-08-28 09:43:49,20000.0,400,Buy,235266652
2024-08-28 09:43:49,20000.0,300,Buy,235266654
2024-08-28 09:43:49,20000.0,300,Buy,235266655
2024-08-28 09:43:49,20000.0,100,Buy,235266653
2024-08-28 09:44:05,20000.0,100,Sell,235266975
2024-08-28 09:44:09,20050.0,2000,Buy,235267053
2024-08-28 09:44:52,20000.0,500,Sell,235267739
2024-08-28 09:45:03,20000.0,100,Sell,235267879
2024-08-28 09:45:25,20000.0,1000,Sell,235268437
2024-08-28 09:45:35,20000.0,100,Sell,235268659
2024-08-28 09:45:42,20000.0,2500,Sell,235268900
2024-08-28 09:45:53,20050.0,4000,Buy,235269196
2024-08-28 09:45:56,20000.0,2600,Sell,235269245
2024-08-28 09:46:02,20000.0,900,Sell,235269380
2024-08-28 09:46:03,20000.0,500,Sell,235269390
2024-08-28 09:46:03,20000.0,100,Sell,235269388
2024-08-28 09:46:03,20000.0,200,Sell,235269387
2024-08-28 09:46:03,20000.0,100,Sell,235269386
2024-08-28 09:46:03,20000.0,1000,Sell,235269381
2024-08-28 09:46:03,20000.0,100,Sell,235269384
2024-08-28 09:46:03,20000.0,100,Sell,235269383
2024-08-28 09:46:03,20000.0,10000,Sell,235269382
2024-08-28 09:46:03,20000.0,1000,Sell,235269385
2024-08-28 09:46:03,20000.0,200,Sell,235269389
2024-08-28 09:46:09,20000.0,5000,Buy,235269551
2024-08-28 09:46:15,20000.0,100,Buy,235269707
2024-08-28 09:46:48,19950.0,400,Sell,235270424
2024-08-28 09:46:48,20000.0,200,Buy,235270427
2024-08-28 09:46:55,20000.0,1100,Buy,235270521
2024-08-28 09:46:55,20000.0,500,Buy,235270520
2024-08-28 09:46:56,19950.0,1000,Sell,235270534
2024-08-28 09:47:10,20000.0,1400,Buy,235270807
2024-08-28 09:47:10,19950.0,1000,Sell,235270794
2024-08-28 09:47:27,19950.0,100,Sell,235271093
2024-08-28 09:47:27,19950.0,200,Sell,235271094
2024-08-28 09:47:27,19950.0,300,Sell,235271092
2024-08-28 09:47:30,20000.0,3100,Buy,235271142
2024-08-28 09:47:30,20000.0,4400,Buy,235271143
2024-08-28 09:47:30,20000.0,2000,Buy,235271144
2024-08-28 09:47:30,20000.0,500,Buy,235271145
2024-08-28 09:47:32,20000.0,200,Buy,235271179
2024-08-28 09:47:33,19950.0,400,Sell,235271201
2024-08-28 09:47:43,20000.0,100,Buy,235271484
2024-08-28 09:47:58,20000.0,200,Buy,235271974
2024-08-28 09:47:58,20000.0,10000,Buy,235271975
2024-08-28 09:47:58,20000.0,1600,Buy,235271976
2024-08-28 09:47:58,20000.0,8200,Buy,235271977
2024-08-28 09:48:02,20000.0,100,Buy,235272040
2024-08-28 09:48:02,20000.0,500,Buy,235272039
2024-08-28 09:48:19,20000.0,800,Buy,235272420
2024-08-28 09:48:19,20000.0,1200,Buy,235272419
2024-08-28 09:48:21,20000.0,200,Buy,235272447
2024-08-28 09:48:21,20000.0,200,Buy,235272448
2024-08-28 09:48:21,20000.0,600,Buy,235272449
2024-08-28 09:48:29,20000.0,400,Buy,235272612
2024-08-28 09:48:29,20000.0,1000,Buy,235272613
2024-08-28 09:48:29,20000.0,600,Buy,235272614
2024-08-28 09:48:29,20000.0,400,Buy,235272624
2024-08-28 09:48:29,20000.0,600,Buy,235272625
2024-08-28 09:48:32,19950.0,1000,Sell,235272713
2024-08-28 09:48:54,20000.0,100,Buy,235273229
2024-08-28 09:49:08,20000.0,100,Buy,235273588
2024-08-28 09:49:15,19950.0,7200,Sell,235273772
2024-08-28 09:49:15,19950.0,200,Sell,235273771
2024-08-28 09:49:32,19950.0,400,Sell,235274039
2024-08-28 09:49:36,19950.0,200,Sell,235274130
2024-08-28 09:49:36,19950.0,1000,Sell,235274131
2024-08-28 09:49:36,19950.0,4500,Sell,235274132
2024-08-28 09:49:36,19950.0,200,Sell,235274133
2024-08-28 09:49:36,19950.0,100,Sell,235274135
2024-08-28 09:49:36,19950.0,1000,Sell,235274136
2024-08-28 09:49:36,19950.0,100,Sell,235274138
2024-08-28 09:49:36,19950.0,4900,Sell,235274139
2024-08-28 09:49:36,19950.0,10000,Sell,235274140
2024-08-28 09:49:36,19950.0,100,Sell,235274141
2024-08-28 09:49:36,19950.0,500,Sell,235274148
2024-08-28 09:49:36,19950.0,500,Sell,235274143
2024-08-28 09:49:36,19950.0,500,Sell,235274144
2024-08-28 09:49:36,19950.0,100,Sell,235274145
2024-08-28 09:49:36,19950.0,100,Sell,235274146
2024-08-28 09:49:36,19950.0,100,Sell,235274147
2024-08-28 09:49:36,19950.0,2000,Sell,235274129
2024-08-28 09:49:36,19950.0,100,Sell,235274149
2024-08-28 09:49:36,19950.0,100,Sell,235274150
2024-08-28 09:49:36,19950.0,100,Sell,235274151
2024-08-28 09:49:36,19950.0,200,Sell,235274152
2024-08-28 09:49:36,19950.0,6100,Sell,235274153
2024-08-28 09:49:36,19950.0,300,Sell,235274142
2024-08-28 09:49:36,19950.0,100,Sell,235274128
2024-08-28 09:49:36,19950.0,100,Sell,235274134
2024-08-28 09:49:36,19950.0,10000,Sell,235274126
2024-08-28 09:49:36,19950.0,2400,Sell,235274103
2024-08-28 09:49:36,19950.0,500,Sell,235274104
2024-08-28 09:49:36,19950.0,5000,Sell,235274105
2024-08-28 09:49:36,19950.0,500,Sell,235274106
2024-08-28 09:49:36,19950.0,100,Sell,235274107
2024-08-28 09:49:36,19950.0,200,Sell,235274108
2024-08-28 09:49:36,19950.0,500,Sell,235274109
2024-08-28 09:49:36,19950.0,14500,Sell,235274110
2024-08-28 09:49:36,19950.0,2000,Sell,235274112
2024-08-28 09:49:36,19950.0,100,Sell,235274113
2024-08-28 09:49:36,19950.0,500,Sell,235274114
2024-08-28 09:49:36,19950.0,1700,Sell,235274111
2024-08-28 09:49:36,19950.0,5000,Sell,235274116
2024-08-28 09:49:36,19950.0,4500,Sell,235274125
2024-08-28 09:49:36,19950.0,100,Sell,235274115
2024-08-28 09:49:36,19950.0,500,Sell,235274123
2024-08-28 09:49:36,19950.0,100,Sell,235274122
2024-08-28 09:49:36,19950.0,200,Sell,235274121
2024-08-28 09:49:36,19950.0,500,Sell,235274124
2024-08-28 09:49:36,19950.0,800,Sell,235274119
2024-08-28 09:49:36,19950.0,10000,Sell,235274118
2024-08-28 09:49:36,19950.0,200,Sell,235274117
2024-08-28 09:49:36,19950.0,1000,Sell,235274120
2024-08-28 09:49:36,19950.0,100,Sell,235274127
2024-08-28 09:49:37,20000.0,1800,Buy,235274171
2024-08-28 09:49:37,20000.0,200,Buy,235274165
2024-08-28 09:49:37,20000.0,1000,Buy,235274166
2024-08-28 09:49:37,20000.0,1000,Buy,235274167
2024-08-28 09:49:37,20000.0,1000,Buy,235274168
2024-08-28 09:49:37,20000.0,1000,Buy,235274169
2024-08-28 09:49:37,20000.0,4000,Buy,235274170
2024-08-28 09:49:49,20000.0,5000,Buy,235274399
2024-08-28 09:50:19,19950.0,5000,Sell,235274905
2024-08-28 09:50:44,19950.0,2400,Sell,235275514
2024-08-28 09:50:57,19950.0,200,Sell,235275768
2024-08-28 09:51:01,19950.0,1000,Sell,235275836
2024-08-28 09:51:20,19950.0,400,Sell,235276306
2024-08-28 09:51:31,19950.0,9900,Sell,235276516
2024-08-28 09:51:38,19950.0,1500,Sell,235276652
2024-08-28 09:51:40,19950.0,16800,Sell,235276673
2024-08-28 09:51:43,19900.0,2000,Sell,235276841
2024-08-28 09:51:43,19900.0,500,Sell,235276842
2024-08-28 09:51:43,19900.0,1000,Sell,235276843
2024-08-28 09:51:43,19900.0,700,Sell,235276847
2024-08-28 09:51:43,19900.0,1000,Sell,235276845
2024-08-28 09:51:43,19900.0,2000,Sell,235276846
2024-08-28 09:51:43,19900.0,100,Sell,235276840
2024-08-28 09:51:43,19900.0,100,Sell,235276848
2024-08-28 09:51:43,19900.0,600,Sell,235276844
2024-08-28 09:51:43,19900.0,200,Sell,235276839
2024-08-28 09:51:43,19900.0,5000,Sell,235276835
2024-08-28 09:51:43,19900.0,200,Sell,235276837
2024-08-28 09:51:43,19900.0,500,Sell,235276836
2024-08-28 09:51:43,19900.0,500,Sell,235276834
2024-08-28 09:51:43,19900.0,3000,Sell,235276833
2024-08-28 09:51:43,19900.0,5000,Sell,235276832
2024-08-28 09:51:43,19900.0,200,Sell,235276850
2024-08-28 09:51:43,19900.0,100,Sell,235276831
2024-08-28 09:51:43,19900.0,400,Sell,235276830
2024-08-28 09:51:43,19900.0,1000,Sell,235276829
2024-08-28 09:51:43,19900.0,1000,Sell,235276828
2024-08-28 09:51:43,19900.0,100,Sell,235276838
2024-08-28 09:51:43,19900.0,100,Sell,235276851
2024-08-28 09:51:43,19900.0,200,Sell,235276872
2024-08-28 09:51:43,19900.0,100,Sell,235276853
2024-08-28 09:51:43,19900.0,200,Sell,235276827
2024-08-28 09:51:43,19900.0,700,Sell,235276875
2024-08-28 09:51:43,19900.0,100,Sell,235276874
2024-08-28 09:51:43,19900.0,1000,Sell,235276873
2024-08-28 09:51:43,19900.0,100,Sell,235276871
2024-08-28 09:51:43,19900.0,1000,Sell,235276870
2024-08-28 09:51:43,19900.0,800,Sell,235276869
2024-08-28 09:51:43,19900.0,700,Sell,235276868
2024-08-28 09:51:43,19900.0,100,Sell,235276867
2024-08-28 09:51:43,19900.0,400,Sell,235276866
2024-08-28 09:51:43,19900.0,100,Sell,235276852
2024-08-28 09:51:43,19900.0,200,Sell,235276865
2024-08-28 09:51:43,19900.0,2000,Sell,235276863
2024-08-28 09:51:43,19900.0,400,Sell,235276862
2024-08-28 09:51:43,19900.0,100,Sell,235276861
2024-08-28 09:51:43,19900.0,200,Sell,235276860
2024-08-28 09:51:43,19900.0,2000,Sell,235276859
2024-08-28 09:51:43,19900.0,100,Sell,235276858
2024-08-28 09:51:43,19900.0,100,Sell,235276857
2024-08-28 09:51:43,19900.0,100,Sell,235276856
2024-08-28 09:51:43,19900.0,1000,Sell,235276855
2024-08-28 09:51:43,19900.0,200,Sell,235276854
2024-08-28 09:51:43,19900.0,200,Sell,235276864
2024-08-28 09:51:43,19900.0,500,Sell,235276826
2024-08-28 09:51:43,19950.0,100,Sell,235276787
2024-08-28 09:51:43,19900.0,100,Sell,235276824
2024-08-28 09:51:43,19900.0,200,Sell,235276797
2024-08-28 09:51:43,19900.0,100,Sell,235276796
2024-08-28 09:51:43,19900.0,300,Sell,235276795
2024-08-28 09:51:43,19900.0,100,Sell,235276794
2024-08-28 09:51:43,19900.0,200,Sell,235276793
2024-08-28 09:51:43,19900.0,100,Sell,235276792
2024-08-28 09:51:43,19900.0,200,Sell,235276791
2024-08-28 09:51:43,19900.0,12600,Sell,235276790
2024-08-28 09:51:43,19950.0,100,Sell,235276789
2024-08-28 09:51:43,19950.0,100,Sell,235276788
2024-08-28 09:51:43,19900.0,2000,Sell,235276798
2024-08-28 09:51:43,19950.0,6700,Sell,235276747
2024-08-28 09:51:43,19950.0,100,Sell,235276785
2024-08-28 09:51:43,19950.0,5000,Sell,235276784
2024-08-28 09:51:43,19950.0,100,Sell,235276783
2024-08-28 09:51:43,19950.0,100,Sell,235276782
2024-08-28 09:51:43,19950.0,100,Sell,235276753
2024-08-28 09:51:43,19950.0,1000,Sell,235276752
2024-08-28 09:51:43,19950.0,100,Sell,235276751
2024-08-28 09:51:43,19950.0,1000,Sell,235276750
2024-08-28 09:51:43,19950.0,1000,Sell,235276749
2024-08-28 09:51:43,19950.0,100,Sell,235276748
2024-08-28 09:51:43,19950.0,8000,Sell,235276786
2024-08-28 09:51:43,19900.0,200,Sell,235276799
2024-08-28 09:51:43,19900.0,200,Sell,235276825
2024-08-28 09:51:43,19900.0,200,Sell,235276801
2024-08-28 09:51:43,19900.0,50000,Sell,235276823
2024-08-28 09:51:43,19900.0,100,Sell,235276822
2024-08-28 09:51:43,19900.0,200,Sell,235276821
2024-08-28 09:51:43,19900.0,100,Sell,235276820
2024-08-28 09:51:43,19900.0,1000,Sell,235276819
2024-08-28 09:51:43,19900.0,5000,Sell,235276818
2024-08-28 09:51:43,19900.0,100,Sell,235276817
2024-08-28 09:51:43,19900.0,5000,Sell,235276816
2024-08-28 09:51:43,19900.0,100,Sell,235276815
2024-08-28 09:51:43,19900.0,13000,Sell,235276814
2024-08-28 09:51:43,19900.0,20000,Sell,235276813
2024-08-28 09:51:43,19900.0,20000,Sell,235276800
2024-08-28 09:51:43,19900.0,100,Sell,235276811
2024-08-28 09:51:43,19900.0,1000,Sell,235276802
2024-08-28 09:51:43,19900.0,100,Sell,235276803
2024-08-28 09:51:43,19900.0,1000,Sell,235276804
2024-08-28 09:51:43,19900.0,1000,Sell,235276805
2024-08-28 09:51:43,19900.0,1000,Sell,235276812
2024-08-28 09:51:43,19900.0,300,Sell,235276807
2024-08-28 09:51:43,19900.0,2000,Sell,235276808
2024-08-28 09:51:43,19900.0,100,Sell,235276809
2024-08-28 09:51:43,19900.0,500,Sell,235276810
2024-08-28 09:51:43,19900.0,300,Sell,235276806
2024-08-28 09:52:02,19900.0,100,Sell,235277286
2024-08-28 09:52:02,19900.0,100,Sell,235277284
2024-08-28 09:52:02,19900.0,100,Sell,235277283
2024-08-28 09:52:02,19900.0,100,Sell,235277282
2024-08-28 09:52:02,19900.0,1000,Sell,235277281
2024-08-28 09:52:02,19900.0,100,Sell,235277280
2024-08-28 09:52:02,19900.0,100,Sell,235277279
2024-08-28 09:52:02,19900.0,100,Sell,235277285
2024-08-28 09:52:02,19900.0,600,Sell,235277277
2024-08-28 09:52:02,19900.0,4600,Sell,235277276
2024-08-28 09:52:02,19900.0,5400,Sell,235277261
2024-08-28 09:52:02,19900.0,1500,Sell,235277260
2024-08-28 09:52:02,19900.0,100,Sell,235277259
2024-08-28 09:52:02,19900.0,100,Sell,235277258
2024-08-28 09:52:02,19900.0,200,Sell,235277278
2024-08-28 09:52:02,19900.0,500,Sell,235277257
2024-08-28 09:52:02,19900.0,1300,Sell,235277256
2024-08-28 09:52:03,19900.0,500,Buy,235277302
2024-08-28 09:52:07,19900.0,3500,Buy,235277330
2024-08-28 09:52:16,19900.0,500,Sell,235277536
2024-08-28 09:52:16,19900.0,1000,Sell,235277537
2024-08-28 09:52:16,19900.0,1500,Sell,235277535
2024-08-28 09:52:17,19900.0,5000,Sell,235277547
2024-08-28 09:52:17,19900.0,5000,Sell,235277548
2024-08-28 09:52:20,19900.0,100,Buy,235277585
2024-08-28 09:52:20,19900.0,500,Sell,235277584
2024-08-28 09:52:20,19900.0,500,Sell,235277583
2024-08-28 09:52:26,19900.0,800,Buy,235277712
2024-08-28 09:52:30,19900.0,100,Buy,235277788
2024-08-28 09:52:31,19900.0,200,Sell,235277808
2024-08-28 09:52:31,19850.0,2000,Sell,235277810
2024-08-28 09:52:31,19850.0,100,Sell,235277811
2024-08-28 09:52:31,19850.0,1000,Sell,235277812
2024-08-28 09:52:31,19850.0,200,Sell,235277813
2024-08-28 09:52:31,19850.0,200,Sell,235277809
2024-08-28 09:52:33,19950.0,200,Buy,235277834
2024-08-28 09:52:33,19950.0,400,Buy,235277835
2024-08-28 09:52:38,19900.0,400,Sell,235277920
2024-08-28 09:52:42,19900.0,100,Sell,235278000
2024-08-28 09:52:42,19900.0,400,Sell,235278001
2024-08-28 09:53:04,19900.0,200,Sell,235278432
2024-08-28 09:53:05,19900.0,600,Sell,235278444
2024-08-28 09:53:23,19900.0,500,Sell,235278817
2024-08-28 09:53:29,19900.0,500,Sell,235278972
2024-08-28 09:53:40,19900.0,500,Sell,235279175
2024-08-28 09:53:50,19900.0,2300,Sell,235279492
2024-08-28 09:53:50,19900.0,3300,Sell,235279493
2024-08-28 09:53:51,19900.0,4400,Sell,235279496
2024-08-28 09:53:59,19900.0,600,Sell,235279680
2024-08-28 09:54:05,19900.0,2200,Sell,235279876
2024-08-28 09:54:05,19900.0,7700,Sell,235279873
2024-08-28 09:54:05,19900.0,100,Sell,235279874
2024-08-28 09:54:05,19900.0,10000,Sell,235279875
2024-08-28 09:54:09,19900.0,2800,Sell,235279937
2024-08-28 09:54:09,19900.0,100,Sell,235279938
2024-08-28 09:54:09,19900.0,1000,Sell,235279939
2024-08-28 09:54:09,19900.0,5000,Sell,235279940
2024-08-28 09:54:09,19900.0,31100,Sell,235279941
2024-08-28 09:54:09,19900.0,1000,Sell,235279959
2024-08-28 09:54:13,19900.0,100,Sell,235280027
2024-08-28 09:54:13,19900.0,2000,Sell,235280026
2024-08-28 09:54:13,19900.0,9000,Sell,235280025
2024-08-28 09:54:13,19900.0,8900,Sell,235280024
2024-08-28 09:54:24,19900.0,500,Sell,235280214
2024-08-28 09:54:26,19900.0,400,Sell,235280273
2024-08-28 09:54:26,19900.0,100,Sell,235280274
2024-08-28 09:54:28,19900.0,2000,Sell,235280302
2024-08-28 09:54:28,19900.0,100,Sell,235280303
2024-08-28 09:54:28,19900.0,100,Sell,235280304
2024-08-28 09:54:28,19900.0,600,Sell,235280305
2024-08-28 09:54:28,19900.0,1200,Sell,235280352
2024-08-28 09:54:28,19900.0,100,Sell,235280353
2024-08-28 09:54:28,19900.0,900,Sell,235280354
2024-08-28 09:54:31,19900.0,100,Sell,235280431
2024-08-28 09:54:32,19900.0,300,Sell,235280480
2024-08-28 09:54:48,19900.0,200,Sell,235280816
2024-08-28 09:54:48,19900.0,200,Sell,235280815
2024-08-28 09:54:48,19900.0,100,Sell,235280817
2024-08-28 09:54:49,19900.0,4300,Sell,235280857
2024-08-28 09:54:49,19900.0,700,Sell,235280856
2024-08-28 09:54:51,19900.0,10500,Sell,235280895
2024-08-28 09:54:52,19900.0,2000,Sell,235280916
2024-08-28 09:54:57,19900.0,1000,Sell,235280984
2024-08-28 09:55:12,19900.0,200,Sell,235281340
2024-08-28 09:55:29,19900.0,5000,Sell,235281731
2024-08-28 09:55:32,19900.0,5000,Sell,235281775
2024-08-28 09:55:41,19900.0,400,Sell,235281904
2024-08-28 09:56:07,19900.0,500,Sell,235282466
2024-08-28 09:56:08,19900.0,1700,Sell,235282489
2024-08-28 09:56:08,19900.0,100,Sell,235282488
2024-08-28 09:56:08,19900.0,400,Sell,235282487
2024-08-28 09:56:08,19900.0,100,Sell,235282486
2024-08-28 09:56:08,19900.0,100,Sell,235282485
2024-08-28 09:56:08,19900.0,100,Sell,235282484
2024-08-28 09:56:08,19900.0,100,Sell,235282481
2024-08-28 09:56:08,19900.0,200,Sell,235282482
2024-08-28 09:56:08,19900.0,200,Sell,235282480
2024-08-28 09:56:08,19900.0,100,Sell,235282478
2024-08-28 09:56:08,19900.0,1100,Sell,235282477
2024-08-28 09:56:08,19900.0,500,Sell,235282483
2024-08-28 09:56:08,19900.0,300,Sell,235282479
2024-08-28 09:56:40,19900.0,400,Sell,235283350
2024-08-28 09:56:42,19900.0,1600,Sell,235283443
2024-08-28 09:56:44,19950.0,300,Buy,235283473
2024-08-28 09:56:45,19900.0,800,Sell,235283494
2024-08-28 09:56:48,19950.0,600,Buy,235283560
2024-08-28 09:56:51,19900.0,100,Sell,235283610
2024-08-28 09:57:13,19900.0,100,Sell,235284035
2024-08-28 09:57:17,19950.0,200,Buy,235284101
2024-08-28 09:57:35,19950.0,200,Buy,235284428
2024-08-28 09:57:52,19900.0,5900,Sell,235284727
2024-08-28 09:57:52,19950.0,2000,Buy,235284738
2024-08-28 09:57:58,19900.0,400,Sell,235284835
2024-08-28 09:58:03,19900.0,3200,Sell,235284925
2024-08-28 09:58:37,19950.0,500,Buy,235285566
2024-08-28 09:58:47,19900.0,1600,Sell,235285741
2024-08-28 09:59:07,19900.0,1600,Sell,235286091
2024-08-28 09:59:10,19900.0,100,Sell,235286168
2024-08-28 09:59:10,19900.0,2600,Sell,235286167
2024-08-28 09:59:22,19950.0,1600,Buy,235286420
2024-08-28 09:59:22,19950.0,20000,Buy,235286419
2024-08-28 09:59:22,19950.0,7000,Buy,235286418
2024-08-28 09:59:22,19950.0,2200,Buy,235286417
2024-08-28 09:59:22,19950.0,12600,Buy,235286412
2024-08-28 09:59:22,19950.0,1000,Buy,235286415
2024-08-28 09:59:22,19950.0,500,Buy,235286414
2024-08-28 09:59:22,19950.0,100,Buy,235286413
2024-08-28 09:59:22,19950.0,5000,Buy,235286416
2024-08-28 09:59:25,19950.0,500,Buy,235286471
2024-08-28 09:59:30,19950.0,200,Buy,235286595
2024-08-28 09:59:39,19900.0,200,Sell,235286793
2024-08-28 09:59:39,19900.0,100,Sell,235286794
2024-08-28 09:59:39,19900.0,200,Sell,235286795
2024-08-28 09:59:44,19950.0,500,Buy,235286927
2024-08-28 09:59:47,19950.0,1000,Buy,235286974
2024-08-28 09:59:47,19950.0,5000,Buy,235286973
2024-08-28 09:59:47,19950.0,200,Buy,235286972
2024-08-28 09:59:47,19950.0,400,Buy,235286970
2024-08-28 09:59:47,19950.0,17200,Buy,235286968
2024-08-28 09:59:47,19950.0,100,Buy,235286971
2024-08-28 09:59:47,19950.0,3000,Buy,235286969
2024-08-28 09:59:49,19950.0,8000,Sell,235287053
2024-08-28 09:59:49,19900.0,200,Sell,235287054
2024-08-28 09:59:49,19900.0,100,Sell,235287055
2024-08-28 09:59:49,19900.0,5700,Sell,235287056
2024-08-28 10:00:30,19950.0,1600,Sell,235287778
2024-08-28 10:00:38,19950.0,700,Buy,235287937
2024-08-28 10:00:57,19900.0,500,Sell,235288398
2024-08-28 10:01:15,19900.0,1400,Sell,235288746
2024-08-28 10:01:15,19900.0,200,Sell,235288747
2024-08-28 10:01:37,19950.0,1000,Buy,235289039
2024-08-28 10:01:47,19950.0,200,Buy,235289213
2024-08-28 10:01:48,19900.0,100,Sell,235289265
2024-08-28 10:01:48,19900.0,200,Sell,235289266
2024-08-28 10:01:48,19900.0,200,Sell,235289267
2024-08-28 10:01:48,19900.0,200,Sell,235289268
2024-08-28 10:01:48,19900.0,600,Sell,235289269
2024-08-28 10:01:48,19900.0,300,Sell,235289264
2024-08-28 10:01:55,19950.0,1000,Buy,235289384
2024-08-28 10:02:12,19900.0,1600,Sell,235289749
2024-08-28 10:02:44,19900.0,400,Sell,235290620
2024-08-28 10:03:13,19950.0,100,Buy,235291110
2024-08-28 10:03:15,19900.0,200,Sell,235291171
2024-08-28 10:03:15,19900.0,100,Sell,235291170
2024-08-28 10:03:15,19900.0,500,Sell,235291169
2024-08-28 10:03:15,19900.0,5000,Sell,235291162
2024-08-28 10:03:15,19900.0,200,Sell,235291167
2024-08-28 10:03:15,19900.0,1000,Sell,235291164
2024-08-28 10:03:15,19900.0,300,Sell,235291163
2024-08-28 10:03:15,19900.0,300,Sell,235291172
2024-08-28 10:03:15,19900.0,1800,Sell,235291168
2024-08-28 10:03:15,19900.0,100,Sell,235291173
2024-08-28 10:03:15,19900.0,100,Sell,235291178
2024-08-28 10:03:15,19900.0,400,Sell,235291175
2024-08-28 10:03:15,19900.0,300,Sell,235291176
2024-08-28 10:03:15,19900.0,1500,Sell,235291177
2024-08-28 10:03:15,19900.0,10000,Sell,235291179
2024-08-28 10:03:15,19900.0,1000,Sell,235291180
2024-08-28 10:03:15,19900.0,3000,Sell,235291181
2024-08-28 10:03:15,19900.0,200,Sell,235291182
2024-08-28 10:03:15,19900.0,200,Sell,235291183
2024-08-28 10:03:15,19900.0,2600,Sell,235291184
2024-08-28 10:03:15,19900.0,700,Sell,235291174
2024-08-28 10:03:15,19900.0,15000,Sell,235291161
2024-08-28 10:03:15,19900.0,100,Sell,235291165
2024-08-28 10:03:15,19900.0,5000,Sell,235291158
2024-08-28 10:03:15,19900.0,100,Sell,235291160
2024-08-28 10:03:15,19900.0,5000,Sell,235291138
2024-08-28 10:03:15,19900.0,300,Sell,235291139
2024-08-28 10:03:15,19900.0,300,Sell,235291140
2024-08-28 10:03:15,19900.0,2000,Sell,235291141
2024-08-28 10:03:15,19900.0,4000,Sell,235291142
2024-08-28 10:03:15,19900.0,1000,Sell,235291143
2024-08-28 10:03:15,19900.0,100,Sell,235291144
2024-08-28 10:03:15,19900.0,100,Sell,235291145
2024-08-28 10:03:15,19900.0,15000,Sell,235291146
2024-08-28 10:03:15,19900.0,300,Sell,235291147
2024-08-28 10:03:15,19900.0,1000,Sell,235291159
2024-08-28 10:03:15,19900.0,200,Sell,235291149
2024-08-28 10:03:15,19900.0,2000,Sell,235291156
2024-08-28 10:03:15,19900.0,4000,Sell,235291148
2024-08-28 10:03:15,19900.0,3000,Sell,235291155
2024-08-28 10:03:15,19900.0,100,Sell,235291154
2024-08-28 10:03:15,19900.0,10000,Sell,235291157
2024-08-28 10:03:15,19900.0,100,Sell,235291152
2024-08-28 10:03:15,19900.0,300,Sell,235291151
2024-08-28 10:03:15,19900.0,500,Sell,235291150
2024-08-28 10:03:15,19900.0,1000,Sell,235291153
2024-08-28 10:03:17,19950.0,1200,Buy,235291211
2024-08-28 10:03:19,19900.0,500,Sell,235291232
2024-08-28 10:03:29,19900.0,100,Sell,235291387
2024-08-28 10:03:32,19900.0,1000,Sell,235291476
2024-08-28 10:03:32,19900.0,500,Sell,235291478
2024-08-28 10:03:32,19900.0,10000,Sell,235291479
2024-08-28 10:03:32,19900.0,25000,Sell,235291480
2024-08-28 10:03:32,19900.0,500,Sell,235291481
2024-08-28 10:03:32,19900.0,500,Sell,235291482
2024-08-28 10:03:32,19900.0,1000,Buy,235291485
2024-08-28 10:03:32,19900.0,800,Sell,235291475
2024-08-28 10:03:32,19900.0,200,Sell,235291477
2024-08-28 10:03:35,19900.0,100,Buy,235291570
2024-08-28 10:03:44,19900.0,200,Buy,235291730
2024-08-28 10:03:45,19900.0,2200,Buy,235291751
2024-08-28 10:03:46,19900.0,7500,Buy,235291782
2024-08-28 10:03:46,19950.0,3100,Buy,235291783
2024-08-28 10:03:46,19900.0,500,Buy,235291752
2024-08-28 10:03:48,19900.0,5600,Buy,235291811
2024-08-28 10:03:48,19900.0,400,Buy,235291812
2024-08-28 10:03:49,19900.0,100,Buy,235291821
2024-08-28 10:03:52,19900.0,100,Buy,235291906
2024-08-28 10:03:52,19900.0,500,Buy,235291911
2024-08-28 10:03:55,19900.0,100,Buy,235291982
2024-08-28 10:03:59,19900.0,3000,Buy,235292057
2024-08-28 10:04:02,19900.0,200,Buy,235292104
2024-08-28 10:04:02,19900.0,100,Buy,235292105
2024-08-28 10:04:02,19900.0,200,Buy,235292106
2024-08-28 10:04:16,19900.0,500,Buy,235292353
2024-08-28 10:04:23,19900.0,400,Buy,235292435
2024-08-28 10:04:38,19900.0,2500,Buy,235292715
2024-08-28 10:04:41,19900.0,200,Buy,235292759
2024-08-28 10:04:43,19900.0,100,Buy,235292785
2024-08-28 10:04:51,19900.0,500,Buy,235292913
2024-08-28 10:04:54,19900.0,5000,Buy,235292956
2024-08-28 10:04:54,19900.0,200,Buy,235292953
2024-08-28 10:05:03,19900.0,500,Buy,235293062
2024-08-28 10:05:06,19900.0,2800,Buy,235293094
2024-08-28 10:05:08,19900.0,3000,Buy,235293106
2024-08-28 10:05:12,19900.0,1000,Buy,235293226
2024-08-28 10:05:16,19900.0,600,Buy,235293282
2024-08-28 10:05:16,19900.0,2000,Buy,235293314
2024-08-28 10:05:17,19900.0,300,Buy,235293324
2024-08-28 10:05:18,19900.0,1000,Buy,235293350
2024-08-28 10:05:19,19900.0,100,Buy,235293355
2024-08-28 10:05:19,19900.0,1000,Buy,235293356
2024-08-28 10:05:20,19900.0,5000,Buy,235293383
2024-08-28 10:05:23,19900.0,100,Buy,235293442
2024-08-28 10:05:35,19900.0,500,Buy,235293636
2024-08-28 10:05:37,19900.0,3200,Buy,235293664
2024-08-28 10:05:38,19900.0,1000,Buy,235293692
2024-08-28 10:05:40,19900.0,800,Buy,235293736
2024-08-28 10:05:55,19900.0,100,Buy,235294034
2024-08-28 10:05:56,19900.0,10000,Buy,235294043
2024-08-28 10:05:56,19900.0,100,Buy,235294048
2024-08-28 10:05:57,19900.0,200,Buy,235294053
2024-08-28 10:06:02,19900.0,200,Buy,235294128
2024-08-28 10:06:10,19850.0,100,Sell,235294305
2024-08-28 10:06:10,19850.0,200,Sell,235294306
2024-08-28 10:06:10,19850.0,1300,Sell,235294307
2024-08-28 10:06:10,19900.0,1000,Buy,235294314
2024-08-28 10:06:13,19900.0,300,Buy,235294380
2024-08-28 10:06:47,19900.0,900,Buy,235294949
2024-08-28 10:07:00,19850.0,200,Sell,235295124
2024-08-28 10:07:00,19850.0,200,Sell,235295125
2024-08-28 10:07:00,19850.0,100,Sell,235295126
2024-08-28 10:07:05,19900.0,900,Buy,235295174
2024-08-28 10:07:29,19900.0,100,Buy,235295613
2024-08-28 10:07:40,19900.0,200,Buy,235295793
2024-08-28 10:07:44,19850.0,6000,Sell,235295874
2024-08-28 10:07:44,19850.0,2000,Sell,235295872
2024-08-28 10:07:44,19850.0,900,Sell,235295871
2024-08-28 10:07:44,19850.0,100,Sell,235295873
2024-08-28 10:07:52,19850.0,1600,Sell,235296024
2024-08-28 10:07:58,19850.0,5000,Sell,235296150
2024-08-28 10:07:59,19850.0,1000,Sell,235296171
2024-08-28 10:07:59,19850.0,7600,Sell,235296185
2024-08-28 10:07:59,19850.0,300,Sell,235296181
2024-08-28 10:07:59,19850.0,100,Sell,235296180
2024-08-28 10:07:59,19850.0,400,Sell,235296179
2024-08-28 10:07:59,19850.0,500,Sell,235296178
2024-08-28 10:07:59,19850.0,100,Sell,235296177
2024-08-28 10:07:59,19850.0,200,Sell,235296176
2024-08-28 10:07:59,19850.0,1000,Sell,235296174
2024-08-28 10:07:59,19850.0,1000,Sell,235296173
2024-08-28 10:07:59,19850.0,100,Sell,235296172
2024-08-28 10:07:59,19850.0,1000,Sell,235296170
2024-08-28 10:07:59,19850.0,500,Sell,235296175
2024-08-28 10:07:59,19850.0,10000,Sell,235296168
2024-08-28 10:07:59,19850.0,500,Sell,235296169
2024-08-28 10:07:59,19850.0,2000,Sell,235296159
2024-08-28 10:07:59,19850.0,1000,Sell,235296160
2024-08-28 10:07:59,19850.0,100,Sell,235296161
2024-08-28 10:07:59,19850.0,100,Sell,235296162
2024-08-28 10:07:59,19850.0,1000,Sell,235296158
2024-08-28 10:07:59,19850.0,1000,Sell,235296164
2024-08-28 10:07:59,19850.0,7400,Sell,235296157
2024-08-28 10:07:59,19850.0,1000,Sell,235296165
2024-08-28 10:07:59,19850.0,10000,Sell,235296166
2024-08-28 10:07:59,19850.0,2000,Sell,235296167
2024-08-28 10:07:59,19850.0,100,Sell,235296163
2024-08-28 10:08:05,19850.0,7800,Sell,235296368
2024-08-28 10:08:05,19850.0,400,Sell,235296367
2024-08-28 10:08:05,19850.0,100,Sell,235296366
2024-08-28 10:08:05,19850.0,100,Sell,235296365
2024-08-28 10:08:05,19850.0,200,Sell,235296362
2024-08-28 10:08:05,19850.0,1000,Sell,235296363
2024-08-28 10:08:05,19850.0,1000,Sell,235296361
2024-08-28 10:08:05,19850.0,200,Sell,235296360
2024-08-28 10:08:05,19850.0,8400,Sell,235296359
2024-08-28 10:08:05,19850.0,800,Sell,235296364
2024-08-28 10:08:08,19850.0,400,Sell,235296399
2024-08-28 10:08:08,19850.0,2200,Sell,235296396
2024-08-28 10:08:08,19850.0,100,Sell,235296397
2024-08-28 10:08:08,19850.0,2300,Sell,235296398
2024-08-28 10:08:09,19850.0,4300,Sell,235296418
2024-08-28 10:08:10,19850.0,3900,Sell,235296441
2024-08-28 10:08:10,19850.0,500,Sell,235296440
2024-08-28 10:08:10,19850.0,100,Sell,235296439
2024-08-28 10:08:10,19850.0,500,Sell,235296437
2024-08-28 10:08:10,19850.0,10000,Sell,235296438
2024-08-28 10:08:10,19850.0,100,Sell,235296435
2024-08-28 10:08:10,19850.0,500,Sell,235296434
2024-08-28 10:08:10,19850.0,100,Sell,235296433
2024-08-28 10:08:10,19850.0,3000,Sell,235296432
2024-08-28 10:08:10,19850.0,300,Sell,235296431
2024-08-28 10:08:10,19850.0,1000,Sell,235296436
2024-08-28 10:08:12,19850.0,100,Sell,235296481
2024-08-28 10:08:13,19850.0,200,Sell,235296508
2024-08-28 10:08:13,19850.0,400,Sell,235296511
2024-08-28 10:08:13,19850.0,100,Sell,235296510
2024-08-28 10:08:13,19850.0,100,Sell,235296509
2024-08-28 10:08:13,19850.0,300,Sell,235296506
2024-08-28 10:08:13,19850.0,500,Sell,235296507
2024-08-28 10:08:13,19850.0,5000,Sell,235296504
2024-08-28 10:08:13,19850.0,200,Sell,235296500
2024-08-28 10:08:13,19850.0,200,Sell,235296501
2024-08-28 10:08:13,19850.0,100,Sell,235296505
2024-08-28 10:08:13,19850.0,1800,Sell,235296503
2024-08-28 10:08:13,19850.0,100,Sell,235296502
2024-08-28 10:08:13,19850.0,1000,Sell,235296499
2024-08-28 10:08:15,19850.0,100,Sell,235296530
2024-08-28 10:08:15,19850.0,500,Sell,235296542
2024-08-28 10:08:15,19850.0,100,Sell,235296543
2024-08-28 10:08:15,19850.0,300,Sell,235296544
2024-08-28 10:08:15,19850.0,100,Sell,235296545
2024-08-28 10:08:17,19850.0,400,Sell,235296567
2024-08-28 10:08:17,19850.0,100,Sell,235296569
2024-08-28 10:08:17,19850.0,2000,Sell,235296570
2024-08-28 10:08:17,19850.0,100,Sell,235296571
2024-08-28 10:08:17,19850.0,6200,Sell,235296572
2024-08-28 10:08:17,19850.0,11100,Sell,235296573
2024-08-28 10:08:17,19850.0,100,Sell,235296568
2024-08-28 10:08:19,19850.0,100,Sell,235296586
2024-08-28 10:08:27,19850.0,100,Sell,235296816
2024-08-28 10:08:30,19900.0,1000,Buy,235296873
2024-08-28 10:08:35,19850.0,2000,Sell,235296938
2024-08-28 10:08:48,19850.0,500,Sell,235297149
2024-08-28 10:08:48,19850.0,100,Sell,235297150
2024-08-28 10:08:48,19850.0,500,Sell,235297151
2024-08-28 10:08:48,19850.0,200,Sell,235297152
2024-08-28 10:08:48,19850.0,4000,Sell,235297153
2024-08-28 10:08:48,19850.0,1000,Sell,235297154
2024-08-28 10:08:48,19850.0,100,Sell,235297155
2024-08-28 10:08:48,19850.0,13600,Sell,235297156
2024-08-28 10:08:52,19850.0,3200,Sell,235297338
2024-08-28 10:08:52,19850.0,100,Sell,235297337
2024-08-28 10:08:52,19850.0,800,Sell,235297335
2024-08-28 10:08:52,19850.0,5600,Sell,235297334
2024-08-28 10:08:52,19850.0,300,Sell,235297336
2024-08-28 10:08:55,19850.0,100,Sell,235297395
2024-08-28 10:08:58,19850.0,100,Sell,235297444
2024-08-28 10:09:00,19850.0,1600,Sell,235297506
2024-08-28 10:09:00,19850.0,1200,Sell,235297507
2024-08-28 10:09:00,19850.0,2200,Sell,235297509
2024-08-28 10:09:04,19850.0,400,Sell,235297577
2024-08-28 10:09:04,19850.0,300,Sell,235297576
2024-08-28 10:09:04,19850.0,1600,Sell,235297574
2024-08-28 10:09:04,19850.0,600,Sell,235297575
2024-08-28 10:09:07,19850.0,100,Buy,235297611
2024-08-28 10:09:08,19850.0,17000,Buy,235297636
2024-08-28 10:09:08,19850.0,600,Buy,235297637
2024-08-28 10:09:08,19850.0,2000,Buy,235297638
2024-08-28 10:09:10,19850.0,500,Sell,235297657
2024-08-28 10:09:15,19800.0,1000,Sell,235297845
2024-08-28 10:09:15,19800.0,500,Sell,235297844
2024-08-28 10:09:15,19800.0,100,Sell,235297832
2024-08-28 10:09:15,19800.0,100,Sell,235297843
2024-08-28 10:09:15,19800.0,500,Sell,235297842
2024-08-28 10:09:15,19800.0,100,Sell,235297841
2024-08-28 10:09:15,19800.0,200,Sell,235297838
2024-08-28 10:09:15,19800.0,100,Sell,235297839
2024-08-28 10:09:15,19800.0,1000,Sell,235297846
2024-08-28 10:09:15,19800.0,100,Sell,235297837
2024-08-28 10:09:15,19800.0,500,Sell,235297836
2024-08-28 10:09:15,19800.0,400,Sell,235297835
2024-08-28 10:09:15,19800.0,2000,Sell,235297834
2024-08-28 10:09:15,19800.0,500,Sell,235297833
2024-08-28 10:09:15,19800.0,1000,Sell,235297840
2024-08-28 10:09:15,19800.0,1500,Sell,235297847
2024-08-28 10:09:15,19800.0,6000,Sell,235297851
2024-08-28 10:09:15,19800.0,300,Sell,235297849
2024-08-28 10:09:15,19800.0,44300,Sell,235297867
2024-08-28 10:09:15,19800.0,2200,Sell,235297866
2024-08-28 10:09:15,19800.0,500,Sell,235297865
2024-08-28 10:09:15,19800.0,500,Sell,235297864
2024-08-28 10:09:15,19800.0,500,Sell,235297863
2024-08-28 10:09:15,19800.0,200,Sell,235297862
2024-08-28 10:09:15,19800.0,1000,Sell,235297861
2024-08-28 10:09:15,19800.0,500,Sell,235297860
2024-08-28 10:09:15,19800.0,5000,Sell,235297859
2024-08-28 10:09:15,19800.0,3000,Sell,235297858
2024-08-28 10:09:15,19800.0,200,Sell,235297857
2024-08-28 10:09:15,19800.0,1000,Sell,235297856
2024-08-28 10:09:15,19800.0,1000,Sell,235297853
2024-08-28 10:09:15,19800.0,1000,Sell,235297852
2024-08-28 10:09:15,19800.0,100,Sell,235297850
2024-08-28 10:09:15,19800.0,1000,Sell,235297848
2024-08-28 10:09:15,19800.0,500,Sell,235297831
2024-08-28 10:09:15,19800.0,500,Sell,235297816
2024-08-28 10:09:15,19800.0,19000,Sell,235297829
2024-08-28 10:09:15,19800.0,3000,Sell,235297808
2024-08-28 10:09:15,19800.0,100,Sell,235297807
2024-08-28 10:09:15,19800.0,1200,Sell,235297805
2024-08-28 10:09:15,19800.0,100,Sell,235297804
2024-08-28 10:09:15,19800.0,8000,Sell,235297803
2024-08-28 10:09:15,19800.0,100,Sell,235297802
2024-08-28 10:09:15,19800.0,1000,Sell,235297809
2024-08-28 10:09:15,19800.0,1000,Sell,235297801
2024-08-28 10:09:15,19800.0,1000,Sell,235297799
2024-08-28 10:09:15,19850.0,100,Sell,235297798
2024-08-28 10:09:15,19850.0,300,Sell,235297797
2024-08-28 10:09:15,19850.0,400,Sell,235297796
2024-08-28 10:09:15,19850.0,5000,Sell,235297795
2024-08-28 10:09:15,19850.0,10000,Sell,235297794
2024-08-28 10:09:15,19800.0,200,Sell,235297800
2024-08-28 10:09:15,19800.0,2000,Sell,235297810
2024-08-28 10:09:15,19850.0,17900,Sell,235297793
2024-08-28 10:09:15,19800.0,100,Sell,235297812
2024-08-28 10:09:15,19800.0,100,Sell,235297811
2024-08-28 10:09:15,19800.0,100,Sell,235297828
2024-08-28 10:09:15,19800.0,2000,Sell,235297827
2024-08-28 10:09:15,19800.0,1000,Sell,235297826
2024-08-28 10:09:15,19800.0,500,Sell,235297825
2024-08-28 10:09:15,19800.0,100,Sell,235297824
2024-08-28 10:09:15,19800.0,100,Sell,235297823
2024-08-28 10:09:15,19800.0,100,Sell,235297822
2024-08-28 10:09:15,19800.0,500,Sell,235297830
2024-08-28 10:09:15,19800.0,700,Sell,235297820
2024-08-28 10:09:15,19800.0,200,Sell,235297819
2024-08-28 10:09:15,19800.0,200,Sell,235297818
2024-08-28 10:09:15,19800.0,500,Sell,235297817
2024-08-28 10:09:15,19800.0,25000,Sell,235297815
2024-08-28 10:09:15,19800.0,100,Sell,235297814
2024-08-28 10:09:15,19800.0,18400,Sell,235297821
2024-08-28 10:09:15,19800.0,1000,Sell,235297813
2024-08-28 10:09:19,19850.0,8000,Sell,235297918
2024-08-28 10:09:25,19850.0,5600,Sell,235298032
2024-08-28 10:09:25,19850.0,1400,Sell,235298033
2024-08-28 10:09:35,19850.0,100,Buy,235298254
2024-08-28 10:09:36,19850.0,500,Buy,235298311
2024-08-28 10:09:37,19850.0,100,Buy,235298333
2024-08-28 10:09:39,19850.0,100,Buy,235298388
2024-08-28 10:09:42,19850.0,500,Buy,235298426
2024-08-28 10:09:58,19850.0,200,Buy,235298655
2024-08-28 10:09:58,19800.0,5000,Sell,235298664
2024-08-28 10:10:12,19800.0,700,Sell,235298919
2024-08-28 10:10:12,19800.0,500,Sell,235298922
2024-08-28 10:10:12,19800.0,100,Sell,235298920
2024-08-28 10:10:12,19800.0,100,Sell,235298921
2024-08-28 10:10:15,19800.0,2000,Sell,235299007
2024-08-28 10:10:30,19850.0,1000,Buy,235299381
2024-08-28 10:10:37,19850.0,100,Buy,235299471
2024-08-28 10:10:42,19850.0,100,Buy,235299566
2024-08-28 10:10:46,19850.0,2100,Buy,235299688
2024-08-28 10:10:46,19850.0,100,Buy,235299646
2024-08-28 10:10:46,19850.0,200,Buy,235299685
2024-08-28 10:10:46,19850.0,200,Buy,235299686
2024-08-28 10:10:46,19850.0,20000,Buy,235299687
2024-08-28 10:10:47,19850.0,100,Buy,235299690
2024-08-28 10:10:50,19850.0,100,Buy,235299740
2024-08-28 10:10:52,19800.0,300,Sell,235299771
2024-08-28 10:10:55,19850.0,2000,Buy,235299819
2024-08-28 10:10:56,19800.0,500,Sell,235299841
2024-08-28 10:10:59,19850.0,10000,Buy,235299871
2024-08-28 10:11:03,19850.0,100,Buy,235299935
2024-08-28 10:11:05,19850.0,500,Buy,235299973
2024-08-28 10:11:05,19800.0,1000,Sell,235299979
2024-08-28 10:11:15,19850.0,500,Buy,235300154
2024-08-28 10:11:15,19850.0,400,Buy,235300153
2024-08-28 10:11:15,19850.0,3000,Buy,235300152
2024-08-28 10:11:15,19850.0,500,Buy,235300149
2024-08-28 10:11:15,19850.0,4600,Buy,235300151
2024-08-28 10:11:21,19850.0,10000,Sell,235300288
2024-08-28 10:11:21,19850.0,100,Sell,235300289
2024-08-28 10:11:21,19850.0,500,Sell,235300287
2024-08-28 10:11:26,19800.0,700,Sell,235300349
2024-08-28 10:11:26,19800.0,200,Sell,235300350
2024-08-28 10:11:26,19800.0,100,Sell,235300351
2024-08-28 10:11:27,19850.0,500,Buy,235300383
2024-08-28 10:11:32,19850.0,200,Buy,235300481
2024-08-28 10:11:34,19850.0,100,Buy,235300531
2024-08-28 10:11:39,19850.0,1300,Buy,235300636
2024-08-28 10:11:40,19850.0,500,Buy,235300687
2024-08-28 10:11:49,19850.0,2000,Buy,235300879
2024-08-28 10:12:07,19850.0,100,Buy,235301266
2024-08-28 10:12:19,19850.0,2000,Buy,235301525
2024-08-28 10:12:29,19850.0,2000,Buy,235301701
2024-08-28 10:12:29,19850.0,200,Buy,235301704
2024-08-28 10:12:49,19850.0,500,Buy,235302209
2024-08-28 10:12:49,19850.0,1900,Buy,235302210
2024-08-28 10:12:53,19850.0,200,Buy,235302278
2024-08-28 10:12:54,19850.0,100,Buy,235302371
2024-08-28 10:12:59,19850.0,100,Buy,235302479
2024-08-28 10:12:59,19850.0,200,Buy,235302503
2024-08-28 10:13:08,19850.0,100,Buy,235302626
2024-08-28 10:13:16,19850.0,100,Buy,235302873
2024-08-28 10:13:45,19850.0,700,Buy,235303496
2024-08-28 10:13:49,19850.0,200,Buy,235303595
2024-08-28 10:14:15,19850.0,700,Buy,235304146
2024-08-28 10:14:20,19850.0,500,Buy,235304270
2024-08-28 10:14:31,19850.0,200,Buy,235304510
2024-08-28 10:15:02,19850.0,200,Buy,235305026
2024-08-28 10:15:07,19850.0,100,Buy,235305135
2024-08-28 10:16:08,19850.0,100,Buy,235306258
2024-08-28 10:16:12,19800.0,100,Sell,235306406
2024-08-28 10:16:12,19800.0,100,Sell,235306393
2024-08-28 10:16:12,19800.0,100,Sell,235306405
2024-08-28 10:16:12,19800.0,200,Sell,235306404
2024-08-28 10:16:12,19800.0,200,Sell,235306403
2024-08-28 10:16:12,19800.0,100,Sell,235306402
2024-08-28 10:16:12,19800.0,200,Sell,235306401
2024-08-28 10:16:12,19800.0,200,Sell,235306397
2024-08-28 10:16:12,19800.0,1000,Sell,235306399
2024-08-28 10:16:12,19800.0,100,Sell,235306398
2024-08-28 10:16:12,19800.0,1800,Sell,235306396
2024-08-28 10:16:12,19800.0,200,Sell,235306395
2024-08-28 10:16:12,19800.0,100,Sell,235306394
2024-08-28 10:16:12,19800.0,700,Sell,235306407
2024-08-28 10:16:12,19800.0,50000,Sell,235306400
2024-08-28 10:16:12,19800.0,1000,Sell,235306408
2024-08-28 10:16:12,19800.0,1600,Sell,235306425
2024-08-28 10:16:12,19800.0,100,Sell,235306410
2024-08-28 10:16:12,19800.0,100,Sell,235306424
2024-08-28 10:16:12,19800.0,100,Sell,235306423
2024-08-28 10:16:12,19800.0,3000,Sell,235306422
2024-08-28 10:16:12,19800.0,100,Sell,235306421
2024-08-28 10:16:12,19800.0,300,Sell,235306420
2024-08-28 10:16:12,19800.0,200,Sell,235306419
2024-08-28 10:16:12,19800.0,2000,Sell,235306409
2024-08-28 10:16:12,19800.0,100,Sell,235306418
2024-08-28 10:16:12,19800.0,100,Sell,235306416
2024-08-28 10:16:12,19800.0,1000,Sell,235306415
2024-08-28 10:16:12,19800.0,500,Sell,235306414
2024-08-28 10:16:12,19800.0,100,Sell,235306413
2024-08-28 10:16:12,19800.0,500,Sell,235306412
2024-08-28 10:16:12,19800.0,300,Sell,235306411
2024-08-28 10:16:12,19800.0,1600,Sell,235306417
2024-08-28 10:16:12,19800.0,400,Sell,235306392
2024-08-28 10:16:12,19800.0,1000,Sell,235306371
2024-08-28 10:16:12,19800.0,100,Sell,235306390
2024-08-28 10:16:12,19800.0,600,Sell,235306363
2024-08-28 10:16:12,19800.0,100,Sell,235306362
2024-08-28 10:16:12,19800.0,1000,Sell,235306361
2024-08-28 10:16:12,19800.0,200,Sell,235306360
2024-08-28 10:16:12,19800.0,200,Sell,235306359
2024-08-28 10:16:12,19800.0,10000,Sell,235306358
2024-08-28 10:16:12,19800.0,200,Sell,235306364
2024-08-28 10:16:12,19800.0,500,Sell,235306357
2024-08-28 10:16:12,19800.0,100,Sell,235306355
2024-08-28 10:16:12,19800.0,100,Sell,235306354
2024-08-28 10:16:12,19800.0,1000,Sell,235306353
2024-08-28 10:16:12,19800.0,200,Sell,235306352
2024-08-28 10:16:12,19800.0,200,Sell,235306351
2024-08-28 10:16:12,19800.0,100,Sell,235306391
2024-08-28 10:16:12,19800.0,100,Sell,235306356
2024-08-28 10:16:12,19800.0,500,Sell,235306365
2024-08-28 10:16:12,19800.0,100,Sell,235306370
2024-08-28 10:16:12,19800.0,1800,Sell,235306367
2024-08-28 10:16:12,19800.0,20000,Sell,235306388
2024-08-28 10:16:12,19800.0,20000,Sell,235306387
2024-08-28 10:16:12,19800.0,5000,Sell,235306386
2024-08-28 10:16:12,19800.0,50000,Sell,235306385
2024-08-28 10:16:12,19800.0,100,Sell,235306384
2024-08-28 10:16:12,19800.0,500,Sell,235306383
2024-08-28 10:16:12,19800.0,3000,Sell,235306382
2024-08-28 10:16:12,19800.0,10000,Sell,235306389
2024-08-28 10:16:12,19800.0,25000,Sell,235306374
2024-08-28 10:16:12,19800.0,5000,Sell,235306368
2024-08-28 10:16:12,19800.0,300,Sell,235306369
2024-08-28 10:16:12,19800.0,500,Sell,235306381
2024-08-28 10:16:12,19800.0,32000,Sell,235306372
2024-08-28 10:16:12,19800.0,10000,Sell,235306373
2024-08-28 10:16:12,19800.0,100,Sell,235306366
2024-08-28 10:16:20,19800.0,1300,Buy,235306592
2024-08-28 10:16:20,19800.0,600,Buy,235306642
2024-08-28 10:16:24,19800.0,200,Buy,235306713
2024-08-28 10:16:26,19800.0,100,Buy,235306738
2024-08-28 10:16:30,19800.0,3500,Buy,235306826
2024-08-28 10:16:37,19800.0,400,Buy,235306960
2024-08-28 10:16:39,19800.0,100,Buy,235307003
2024-08-28 10:16:41,19750.0,300,Sell,235307064
2024-08-28 10:16:41,19750.0,200,Sell,235307065
2024-08-28 10:16:41,19750.0,1000,Sell,235307062
2024-08-28 10:16:41,19750.0,500,Sell,235307063
2024-08-28 10:16:54,19800.0,1500,Buy,235307238
2024-08-28 10:17:04,19750.0,300,Sell,235307452
2024-08-28 10:17:04,19750.0,100,Sell,235307461
2024-08-28 10:17:04,19750.0,5000,Sell,235307460
2024-08-28 10:17:04,19750.0,5000,Sell,235307459
2024-08-28 10:17:04,19750.0,800,Sell,235307458
2024-08-28 10:17:04,19750.0,1500,Sell,235307457
2024-08-28 10:17:04,19750.0,3000,Sell,235307456
2024-08-28 10:17:04,19750.0,200,Sell,235307455
2024-08-28 10:17:04,19750.0,2500,Sell,235307454
2024-08-28 10:17:04,19750.0,200,Sell,235307453
2024-08-28 10:17:04,19750.0,1000,Sell,235307451
2024-08-28 10:17:04,19750.0,4900,Sell,235307462
2024-08-28 10:17:04,19750.0,1000,Sell,235307449
2024-08-28 10:17:04,19750.0,100,Sell,235307448
2024-08-28 10:17:04,19750.0,100,Sell,235307447
2024-08-28 10:17:04,19750.0,100,Sell,235307446
2024-08-28 10:17:04,19750.0,25000,Sell,235307445
2024-08-28 10:17:04,19750.0,200,Sell,235307444
2024-08-28 10:17:04,19750.0,200,Sell,235307443
2024-08-28 10:17:04,19750.0,3000,Sell,235307442
2024-08-28 10:17:04,19750.0,2000,Sell,235307441
2024-08-28 10:17:04,19750.0,3000,Sell,235307440
2024-08-28 10:17:04,19750.0,500,Sell,235307450
2024-08-28 10:17:04,19750.0,300,Sell,235307439
2024-08-28 10:17:06,19750.0,200,Sell,235307495
2024-08-28 10:17:06,19750.0,100,Sell,235307494
2024-08-28 10:17:06,19750.0,100,Sell,235307491
2024-08-28 10:17:06,19750.0,5000,Sell,235307492
2024-08-28 10:17:06,19750.0,100,Sell,235307490
2024-08-28 10:17:06,19750.0,700,Sell,235307493
2024-08-28 10:17:07,19750.0,2700,Sell,235307496
2024-08-28 10:17:07,19750.0,2300,Sell,235307498
2024-08-28 10:17:07,19750.0,1000,Sell,235307499
2024-08-28 10:17:07,19750.0,100,Sell,235307500
2024-08-28 10:17:07,19750.0,200,Sell,235307501
2024-08-28 10:17:07,19750.0,7500,Sell,235307502
2024-08-28 10:17:08,19800.0,3000,Buy,235307520
2024-08-28 10:17:14,19750.0,300,Sell,235307613
2024-08-28 10:17:18,19750.0,5000,Sell,235307687
2024-08-28 10:17:18,19750.0,100,Sell,235307686
2024-08-28 10:17:18,19750.0,1300,Sell,235307685
2024-08-28 10:17:18,19750.0,100,Sell,235307684
2024-08-28 10:17:18,19750.0,100,Sell,235307683
2024-08-28 10:17:18,19750.0,100,Sell,235307682
2024-08-28 10:17:18,19750.0,5000,Sell,235307681
2024-08-28 10:17:18,19750.0,1100,Sell,235307688
2024-08-28 10:17:18,19750.0,1000,Sell,235307680
2024-08-28 10:17:18,19750.0,1000,Sell,235307678
2024-08-28 10:17:18,19750.0,300,Sell,235307677
2024-08-28 10:17:18,19750.0,1000,Sell,235307676
2024-08-28 10:17:18,19750.0,10000,Sell,235307675
2024-08-28 10:17:18,19750.0,5000,Sell,235307674
2024-08-28 10:17:18,19750.0,1400,Sell,235307673
2024-08-28 10:17:18,19750.0,200,Sell,235307672
2024-08-28 10:17:18,19750.0,5000,Sell,235307671
2024-08-28 10:17:18,19750.0,100,Sell,235307679
2024-08-28 10:17:18,19750.0,2200,Sell,235307670
2024-08-28 10:17:19,19750.0,5700,Sell,235307710
2024-08-28 10:17:19,19750.0,2000,Sell,235307711
2024-08-28 10:17:19,19750.0,100,Sell,235307712
2024-08-28 10:17:19,19750.0,500,Sell,235307713
2024-08-28 10:17:19,19750.0,100,Sell,235307714
2024-08-28 10:17:19,19750.0,500,Sell,235307715
2024-08-28 10:17:20,19750.0,100,Sell,235307721
2024-08-28 10:17:20,19750.0,200,Sell,235307720
2024-08-28 10:17:20,19750.0,5000,Sell,235307718
2024-08-28 10:17:20,19750.0,100,Sell,235307719
2024-08-28 10:17:20,19750.0,500,Sell,235307717
2024-08-28 10:17:22,19750.0,200,Buy,235307853
2024-08-28 10:17:23,19750.0,5000,Buy,235307871
2024-08-28 10:17:23,19750.0,17800,Buy,235307872
2024-08-28 10:17:24,19750.0,100,Buy,235307876
2024-08-28 10:17:24,19750.0,200,Buy,235307886
2024-08-28 10:17:33,19750.0,100,Sell,235308032
2024-08-28 10:17:33,19750.0,100,Sell,235308033
2024-08-28 10:17:36,19750.0,900,Sell,235308085
2024-08-28 10:17:37,19750.0,2000,Buy,235308087
2024-08-28 10:17:38,19750.0,5000,Buy,235308109
2024-08-28 10:17:40,19750.0,500,Buy,235308142
2024-08-28 10:17:40,19750.0,300,Buy,235308154
2024-08-28 10:17:45,19750.0,100,Buy,235308218
2024-08-28 10:17:50,19750.0,100,Buy,235308327
2024-08-28 10:17:52,19750.0,1000,Buy,235308348
2024-08-28 10:17:53,19750.0,100,Buy,235308363
2024-08-28 10:18:02,19750.0,10000,Buy,235308599
2024-08-28 10:18:05,19750.0,20000,Buy,235308629
2024-08-28 10:18:07,19750.0,100,Buy,235308662
2024-08-28 10:18:08,19750.0,1400,Buy,235308671
2024-08-28 10:18:08,19750.0,2700,Buy,235308672
2024-08-28 10:18:12,19750.0,5000,Buy,235308721
2024-08-28 10:18:14,19750.0,500,Buy,235308752
2024-08-28 10:18:16,19750.0,100,Buy,235308770
2024-08-28 10:18:17,19750.0,1000,Buy,235308775
2024-08-28 10:18:20,19750.0,2000,Buy,235308815
2024-08-28 10:18:22,19750.0,1000,Buy,235308838
2024-08-28 10:18:22,19750.0,300,Buy,235308851
2024-08-28 10:18:25,19750.0,10000,Buy,235308880
2024-08-28 10:18:25,19750.0,1700,Buy,235308881
2024-08-28 10:18:26,19750.0,1000,Buy,235308911
2024-08-28 10:18:34,19750.0,5000,Buy,235309028
2024-08-28 10:18:35,19750.0,300,Buy,235309074
2024-08-28 10:18:36,19750.0,5600,Buy,235309086
2024-08-28 10:18:36,19750.0,10000,Buy,235309087
2024-08-28 10:18:36,19750.0,2100,Buy,235309088
2024-08-28 10:18:36,19750.0,100,Buy,235309089
2024-08-28 10:18:36,19750.0,100,Buy,235309090
2024-08-28 10:18:36,19750.0,3500,Buy,235309091
2024-08-28 10:18:50,19750.0,2100,Sell,235309337
2024-08-28 10:18:59,19750.0,2700,Sell,235309517
2024-08-28 10:18:59,19750.0,6500,Sell,235309515
2024-08-28 10:18:59,19750.0,800,Sell,235309516
2024-08-28 10:19:00,19750.0,800,Sell,235309527
2024-08-28 10:19:30,19800.0,500,Buy,235310069
2024-08-28 10:19:39,19800.0,100,Buy,235310183
2024-08-28 10:19:39,19750.0,4900,Sell,235310189
2024-08-28 10:19:43,19800.0,300,Buy,235310270
2024-08-28 10:19:50,19800.0,200,Buy,235310368
2024-08-28 10:20:16,19800.0,10000,Buy,235310751
2024-08-28 10:20:16,19800.0,200,Buy,235310754
2024-08-28 10:20:17,19800.0,1000,Buy,235310761
2024-08-28 10:20:18,19800.0,400,Buy,235310765
2024-08-28 10:20:19,19800.0,200,Buy,235310789
2024-08-28 10:20:19,19800.0,1000,Buy,235310788
2024-08-28 10:20:19,19800.0,100,Buy,235310787
2024-08-28 10:20:19,19800.0,1000,Buy,235310785
2024-08-28 10:20:19,19800.0,4400,Buy,235310784
2024-08-28 10:20:19,19800.0,10000,Buy,235310786
2024-08-28 10:20:19,19800.0,100,Buy,235310782
2024-08-28 10:20:19,19800.0,2200,Buy,235310781
2024-08-28 10:20:19,19800.0,500,Buy,235310780
2024-08-28 10:20:19,19800.0,400,Buy,235310779
2024-08-28 10:20:19,19800.0,100,Buy,235310778
2024-08-28 10:20:19,19800.0,8800,Buy,235310777
2024-08-28 10:20:19,19800.0,5600,Buy,235310783
2024-08-28 10:20:31,19850.0,200,Buy,235310935
2024-08-28 10:20:31,19850.0,1800,Buy,235310936
2024-08-28 10:20:39,19850.0,100,Buy,235311024
2024-08-28 10:21:02,19850.0,400,Buy,235311381
2024-08-28 10:21:05,19850.0,400,Buy,235311403
2024-08-28 10:21:21,19800.0,2500,Sell,235311641
2024-08-28 10:21:23,19800.0,6500,Sell,235311656
2024-08-28 10:21:45,19800.0,11500,Sell,235312077
2024-08-28 10:21:45,19800.0,5000,Sell,235312078
2024-08-28 10:21:45,19800.0,500,Sell,235312079
2024-08-28 10:21:45,19800.0,200,Sell,235312080
2024-08-28 10:21:45,19800.0,1000,Sell,235312081
2024-08-28 10:21:45,19800.0,300,Sell,235312082
2024-08-28 10:21:45,19800.0,500,Sell,235312083
2024-08-28 10:21:45,19800.0,1000,Sell,235312084
2024-08-28 10:21:51,19800.0,13600,Sell,235312240
2024-08-28 10:21:51,19800.0,100,Sell,235312238
2024-08-28 10:21:51,19800.0,6000,Sell,235312237
2024-08-28 10:21:51,19800.0,300,Sell,235312239
2024-08-28 10:21:56,19800.0,6400,Sell,235312320
2024-08-28 10:21:56,19800.0,3000,Sell,235312321
2024-08-28 10:21:56,19800.0,1000,Sell,235312322
2024-08-28 10:21:56,19800.0,200,Sell,235312323
2024-08-28 10:21:56,19800.0,1800,Sell,235312324
2024-08-28 10:22:04,19800.0,5800,Buy,235312419
2024-08-28 10:22:06,19800.0,1800,Buy,235312446
2024-08-28 10:22:06,19800.0,200,Buy,235312447
2024-08-28 10:22:09,19800.0,50000,Buy,235312507
2024-08-28 10:22:09,19800.0,5000,Buy,235312506
2024-08-28 10:22:09,19800.0,8300,Buy,235312504
2024-08-28 10:22:09,19800.0,6700,Buy,235312503
2024-08-28 10:22:09,19800.0,12500,Buy,235312502
2024-08-28 10:22:09,19800.0,200,Buy,235312505
2024-08-28 10:22:10,19800.0,5000,Sell,235312537
2024-08-28 10:22:27,19800.0,400,Sell,235312834
2024-08-28 10:22:34,19800.0,100,Sell,235312953
2024-08-28 10:22:34,19800.0,100,Sell,235312954
2024-08-28 10:22:34,19800.0,71900,Sell,235312948
2024-08-28 10:22:36,19800.0,1000,Buy,235312979
2024-08-28 10:22:42,19800.0,200,Buy,235313044
2024-08-28 10:22:44,19800.0,300,Buy,235313076
2024-08-28 10:22:51,19800.0,400,Buy,235313177
2024-08-28 10:23:00,19800.0,1400,Buy,235313303
2024-08-28 10:23:08,19800.0,300,Buy,235313384
2024-08-28 10:23:16,19750.0,1000,Sell,235313603
2024-08-28 10:23:19,19800.0,100,Buy,235313650
2024-08-28 10:23:23,19750.0,40600,Sell,235313698
2024-08-28 10:23:23,19750.0,1000,Sell,235313699
2024-08-28 10:23:23,19750.0,1000,Sell,235313700
2024-08-28 10:23:23,19750.0,400,Sell,235313701
2024-08-28 10:23:34,19750.0,5000,Sell,235313835
2024-08-28 10:23:34,19750.0,1000,Sell,235313834
2024-08-28 10:23:34,19750.0,11100,Sell,235313838
2024-08-28 10:23:34,19750.0,500,Sell,235313832
2024-08-28 10:23:34,19750.0,500,Sell,235313831
2024-08-28 10:23:34,19750.0,1600,Sell,235313830
2024-08-28 10:23:34,19750.0,300,Sell,235313833
2024-08-28 10:24:16,19750.0,300,Sell,235314496
2024-08-28 10:24:43,19750.0,1000,Sell,235314959
2024-08-28 10:24:52,19750.0,400,Sell,235315116
2024-08-28 10:24:52,19750.0,200,Sell,235315118
2024-08-28 10:24:52,19750.0,100,Sell,235315117
2024-08-28 10:24:52,19750.0,200,Sell,235315115
2024-08-28 10:24:52,19750.0,600,Sell,235315112
2024-08-28 10:24:52,19750.0,100,Sell,235315113
2024-08-28 10:24:52,19750.0,7600,Sell,235315110
2024-08-28 10:24:52,19750.0,500,Sell,235315111
2024-08-28 10:24:52,19750.0,100,Sell,235315114
2024-08-28 10:25:04,19800.0,100,Buy,235315357
2024-08-28 10:25:05,19750.0,100,Sell,235315385
2024-08-28 10:25:09,19750.0,1200,Sell,235315435
2024-08-28 10:25:23,19750.0,2900,Sell,235315751
2024-08-28 10:25:59,19800.0,10000,Buy,235316607
2024-08-28 10:26:16,19750.0,1800,Sell,235316894
2024-08-28 10:26:16,19750.0,500,Sell,235316893
2024-08-28 10:26:16,19750.0,2000,Sell,235316892
2024-08-28 10:26:16,19750.0,1000,Sell,235316891
2024-08-28 10:26:16,19750.0,100,Sell,235316890
2024-08-28 10:26:16,19750.0,100,Sell,235316889
2024-08-28 10:26:16,19750.0,5000,Sell,235316887
2024-08-28 10:26:16,19750.0,500,Sell,235316886
2024-08-28 10:26:16,19750.0,100,Sell,235316885
2024-08-28 10:26:16,19750.0,1000,Sell,235316884
2024-08-28 10:26:16,19750.0,5600,Sell,235316883
2024-08-28 10:26:16,19750.0,200,Sell,235316888
2024-08-28 10:26:19,19800.0,100,Buy,235316991
2024-08-28 10:26:54,19800.0,800,Buy,235317512
2024-08-28 10:27:10,19750.0,5000,Sell,235317764
2024-08-28 10:27:10,19750.0,500,Sell,235317765
2024-08-28 10:27:10,19750.0,100,Sell,235317769
2024-08-28 10:27:10,19750.0,100,Sell,235317766
2024-08-28 10:27:10,19750.0,100,Sell,235317767
2024-08-28 10:27:10,19750.0,3000,Sell,235317768
2024-08-28 10:27:10,19750.0,100,Sell,235317770
2024-08-28 10:27:10,19750.0,100,Sell,235317757
2024-08-28 10:27:10,19750.0,2000,Sell,235317772
2024-08-28 10:27:10,19750.0,5000,Sell,235317773
2024-08-28 10:27:10,19750.0,2500,Sell,235317774
2024-08-28 10:27:10,19750.0,100,Sell,235317775
2024-08-28 10:27:10,19750.0,400,Sell,235317776
2024-08-28 10:27:10,19750.0,600,Sell,235317777
2024-08-28 10:27:10,19750.0,5500,Sell,235317778
2024-08-28 10:27:10,19750.0,2000,Sell,235317763
2024-08-28 10:27:10,19750.0,100,Sell,235317771
2024-08-28 10:27:10,19750.0,1000,Sell,235317762
2024-08-28 10:27:10,19750.0,8200,Sell,235317743
2024-08-28 10:27:10,19750.0,200,Sell,235317760
2024-08-28 10:27:10,19750.0,100,Sell,235317744
2024-08-28 10:27:10,19750.0,100,Sell,235317745
2024-08-28 10:27:10,19750.0,200,Sell,235317746
2024-08-28 10:27:10,19750.0,500,Sell,235317747
2024-08-28 10:27:10,19750.0,1000,Sell,235317748
2024-08-28 10:27:10,19750.0,5000,Sell,235317749
2024-08-28 10:27:10,19750.0,2000,Sell,235317751
2024-08-28 10:27:10,19750.0,1000,Sell,235317750
2024-08-28 10:27:10,19750.0,100,Sell,235317753
2024-08-28 10:27:10,19750.0,100,Sell,235317754
2024-08-28 10:27:10,19750.0,1000,Sell,235317755
2024-08-28 10:27:10,19750.0,1000,Sell,235317756
2024-08-28 10:27:10,19750.0,100,Sell,235317758
2024-08-28 10:27:10,19750.0,500,Sell,235317759
2024-08-28 10:27:10,19750.0,200,Sell,235317752
2024-08-28 10:27:10,19750.0,100,Sell,235317761
2024-08-28 10:27:13,19750.0,100,Sell,235317813
2024-08-28 10:27:13,19750.0,4500,Sell,235317812
2024-08-28 10:27:14,19750.0,500,Buy,235317818
2024-08-28 10:27:15,19750.0,500,Buy,235317839
2024-08-28 10:27:23,19750.0,2800,Buy,235317908
2024-08-28 10:27:23,19750.0,6600,Buy,235317909
2024-08-28 10:27:23,19750.0,10000,Buy,235317910
2024-08-28 10:27:23,19800.0,13200,Buy,235317911
2024-08-28 10:27:23,19800.0,5400,Buy,235317912
2024-08-28 10:27:26,19700.0,2200,Sell,235318022
2024-08-28 10:27:26,19700.0,1000,Sell,235318023
2024-08-28 10:27:26,19700.0,100,Sell,235318024
2024-08-28 10:27:26,19700.0,100,Sell,235318025
2024-08-28 10:27:26,19700.0,2000,Sell,235318028
2024-08-28 10:27:26,19700.0,100,Sell,235318027
2024-08-28 10:27:26,19700.0,1000,Sell,235318030
2024-08-28 10:27:26,19700.0,500,Sell,235318029
2024-08-28 10:27:26,19700.0,2000,Sell,235318021
2024-08-28 10:27:26,19700.0,1000,Sell,235318026
2024-08-28 10:27:26,19700.0,500,Sell,235318020
2024-08-28 10:27:26,19700.0,100,Sell,235318007
2024-08-28 10:27:26,19700.0,200,Sell,235318018
2024-08-28 10:27:26,19700.0,100,Sell,235318017
2024-08-28 10:27:26,19700.0,100,Sell,235318016
2024-08-28 10:27:26,19700.0,10000,Sell,235318015
2024-08-28 10:27:26,19700.0,100,Sell,235318014
2024-08-28 10:27:26,19700.0,50000,Sell,235318013
2024-08-28 10:27:26,19700.0,5000,Sell,235318012
2024-08-28 10:27:26,19700.0,4500,Sell,235318011
2024-08-28 10:27:26,19700.0,1000,Sell,235318010
2024-08-28 10:27:26,19700.0,300,Sell,235318009
2024-08-28 10:27:26,19700.0,100,Sell,235318008
2024-08-28 10:27:26,19700.0,100,Sell,235318019
2024-08-28 10:27:26,19700.0,8000,Sell,235318031
2024-08-28 10:27:26,19700.0,100,Sell,235318006
2024-08-28 10:27:26,19700.0,100,Sell,235318033
2024-08-28 10:27:26,19650.0,1300,Sell,235318101
2024-08-28 10:27:26,19650.0,400,Sell,235318100
2024-08-28 10:27:26,19650.0,1000,Sell,235318099
2024-08-28 10:27:26,19650.0,100,Sell,235318098
2024-08-28 10:27:26,19700.0,200,Sell,235318053
2024-08-28 10:27:26,19700.0,1000,Sell,235318052
2024-08-28 10:27:26,19700.0,200,Sell,235318051
2024-08-28 10:27:26,19700.0,300,Sell,235318050
2024-08-28 10:27:26,19700.0,200,Sell,235318049
2024-08-28 10:27:26,19700.0,4000,Sell,235318048
2024-08-28 10:27:26,19700.0,1000,Sell,235318047
2024-08-28 10:27:26,19700.0,100,Sell,235318032
2024-08-28 10:27:26,19700.0,200,Sell,235318046
2024-08-28 10:27:26,19700.0,100,Sell,235318044
2024-08-28 10:27:26,19700.0,100,Sell,235318043
2024-08-28 10:27:26,19700.0,100,Sell,235318042
2024-08-28 10:27:26,19700.0,100,Sell,235318041
2024-08-28 10:27:26,19700.0,100,Sell,235318040
2024-08-28 10:27:26,19700.0,13000,Sell,235318039
2024-08-28 10:27:26,19700.0,1000,Sell,235318038
2024-08-28 10:27:26,19700.0,500,Sell,235318037
2024-08-28 10:27:26,19700.0,200,Sell,235318036
2024-08-28 10:27:26,19700.0,100,Sell,235318035
2024-08-28 10:27:26,19700.0,500,Sell,235318034
2024-08-28 10:27:26,19700.0,300,Sell,235318045
2024-08-28 10:27:26,19700.0,1600,Sell,235318005
2024-08-28 10:27:26,19700.0,200,Sell,235317972
2024-08-28 10:27:26,19700.0,3000,Sell,235318003
2024-08-28 10:27:26,19700.0,1000,Sell,235317974
2024-08-28 10:27:26,19700.0,100,Sell,235317973
2024-08-28 10:27:26,19700.0,500,Sell,235317970
2024-08-28 10:27:26,19700.0,100,Sell,235317969
2024-08-28 10:27:26,19700.0,5000,Sell,235317968
2024-08-28 10:27:26,19700.0,100,Sell,235317967
2024-08-28 10:27:26,19700.0,500,Sell,235317965
2024-08-28 10:27:26,19700.0,100,Sell,235317964
2024-08-28 10:27:26,19700.0,700,Sell,235317963
2024-08-28 10:27:26,19700.0,500,Sell,235317962
2024-08-28 10:27:26,19700.0,25000,Sell,235317961
2024-08-28 10:27:26,19700.0,100,Sell,235317975
2024-08-28 10:27:26,19700.0,100000,Sell,235317960
2024-08-28 10:27:26,19700.0,100,Sell,235317958
2024-08-28 10:27:26,19700.0,2000,Sell,235317957
2024-08-28 10:27:26,19700.0,1000,Sell,235317956
2024-08-28 10:27:26,19700.0,500,Sell,235317955
2024-08-28 10:27:26,19700.0,400,Sell,235317954
2024-08-28 10:27:26,19700.0,5000,Sell,235317953
2024-08-28 10:27:26,19700.0,300,Sell,235317952
2024-08-28 10:27:26,19700.0,100,Sell,235317951
2024-08-28 10:27:26,19700.0,3000,Sell,235317950
2024-08-28 10:27:26,19700.0,500,Sell,235317949
2024-08-28 10:27:26,19700.0,2000,Sell,235318004
2024-08-28 10:27:26,19700.0,1000,Sell,235317959
2024-08-28 10:27:26,19700.0,200,Sell,235317976
2024-08-28 10:27:26,19700.0,2000,Sell,235317966
2024-08-28 10:27:26,19700.0,100,Sell,235317978
2024-08-28 10:27:26,19700.0,900,Sell,235318001
2024-08-28 10:27:26,19700.0,300,Sell,235318000
2024-08-28 10:27:26,19700.0,1000,Sell,235317999
2024-08-28 10:27:26,19700.0,5000,Sell,235317998
2024-08-28 10:27:26,19700.0,100,Sell,235317997
2024-08-28 10:27:26,19700.0,1000,Sell,235317996
2024-08-28 10:27:26,19700.0,200,Sell,235317995
2024-08-28 10:27:26,19700.0,100,Sell,235317994
2024-08-28 10:27:26,19700.0,500,Sell,235317993
2024-08-28 10:27:26,19700.0,200,Sell,235317992
2024-08-28 10:27:26,19700.0,300,Sell,235317991
2024-08-28 10:27:26,19700.0,3000,Sell,235317990
2024-08-28 10:27:26,19700.0,1000,Sell,235318002
2024-08-28 10:27:26,19700.0,100,Sell,235317988
2024-08-28 10:27:26,19700.0,300,Sell,235317979
2024-08-28 10:27:26,19700.0,2000,Sell,235317980
2024-08-28 10:27:26,19700.0,200,Sell,235317982
2024-08-28 10:27:26,19700.0,1000,Sell,235317983
2024-08-28 10:27:26,19700.0,100,Sell,235317981
2024-08-28 10:27:26,19700.0,3000,Sell,235317977
2024-08-28 10:27:26,19700.0,1800,Sell,235317985
2024-08-28 10:27:26,19700.0,3000,Sell,235317986
2024-08-28 10:27:26,19700.0,100,Sell,235317987
2024-08-28 10:27:26,19700.0,200,Sell,235317984
2024-08-28 10:27:26,19700.0,200,Sell,235317989
2024-08-28 10:27:30,19700.0,4100,Buy,235318158
2024-08-28 10:27:38,19750.0,900,Sell,235318252
2024-08-28 10:27:40,19750.0,100,Sell,235318291
2024-08-28 10:27:41,19750.0,100,Sell,235318302
2024-08-28 10:27:41,19750.0,4000,Sell,235318301
2024-08-28 10:27:42,19750.0,100,Buy,235318303
2024-08-28 10:27:44,19750.0,100,Buy,235318338
2024-08-28 10:27:57,19700.0,900,Sell,235318490
2024-08-28 10:27:57,19700.0,100,Sell,235318491
2024-08-28 10:27:57,19700.0,1100,Sell,235318492
2024-08-28 10:28:01,19750.0,100,Buy,235318540
2024-08-28 10:28:17,19750.0,1900,Buy,235318856
2024-08-28 10:28:28,19750.0,300,Buy,235318994
2024-08-28 10:28:38,19700.0,200,Sell,235319179
2024-08-28 10:28:39,19800.0,3500,Buy,235319208
2024-08-28 10:28:39,19800.0,1400,Buy,235319215
2024-08-28 10:28:39,19800.0,4800,Buy,235319214
2024-08-28 10:28:39,19800.0,3000,Buy,235319213
2024-08-28 10:28:39,19800.0,5000,Buy,235319211
2024-08-28 10:28:39,19800.0,1000,Buy,235319210
2024-08-28 10:28:39,19800.0,11100,Buy,235319209
2024-08-28 10:28:39,19750.0,3000,Buy,235319207
2024-08-28 10:28:39,19800.0,100,Buy,235319212
2024-08-28 10:28:39,19750.0,20000,Buy,235319205
2024-08-28 10:28:39,19750.0,100,Buy,235319204
2024-08-28 10:28:39,19750.0,1000,Buy,235319203
2024-08-28 10:28:39,19750.0,500,Buy,235319202
2024-08-28 10:28:39,19750.0,100,Buy,235319201
2024-08-28 10:28:39,19750.0,10000,Buy,235319206
2024-08-28 10:28:39,19750.0,400,Buy,235319200
2024-08-28 10:28:39,19750.0,2000,Buy,235319199
2024-08-28 10:28:39,19750.0,11100,Buy,235319198
2024-08-28 10:28:39,19750.0,2300,Buy,235319197
2024-08-28 10:28:49,19750.0,1000,Sell,235319359
2024-08-28 10:29:20,19750.0,1000,Sell,235319777
2024-08-28 10:29:20,19750.0,300,Sell,235319776
2024-08-28 10:29:20,19750.0,100,Sell,235319775
2024-08-28 10:29:20,19750.0,100,Sell,235319773
2024-08-28 10:29:20,19750.0,900,Sell,235319772
2024-08-28 10:29:20,19750.0,200,Sell,235319761
2024-08-28 10:29:20,19750.0,5000,Sell,235319774
2024-08-28 10:29:30,19700.0,300,Sell,235319958
2024-08-28 10:29:30,19700.0,100,Sell,235319959
2024-08-28 10:29:30,19700.0,500,Sell,235319960
2024-08-28 10:29:30,19700.0,100,Sell,235319961
2024-08-28 10:29:30,19700.0,5000,Sell,235319962
2024-08-28 10:29:30,19700.0,900,Sell,235319963
2024-08-28 10:29:40,19700.0,1000,Sell,235320094
2024-08-28 10:29:45,19750.0,100,Buy,235320163
2024-08-28 10:29:52,19700.0,100,Sell,235320327
2024-08-28 10:29:52,19700.0,100,Sell,235320331
2024-08-28 10:29:52,19700.0,100000,Sell,235320328
2024-08-28 10:29:52,19700.0,5000,Sell,235320329
2024-08-28 10:29:52,19700.0,1800,Sell,235320330
2024-08-28 10:29:52,19700.0,500,Sell,235320332
2024-08-28 10:29:52,19700.0,200,Sell,235320337
2024-08-28 10:29:52,19700.0,100,Sell,235320334
2024-08-28 10:29:52,19700.0,100,Sell,235320335
2024-08-28 10:29:52,19700.0,100,Sell,235320336
2024-08-28 10:29:52,19700.0,2000,Sell,235320326
2024-08-28 10:29:52,19700.0,1000,Sell,235320338
2024-08-28 10:29:52,19700.0,500,Sell,235320339
2024-08-28 10:29:52,19700.0,10000,Sell,235320333
2024-08-28 10:29:52,19700.0,100,Sell,235320325
2024-08-28 10:29:52,19700.0,200,Sell,235320321
2024-08-28 10:29:52,19700.0,5000,Sell,235320323
2024-08-28 10:29:52,19700.0,8100,Sell,235320309
2024-08-28 10:29:52,19700.0,200,Sell,235320310
2024-08-28 10:29:52,19700.0,2000,Sell,235320311
2024-08-28 10:29:52,19700.0,1000,Sell,235320312
2024-08-28 10:29:52,19700.0,100,Sell,235320324
2024-08-28 10:29:52,19700.0,5000,Sell,235320315
2024-08-28 10:29:52,19700.0,100,Sell,235320314
2024-08-28 10:29:52,19700.0,100,Sell,235320317
2024-08-28 10:29:52,19700.0,5000,Sell,235320318
2024-08-28 10:29:52,19700.0,1500,Sell,235320319
2024-08-28 10:29:52,19700.0,2100,Sell,235320320
2024-08-28 10:29:52,19700.0,1000,Sell,235320322
2024-08-28 10:29:52,19700.0,5000,Sell,235320316
2024-08-28 10:29:52,19700.0,200,Sell,235320313
2024-08-28 10:29:58,19700.0,1000,Buy,235320434
2024-08-28 10:30:00,19700.0,200,Buy,235320473
2024-08-28 10:30:05,19650.0,500,Sell,235320574
2024-08-28 10:30:13,19700.0,500,Buy,235320673
2024-08-28 10:30:19,19700.0,500,Buy,235320779
2024-08-28 10:30:26,19650.0,700,Sell,235320871
2024-08-28 10:30:26,19650.0,300,Sell,235320872
2024-08-28 10:30:30,19700.0,12000,Buy,235320940
2024-08-28 10:30:37,19700.0,1000,Buy,235321056
2024-08-28 10:30:43,19700.0,10000,Buy,235321112
2024-08-28 10:30:47,19700.0,10000,Buy,235321139
2024-08-28 10:30:47,19700.0,5000,Buy,235321145
2024-08-28 10:30:49,19700.0,1200,Buy,235321161
2024-08-28 10:30:49,19700.0,400,Buy,235321164
2024-08-28 10:30:49,19700.0,4600,Buy,235321165
2024-08-28 10:30:50,19700.0,500,Buy,235321169
2024-08-28 10:30:53,19700.0,1100,Buy,235321203
2024-08-28 10:30:53,19700.0,4400,Buy,235321202
2024-08-28 10:30:53,19700.0,500,Buy,235321201
2024-08-28 10:31:16,19700.0,400,Sell,235321598
2024-08-28 10:31:44,19750.0,900,Buy,235322023
2024-08-28 10:31:51,19750.0,100,Buy,235322123
2024-08-28 10:32:01,19700.0,200,Sell,235322259
2024-08-28 10:32:16,19750.0,200,Buy,235322435
2024-08-28 10:32:18,19750.0,300,Buy,235322475
2024-08-28 10:32:33,19700.0,2400,Sell,235322729
2024-08-28 10:32:33,19700.0,5000,Sell,235322730
2024-08-28 10:32:33,19700.0,500,Sell,235322731
2024-08-28 10:32:33,19700.0,10000,Sell,235322732
2024-08-28 10:32:33,19700.0,100,Sell,235322735
2024-08-28 10:32:33,19700.0,500,Sell,235322737
2024-08-28 10:32:33,19700.0,10000,Sell,235322728
2024-08-28 10:32:33,19700.0,100,Sell,235322738
2024-08-28 10:32:33,19700.0,11000,Sell,235322739
2024-08-28 10:32:33,19700.0,200,Sell,235322740
2024-08-28 10:32:33,19700.0,5000,Sell,235322741
2024-08-28 10:32:33,19700.0,500,Sell,235322736
2024-08-28 10:32:33,19700.0,2000,Sell,235322727
2024-08-28 10:32:33,19700.0,100,Sell,235322734
2024-08-28 10:32:33,19700.0,5000,Sell,235322724
2024-08-28 10:32:33,19700.0,5000,Sell,235322726
2024-08-28 10:32:33,19700.0,3400,Sell,235322712
2024-08-28 10:32:33,19700.0,200,Sell,235322713
2024-08-28 10:32:33,19700.0,300,Sell,235322714
2024-08-28 10:32:33,19700.0,6000,Sell,235322715
2024-08-28 10:32:33,19700.0,700,Sell,235322716
2024-08-28 10:32:33,19700.0,800,Sell,235322717
2024-08-28 10:32:33,19700.0,6000,Sell,235322733
2024-08-28 10:32:33,19700.0,500,Sell,235322719
2024-08-28 10:32:33,19700.0,1000,Sell,235322718
2024-08-28 10:32:33,19700.0,10000,Sell,235322720
2024-08-28 10:32:33,19700.0,1000,Sell,235322721
2024-08-28 10:32:33,19700.0,600,Sell,235322722
2024-08-28 10:32:33,19700.0,200,Sell,235322723
2024-08-28 10:32:36,19700.0,200,Buy,235322768
2024-08-28 10:32:36,19700.0,100,Buy,235322769
2024-08-28 10:32:43,19700.0,200,Buy,235322856
2024-08-28 10:32:52,19700.0,500,Buy,235323023
2024-08-28 10:33:03,19700.0,1500,Buy,235323128
2024-08-28 10:33:06,19700.0,100,Buy,235323157
2024-08-28 10:33:06,19700.0,5000,Buy,235323164
2024-08-28 10:33:11,19700.0,100,Buy,235323214
2024-08-28 10:33:14,19700.0,100,Buy,235323253
2024-08-28 10:33:15,19700.0,4100,Buy,235323285
2024-08-28 10:33:15,19700.0,5900,Buy,235323286
2024-08-28 10:33:16,19700.0,200,Buy,235323289
2024-08-28 10:33:19,19700.0,400,Buy,235323334
2024-08-28 10:33:26,19700.0,1000,Buy,235323423
2024-08-28 10:33:27,19700.0,1400,Buy,235323439
2024-08-28 10:33:27,19700.0,3600,Buy,235323440
2024-08-28 10:33:30,19700.0,200,Buy,235323488
2024-08-28 10:33:32,19700.0,2000,Buy,235323512
2024-08-28 10:33:33,19700.0,100,Buy,235323565
2024-08-28 10:33:38,19700.0,1500,Buy,235323636
2024-08-28 10:33:39,19700.0,300,Buy,235323648
2024-08-28 10:33:41,19700.0,100,Buy,235323673
2024-08-28 10:33:43,19700.0,200,Buy,235323704
2024-08-28 10:33:43,19700.0,1000,Buy,235323705
2024-08-28 10:33:43,19700.0,500,Buy,235323703
2024-08-28 10:33:43,19700.0,3300,Buy,235323702
2024-08-28 10:33:59,19700.0,2000,Sell,235323898
2024-08-28 10:33:59,19700.0,3000,Sell,235323899
2024-08-28 10:33:59,19700.0,4600,Sell,235323901
2024-08-28 10:34:09,19700.0,2400,Sell,235324061
2024-08-28 10:34:09,19700.0,5000,Sell,235324062
2024-08-28 10:34:09,19700.0,2600,Sell,235324063
2024-08-28 10:34:12,19700.0,2500,Sell,235324112
2024-08-28 10:34:14,19700.0,10000,Sell,235324138
2024-08-28 10:34:19,19700.0,2000,Sell,235324239
2024-08-28 10:34:19,19700.0,1500,Sell,235324240
2024-08-28 10:34:19,19700.0,3500,Sell,235324243
2024-08-28 10:34:19,19700.0,500,Sell,235324244
2024-08-28 10:34:19,19700.0,4900,Sell,235324238
2024-08-28 10:34:31,19700.0,100,Buy,235324406
2024-08-28 10:34:38,19700.0,4400,Buy,235324505
2024-08-28 10:34:38,19700.0,2500,Buy,235324503
2024-08-28 10:34:38,19700.0,3200,Buy,235324504
2024-08-28 10:35:01,19650.0,600,Sell,235324901
2024-08-28 10:35:04,19700.0,100,Buy,235324934
2024-08-28 10:35:06,19700.0,1000,Buy,235324957
2024-08-28 10:35:07,19700.0,200,Buy,235324965
2024-08-28 10:35:21,19700.0,3100,Buy,235325260
2024-08-28 10:35:27,19700.0,2000,Buy,235325411
2024-08-28 10:35:30,19700.0,200,Buy,235325443
2024-08-28 10:35:35,19700.0,200,Buy,235325585
2024-08-28 10:35:36,19700.0,600,Buy,235325614
2024-08-28 10:35:40,19700.0,100,Buy,235325672
2024-08-28 10:35:41,19700.0,1000,Buy,235325684
2024-08-28 10:35:49,19700.0,200,Buy,235325866
2024-08-28 10:35:52,19700.0,5000,Buy,235325891
2024-08-28 10:35:57,19700.0,2000,Buy,235325980
2024-08-28 10:36:00,19700.0,100,Buy,235326036
2024-08-28 10:36:01,19700.0,300,Buy,235326054
2024-08-28 10:36:14,19700.0,19500,Buy,235326248
2024-08-28 10:36:14,19700.0,10000,Buy,235326249
2024-08-28 10:36:14,19700.0,100,Buy,235326250
2024-08-28 10:36:14,19700.0,6000,Buy,235326251
2024-08-28 10:36:14,19700.0,1100,Buy,235326252
2024-08-28 10:36:14,19700.0,500,Buy,235326253
2024-08-28 10:36:14,19700.0,900,Buy,235326254
2024-08-28 10:36:14,19700.0,200,Buy,235326255
2024-08-28 10:36:14,19700.0,500,Buy,235326256
2024-08-28 10:36:14,19700.0,1100,Buy,235326257
2024-08-28 10:36:31,19700.0,500,Sell,235326577
2024-08-28 10:36:37,19700.0,1000,Sell,235327051
2024-08-28 10:36:45,19700.0,1000,Sell,235327212
2024-08-28 10:36:50,19700.0,100,Sell,235327315
2024-08-28 10:36:58,19700.0,1000,Sell,235327453
2024-08-28 10:37:02,19700.0,5000,Sell,235327657
2024-08-28 10:37:07,19700.0,1000,Sell,235327732
2024-08-28 10:37:09,19750.0,200,Buy,235327761
2024-08-28 10:37:21,19700.0,200,Sell,235327973
2024-08-28 10:37:22,19700.0,1000,Sell,235327989
2024-08-28 10:37:37,19700.0,1000,Sell,235328214
2024-08-28 10:37:47,19700.0,1000,Sell,235328372
2024-08-28 10:37:49,19750.0,10600,Buy,235328401
2024-08-28 10:37:49,19750.0,2000,Buy,235328402
2024-08-28 10:37:49,19750.0,700,Buy,235328403
2024-08-28 10:37:49,19750.0,500,Buy,235328404
2024-08-28 10:37:49,19750.0,2600,Buy,235328405
2024-08-28 10:37:57,19750.0,500,Buy,235328534
2024-08-28 10:38:00,19700.0,1000,Sell,235328565
2024-08-28 10:38:03,19750.0,200,Buy,235328643
2024-08-28 10:38:04,19750.0,500,Buy,235328661
2024-08-28 10:38:05,19750.0,1000,Buy,235328731
2024-08-28 10:38:07,19750.0,900,Buy,235328798
2024-08-28 10:38:08,19750.0,1000,Buy,235328815
2024-08-28 10:38:12,19750.0,3300,Buy,235328960
2024-08-28 10:38:12,19750.0,1700,Buy,235328961
2024-08-28 10:38:21,19750.0,1000,Buy,235329104
2024-08-28 10:38:22,19750.0,300,Buy,235329149
2024-08-28 10:38:26,19750.0,500,Buy,235329227
2024-08-28 10:38:39,19750.0,500,Buy,235329402
2024-08-28 10:38:40,19750.0,1600,Buy,235329410
2024-08-28 10:38:40,19750.0,3400,Buy,235329411
2024-08-28 10:38:42,19750.0,300,Buy,235329427
2024-08-28 10:38:44,19750.0,700,Buy,235329464
2024-08-28 10:38:44,19750.0,300,Buy,235329465
2024-08-28 10:38:56,19750.0,100,Buy,235329626
2024-08-28 10:39:06,19750.0,500,Buy,235329785
2024-08-28 10:39:07,19750.0,200,Buy,235329812
2024-08-28 10:39:07,19750.0,300,Buy,235329813
2024-08-28 10:39:08,19750.0,1200,Buy,235329816
2024-08-28 10:39:08,19750.0,800,Buy,235329817
2024-08-28 10:39:13,19700.0,1000,Sell,235329900
2024-08-28 10:39:15,19750.0,800,Buy,235329933
2024-08-28 10:39:15,19750.0,1200,Buy,235329932
2024-08-28 10:39:17,19750.0,200,Buy,235329961
2024-08-28 10:39:17,19750.0,100,Buy,235329962
2024-08-28 10:39:17,19750.0,1700,Buy,235329963
2024-08-28 10:39:22,19750.0,100,Buy,235330036
2024-08-28 10:39:26,19750.0,100,Buy,235330109
2024-08-28 10:39:26,19750.0,100,Buy,235330135
2024-08-28 10:39:36,19750.0,200,Buy,235330416
2024-08-28 10:39:56,19750.0,4800,Buy,235330712
2024-08-28 10:40:01,19700.0,500,Sell,235330804
2024-08-28 10:40:25,19700.0,2000,Sell,235331153
2024-08-28 10:40:52,19700.0,100,Sell,235331676
2024-08-28 10:41:08,19750.0,2000,Buy,235331917
2024-08-28 10:41:18,19700.0,500,Sell,235332108
2024-08-28 10:41:23,19750.0,1900,Buy,235332199
2024-08-28 10:41:23,19750.0,100,Buy,235332198
2024-08-28 10:41:23,19750.0,1000,Buy,235332197
2024-08-28 10:41:31,19750.0,8100,Buy,235332330
2024-08-28 10:41:31,19750.0,1900,Buy,235332331
2024-08-28 10:41:34,19750.0,500,Buy,235332385
2024-08-28 10:41:38,19750.0,7600,Buy,235332481
2024-08-28 10:41:38,19750.0,300,Buy,235332482
2024-08-28 10:41:38,19750.0,1500,Buy,235332483
2024-08-28 10:41:38,19750.0,100,Buy,235332484
2024-08-28 10:42:11,19750.0,500,Sell,235332893
2024-08-28 10:42:13,19750.0,600,Sell,235332907
2024-08-28 10:42:47,19850.0,6000,Buy,235333383
2024-08-28 10:42:47,19850.0,1700,Buy,235333382
2024-08-28 10:42:47,19800.0,500,Buy,235333381
2024-08-28 10:42:47,19800.0,100,Buy,235333376
2024-08-28 10:42:47,19800.0,100,Buy,235333378
2024-08-28 10:42:47,19800.0,300,Buy,235333377
2024-08-28 10:42:47,19850.0,20000,Buy,235333384
2024-08-28 10:42:47,19800.0,800,Buy,235333379
2024-08-28 10:42:47,19850.0,1000,Buy,235333385
2024-08-28 10:42:47,19850.0,1000,Buy,235333390
2024-08-28 10:42:47,19850.0,300,Buy,235333387
2024-08-28 10:42:47,19850.0,100,Buy,235333388
2024-08-28 10:42:47,19850.0,1000,Buy,235333389
2024-08-28 10:42:47,19800.0,100,Buy,235333375
2024-08-28 10:42:47,19850.0,200,Buy,235333391
2024-08-28 10:42:47,19850.0,500,Buy,235333392
2024-08-28 10:42:47,19850.0,100,Buy,235333393
2024-08-28 10:42:47,19850.0,600,Buy,235333394
2024-08-28 10:42:47,19850.0,600,Buy,235333386
2024-08-28 10:42:47,19800.0,500,Buy,235333374
2024-08-28 10:42:47,19800.0,100,Buy,235333380
2024-08-28 10:42:47,19800.0,1000,Buy,235333372
2024-08-28 10:42:47,19800.0,1600,Buy,235333354
2024-08-28 10:42:47,19800.0,500,Buy,235333356
2024-08-28 10:42:47,19800.0,500,Buy,235333357
2024-08-28 10:42:47,19800.0,1000,Buy,235333358
2024-08-28 10:42:47,19800.0,2000,Buy,235333359
2024-08-28 10:42:47,19800.0,500,Buy,235333360
2024-08-28 10:42:47,19800.0,20000,Buy,235333361
2024-08-28 10:42:47,19800.0,1000,Buy,235333362
2024-08-28 10:42:47,19800.0,500,Buy,235333363
2024-08-28 10:42:47,19800.0,1600,Buy,235333355
2024-08-28 10:42:47,19800.0,3000,Buy,235333365
2024-08-28 10:42:47,19800.0,500,Buy,235333364
2024-08-28 10:42:47,19800.0,500,Buy,235333371
2024-08-28 10:42:47,19800.0,20000,Buy,235333370
2024-08-28 10:42:47,19800.0,100,Buy,235333369
2024-08-28 10:42:47,19800.0,5300,Buy,235333373
2024-08-28 10:42:47,19800.0,3600,Buy,235333353
2024-08-28 10:42:47,19800.0,500,Buy,235333368
2024-08-28 10:42:47,19800.0,500,Buy,235333367
2024-08-28 10:42:47,19800.0,200,Buy,235333366
2024-08-28 10:43:07,19800.0,500,Sell,235333724
2024-08-28 10:43:31,19850.0,1500,Buy,235334164
2024-08-28 10:43:31,19850.0,100,Buy,235334165
2024-08-28 10:43:31,19850.0,400,Buy,235334162
2024-08-28 10:43:31,19850.0,3900,Buy,235334163
2024-08-28 10:43:39,19850.0,400,Buy,235334273
2024-08-28 10:43:39,19850.0,600,Buy,235334274
2024-08-28 10:43:44,19850.0,200,Buy,235334372
2024-08-28 10:44:08,19850.0,100,Buy,235334720
2024-08-28 10:44:28,19800.0,300,Sell,235335003
2024-08-28 10:44:51,19800.0,4900,Sell,235335283
2024-08-28 10:44:51,19800.0,200,Sell,235335273
2024-08-28 10:44:51,19800.0,300,Sell,235335274
2024-08-28 10:44:51,19800.0,200,Sell,235335275
2024-08-28 10:44:51,19800.0,500,Sell,235335276
2024-08-28 10:44:51,19800.0,2000,Sell,235335277
2024-08-28 10:44:51,19800.0,100,Sell,235335282
2024-08-28 10:44:58,19750.0,500,Sell,235335336
2024-08-28 10:45:35,19750.0,1000,Sell,235335702
2024-08-28 10:45:44,19750.0,500,Sell,235335836
2024-08-28 10:46:00,19700.0,200,Sell,235336050
2024-08-28 10:46:00,19700.0,2000,Sell,235336051
2024-08-28 10:46:00,19700.0,218600,Sell,235336052
2024-08-28 10:46:00,19700.0,100,Sell,235336053
2024-08-28 10:46:00,19700.0,100,Sell,235336054
2024-08-28 10:46:00,19700.0,300,Sell,235336055
2024-08-28 10:46:00,19700.0,200,Sell,235336064
2024-08-28 10:46:00,19700.0,1000,Sell,235336057
2024-08-28 10:46:00,19700.0,1000,Sell,235336058
2024-08-28 10:46:00,19700.0,1000,Sell,235336059
2024-08-28 10:46:00,19700.0,2000,Sell,235336060
2024-08-28 10:46:00,19700.0,200,Sell,235336061
2024-08-28 10:46:00,19700.0,12000,Sell,235336062
2024-08-28 10:46:00,19700.0,100,Sell,235336048
2024-08-28 10:46:00,19700.0,2000,Sell,235336049
2024-08-28 10:46:00,19700.0,500,Sell,235336056
2024-08-28 10:46:00,19700.0,50000,Sell,235336065
2024-08-28 10:46:00,19700.0,500,Sell,235336067
2024-08-28 10:46:00,19700.0,100000,Sell,235336081
2024-08-28 10:46:00,19700.0,43300,Sell,235336080
2024-08-28 10:46:00,19700.0,500,Sell,235336079
2024-08-28 10:46:00,19700.0,200,Sell,235336078
2024-08-28 10:46:00,19700.0,200,Sell,235336077
2024-08-28 10:46:00,19700.0,1000,Sell,235336076
2024-08-28 10:46:00,19700.0,2000,Sell,235336066
2024-08-28 10:46:00,19700.0,2000,Sell,235336075
2024-08-28 10:46:00,19700.0,100,Sell,235336073
2024-08-28 10:46:00,19700.0,1000,Sell,235336072
2024-08-28 10:46:00,19700.0,10000,Sell,235336071
2024-08-28 10:46:00,19700.0,100,Sell,235336070
2024-08-28 10:46:00,19700.0,1000,Sell,235336069
2024-08-28 10:46:00,19700.0,2000,Sell,235336068
2024-08-28 10:46:00,19700.0,100,Sell,235336074
2024-08-28 10:46:00,19700.0,300,Sell,235336047
2024-08-28 10:46:00,19700.0,2000,Sell,235336063
2024-08-28 10:46:00,19700.0,1000,Sell,235336045
2024-08-28 10:46:00,19750.0,100,Sell,235336024
2024-08-28 10:46:00,19750.0,300,Sell,235336023
2024-08-28 10:46:00,19750.0,4000,Sell,235336022
2024-08-28 10:46:00,19750.0,2000,Sell,235336021
2024-08-28 10:46:00,19750.0,100,Sell,235336020
2024-08-28 10:46:00,19750.0,200,Sell,235336019
2024-08-28 10:46:00,19750.0,1000,Sell,235336018
2024-08-28 10:46:00,19750.0,1000,Sell,235336017
2024-08-28 10:46:00,19750.0,10000,Sell,235336016
2024-08-28 10:46:00,19750.0,2000,Sell,235336015
2024-08-28 10:46:00,19750.0,1000,Sell,235336014
2024-08-28 10:46:00,19750.0,10000,Sell,235336013
2024-08-28 10:46:00,19750.0,2000,Sell,235336012
2024-08-28 10:46:00,19750.0,700,Sell,235336011
2024-08-28 10:46:00,19750.0,7400,Sell,235336010
2024-08-28 10:46:00,19750.0,1000,Sell,235336025
