time,price,volume,match_type,id
2024-08-27 09:14:39,19850.0,40900,ATO/ATC,234885362
2024-08-27 09:15:06,19800.0,100,Sell,234885881
2024-08-27 09:15:06,19800.0,100,Sell,234885880
2024-08-27 09:15:06,19800.0,100,Sell,234885879
2024-08-27 09:15:06,19800.0,100,Sell,234885873
2024-08-27 09:15:06,19800.0,400,Sell,234885877
2024-08-27 09:15:06,19800.0,200,Sell,234885874
2024-08-27 09:15:06,19800.0,100,Sell,234885878
2024-08-27 09:15:06,19800.0,500,Sell,234885875
2024-08-27 09:15:29,19750.0,200,Sell,234886209
2024-08-27 09:15:31,19800.0,5000,Buy,234886275
2024-08-27 09:16:21,19800.0,1300,Buy,234887157
2024-08-27 09:16:21,19800.0,3400,Buy,234887155
2024-08-27 09:16:21,19800.0,300,Buy,234887156
2024-08-27 09:16:22,19800.0,1200,Buy,234887188
2024-08-27 09:16:22,19800.0,1300,Buy,234887189
2024-08-27 09:16:38,19800.0,100,Buy,234887561
2024-08-27 09:16:48,19800.0,1000,Buy,234887783
2024-08-27 09:16:49,19750.0,300,Sell,234887807
2024-08-27 09:16:50,19800.0,1300,Buy,234887821
2024-08-27 09:16:50,19800.0,3700,Buy,234887820
2024-08-27 09:17:21,19800.0,100,Buy,234888441
2024-08-27 09:17:31,19800.0,100,Buy,234888631
2024-08-27 09:18:01,19800.0,1500,Buy,234889311
2024-08-27 09:18:01,19800.0,400,Buy,234889312
2024-08-27 09:18:01,19800.0,2500,Buy,234889313
2024-08-27 09:18:01,19800.0,400,Buy,234889314
2024-08-27 09:18:11,19800.0,200,Buy,234889549
2024-08-27 09:18:11,19800.0,100,Buy,234889566
2024-08-27 09:18:21,19800.0,2400,Buy,234889802
2024-08-27 09:18:21,19800.0,2300,Buy,234889800
2024-08-27 09:18:21,19800.0,100,Buy,234889801
2024-08-27 09:18:22,19800.0,300,Buy,234889840
2024-08-27 09:18:22,19800.0,500,Buy,234889841
2024-08-27 09:18:22,19800.0,1000,Buy,234889842
2024-08-27 09:18:22,19800.0,300,Buy,234889839
2024-08-27 09:18:33,19800.0,1000,Sell,234890038
2024-08-27 09:18:33,19800.0,1900,Sell,234890046
2024-08-27 09:18:36,19800.0,100,Buy,234890146
2024-08-27 09:18:42,19800.0,900,Buy,234890263
2024-08-27 09:18:53,19800.0,1000,Buy,234890462
2024-08-27 09:18:55,19800.0,4800,Buy,234890504
2024-08-27 09:19:00,19800.0,1000,Buy,234890605
2024-08-27 09:19:04,19800.0,1800,Buy,234890671
2024-08-27 09:19:04,19800.0,500,Buy,234890670
2024-08-27 09:19:04,19800.0,300,Buy,234890668
2024-08-27 09:19:04,19800.0,2000,Buy,234890669
2024-08-27 09:19:07,19800.0,200,Sell,234890727
2024-08-27 09:19:54,19850.0,20000,Buy,234891827
2024-08-27 09:19:59,19850.0,200,Buy,234891950
2024-08-27 09:20:00,19850.0,3000,Buy,234891967
2024-08-27 09:20:01,19850.0,8000,Buy,234891996
2024-08-27 09:20:03,19800.0,16900,Sell,234892069
2024-08-27 09:20:05,19800.0,2000,Sell,234892088
2024-08-27 09:20:11,19850.0,4000,Buy,234892199
2024-08-27 09:20:12,19800.0,1300,Sell,234892232
2024-08-27 09:20:12,19800.0,700,Sell,234892233
2024-08-27 09:20:13,19850.0,900,Buy,234892252
2024-08-27 09:20:13,19850.0,500,Buy,234892249
2024-08-27 09:20:13,19850.0,700,Buy,234892245
2024-08-27 09:20:13,19850.0,1900,Buy,234892244
2024-08-27 09:20:13,19850.0,400,Buy,234892246
2024-08-27 09:20:16,19850.0,300,Buy,234892338
2024-08-27 09:20:23,19850.0,11200,Buy,234892489
2024-08-27 09:20:23,19850.0,200,Buy,234892492
2024-08-27 09:20:23,19850.0,100,Buy,234892493
2024-08-27 09:20:23,19850.0,200,Buy,234892494
2024-08-27 09:20:23,19850.0,1000,Buy,234892495
2024-08-27 09:20:23,19850.0,2000,Buy,234892496
2024-08-27 09:20:23,19850.0,5300,Buy,234892497
2024-08-27 09:20:27,19850.0,300,Buy,234892606
2024-08-27 09:20:27,19850.0,100,Buy,234892607
2024-08-27 09:20:33,19850.0,1600,Sell,234892726
2024-08-27 09:20:36,19850.0,21000,Sell,234892801
2024-08-27 09:20:49,19850.0,100,Buy,234893017
2024-08-27 09:20:50,19850.0,1000,Buy,234893033
2024-08-27 09:20:53,19850.0,300,Buy,234893098
2024-08-27 09:21:15,19850.0,1100,Buy,234893657
2024-08-27 09:21:16,19850.0,100,Buy,234893663
2024-08-27 09:21:16,19850.0,400,Buy,234893664
2024-08-27 09:21:16,19850.0,3400,Buy,234893662
2024-08-27 09:21:34,19850.0,100,Sell,234894103
2024-08-27 09:21:34,19850.0,200,Sell,234894104
2024-08-27 09:21:34,19850.0,100,Sell,234894105
2024-08-27 09:21:34,19850.0,3000,Sell,234894106
2024-08-27 09:21:34,19850.0,500,Sell,234894107
2024-08-27 09:21:39,19850.0,2000,Buy,234894202
2024-08-27 09:21:59,19850.0,1100,Buy,234894767
2024-08-27 09:21:59,19850.0,100,Buy,234894768
2024-08-27 09:21:59,19850.0,1200,Buy,234894769
2024-08-27 09:22:29,19850.0,800,Sell,234895531
2024-08-27 09:22:39,19850.0,2000,Sell,234895784
2024-08-27 09:22:45,19850.0,3000,Sell,234895896
2024-08-27 09:22:47,19850.0,1800,Sell,234895929
2024-08-27 09:22:47,19850.0,200,Sell,234895930
2024-08-27 09:22:56,19850.0,400,Sell,234896109
2024-08-27 09:22:56,19850.0,100,Sell,234896110
2024-08-27 09:22:56,19850.0,1400,Sell,234896111
2024-08-27 09:22:56,19850.0,1000,Sell,234896112
2024-08-27 09:22:56,19850.0,100,Sell,234896113
2024-08-27 09:22:56,19850.0,1000,Sell,234896114
2024-08-27 09:22:56,19850.0,100,Sell,234896115
2024-08-27 09:22:56,19850.0,10000,Sell,234896116
2024-08-27 09:23:02,19850.0,1000,Buy,234896225
2024-08-27 09:23:03,19850.0,34900,Buy,234896243
2024-08-27 09:23:08,19850.0,2000,Sell,234896404
2024-08-27 09:23:15,19850.0,100,Sell,234896636
2024-08-27 09:23:21,19850.0,500,Sell,234896756
2024-08-27 09:23:30,19850.0,20000,Sell,234896987
2024-08-27 09:23:35,19850.0,20000,Sell,234897086
2024-08-27 09:23:38,19900.0,200,Buy,234897225
2024-08-27 09:23:38,19900.0,1000,Buy,234897226
2024-08-27 09:23:38,19900.0,700,Buy,234897227
2024-08-27 09:23:38,19900.0,300,Buy,234897228
2024-08-27 09:23:38,19900.0,10000,Buy,234897229
2024-08-27 09:23:38,19900.0,100,Buy,234897230
2024-08-27 09:23:38,19900.0,100,Buy,234897231
2024-08-27 09:23:38,19900.0,1000,Buy,234897232
2024-08-27 09:23:38,19900.0,200,Buy,234897233
2024-08-27 09:23:40,19900.0,100,Sell,234897266
2024-08-27 09:23:46,19900.0,600,Sell,234897431
2024-08-27 09:24:01,19950.0,2000,Buy,234897802
2024-08-27 09:24:01,19950.0,500,Buy,234897803
2024-08-27 09:24:01,19950.0,100,Buy,234897804
2024-08-27 09:24:04,19900.0,200,Sell,234897861
2024-08-27 09:24:10,19900.0,5500,Sell,234897983
2024-08-27 09:24:10,19900.0,5000,Sell,234897984
2024-08-27 09:24:10,19900.0,1000,Sell,234897985
2024-08-27 09:24:10,19900.0,100,Sell,234897986
2024-08-27 09:24:10,19900.0,100,Sell,234897987
2024-08-27 09:24:10,19900.0,100,Sell,234897988
2024-08-27 09:24:22,19900.0,800,Buy,234898315
2024-08-27 09:24:37,19900.0,1000,Buy,234898577
2024-08-27 09:24:39,19900.0,300,Buy,234898609
2024-08-27 09:24:40,19900.0,200,Buy,234898653
2024-08-27 09:24:40,19900.0,600,Buy,234898629
2024-08-27 09:24:42,19900.0,1000,Buy,234898719
2024-08-27 09:24:45,19900.0,1000,Buy,234898787
2024-08-27 09:24:45,19900.0,500,Buy,234898796
2024-08-27 09:24:50,19900.0,300,Buy,234898927
2024-08-27 09:24:52,19900.0,1000,Buy,234898967
2024-08-27 09:25:05,19900.0,1000,Buy,234899261
2024-08-27 09:25:06,19900.0,300,Buy,234899265
2024-08-27 09:25:13,19900.0,4000,Buy,234899408
2024-08-27 09:25:14,19900.0,100,Buy,234899443
2024-08-27 09:25:23,19900.0,2800,Buy,234899616
2024-08-27 09:25:23,19900.0,1000,Buy,234899617
2024-08-27 09:25:23,19900.0,100,Buy,234899618
2024-08-27 09:25:23,19900.0,1100,Buy,234899619
2024-08-27 09:25:27,19900.0,2000,Buy,234899706
2024-08-27 09:25:30,19900.0,200,Buy,234899800
2024-08-27 09:25:34,19900.0,200,Buy,234899860
2024-08-27 09:25:37,19900.0,100,Buy,234899916
2024-08-27 09:25:40,19900.0,1400,Buy,234899969
2024-08-27 09:25:48,19950.0,200,Buy,234900119
2024-08-27 09:25:50,19900.0,600,Sell,234900162
2024-08-27 09:25:51,19950.0,300,Buy,234900176
2024-08-27 09:25:53,19950.0,1600,Buy,234900225
2024-08-27 09:25:53,19950.0,400,Buy,234900226
2024-08-27 09:26:02,19900.0,300,Sell,234900408
2024-08-27 09:26:30,19900.0,900,Sell,234901182
2024-08-27 09:26:47,19900.0,300,Sell,234901514
2024-08-27 09:26:49,19900.0,100,Sell,234901587
2024-08-27 09:26:49,19900.0,1500,Sell,234901586
2024-08-27 09:26:49,19900.0,2000,Sell,234901585
2024-08-27 09:26:49,19900.0,300,Sell,234901584
2024-08-27 09:26:49,19900.0,500,Sell,234901581
2024-08-27 09:26:49,19900.0,500,Sell,234901582
2024-08-27 09:26:49,19900.0,200,Sell,234901583
2024-08-27 09:26:49,19900.0,5000,Sell,234901572
2024-08-27 09:26:49,19900.0,100,Sell,234901580
2024-08-27 09:26:49,19900.0,3500,Sell,234901579
2024-08-27 09:26:52,19900.0,1000,Buy,234901650
2024-08-27 09:27:01,19900.0,1000,Buy,234901821
2024-08-27 09:28:16,19900.0,2000,Buy,234903683
2024-08-27 09:28:23,19900.0,1000,Buy,234903856
2024-08-27 09:28:24,19900.0,1000,Buy,234903861
2024-08-27 09:28:25,19900.0,100,Buy,234903896
2024-08-27 09:28:25,19900.0,4400,Buy,234903895
2024-08-27 09:28:25,19900.0,5600,Buy,234903894
2024-08-27 09:28:25,19900.0,100,Buy,234903893
2024-08-27 09:28:25,19900.0,300,Buy,234903892
2024-08-27 09:28:25,19900.0,1000,Buy,234903889
2024-08-27 09:28:25,19900.0,4400,Buy,234903888
2024-08-27 09:28:25,19900.0,5600,Buy,234903887
2024-08-27 09:28:25,19900.0,5300,Buy,234903886
2024-08-27 09:28:25,19900.0,10000,Buy,234903891
2024-08-27 09:28:25,19900.0,500,Buy,234903890
2024-08-27 09:29:04,19900.0,40000,Sell,234905393
2024-08-27 09:29:12,19900.0,5000,Sell,234905565
2024-08-27 09:29:31,19900.0,500,Sell,234906248
2024-08-27 09:29:32,19900.0,5600,Sell,234906257
2024-08-27 09:29:32,19900.0,4400,Sell,234906266
2024-08-27 09:29:39,19900.0,500,Sell,234906466
2024-08-27 09:29:56,19900.0,2000,Sell,234907059
2024-08-27 09:29:57,19950.0,1000,Buy,234907091
2024-08-27 09:29:57,19950.0,1600,Buy,234907090
2024-08-27 09:29:57,19950.0,4300,Buy,234907105
2024-08-27 09:29:57,19950.0,5600,Buy,234907104
2024-08-27 09:29:57,19950.0,1000,Buy,234907102
2024-08-27 09:29:57,19950.0,20000,Buy,234907101
2024-08-27 09:29:57,19950.0,7000,Buy,234907100
2024-08-27 09:29:57,19950.0,100,Buy,234907099
2024-08-27 09:29:57,19950.0,5000,Buy,234907103
2024-08-27 09:29:57,19950.0,200,Buy,234907097
2024-08-27 09:29:57,19950.0,10000,Buy,234907096
2024-08-27 09:29:57,19950.0,30000,Buy,234907095
2024-08-27 09:29:57,19950.0,200,Buy,234907092
2024-08-27 09:29:57,19950.0,2000,Buy,234907094
2024-08-27 09:29:57,19950.0,11000,Buy,234907093
2024-08-27 09:29:57,19950.0,1000,Buy,234907098
2024-08-27 09:30:02,19950.0,100,Buy,234907256
2024-08-27 09:30:02,19950.0,100,Buy,234907257
2024-08-27 09:30:38,20000.0,500,Buy,234908606
2024-08-27 09:30:38,20000.0,600,Buy,234908604
2024-08-27 09:30:38,20000.0,100,Buy,234908605
2024-08-27 09:30:40,20000.0,9700,Buy,234908746
2024-08-27 09:30:40,20000.0,200,Buy,234908745
2024-08-27 09:30:40,20000.0,300,Buy,234908744
2024-08-27 09:30:40,20000.0,1000,Buy,234908742
2024-08-27 09:30:40,20000.0,100,Buy,234908741
2024-08-27 09:30:40,20000.0,200,Buy,234908743
2024-08-27 09:30:40,20000.0,100,Buy,234908739
2024-08-27 09:30:40,20000.0,5000,Buy,234908738
2024-08-27 09:30:40,20000.0,200,Buy,234908737
2024-08-27 09:30:40,20000.0,400,Buy,234908736
2024-08-27 09:30:40,20000.0,2500,Buy,234908735
2024-08-27 09:30:40,20000.0,300,Buy,234908740
2024-08-27 09:30:42,20000.0,300,Buy,234908818
2024-08-27 09:30:42,20000.0,200,Buy,234908819
2024-08-27 09:30:42,20000.0,500,Buy,234908820
2024-08-27 09:30:42,20000.0,500,Buy,234908821
2024-08-27 09:30:42,20000.0,2000,Buy,234908822
2024-08-27 09:30:42,20000.0,100,Buy,234908823
2024-08-27 09:30:42,20000.0,2000,Buy,234908824
2024-08-27 09:30:42,20000.0,1000,Buy,234908825
2024-08-27 09:30:42,20000.0,100,Buy,234908826
2024-08-27 09:30:42,20000.0,3300,Buy,234908827
2024-08-27 09:30:47,20000.0,100,Buy,234908996
2024-08-27 09:30:49,20000.0,2000,Buy,234909086
2024-08-27 09:30:49,20000.0,1000,Buy,234909085
2024-08-27 09:30:49,20000.0,2000,Buy,234909084
2024-08-27 09:30:49,20000.0,1000,Buy,234909075
2024-08-27 09:30:49,20000.0,1000,Buy,234909083
2024-08-27 09:30:49,20000.0,200,Buy,234909082
2024-08-27 09:30:49,20000.0,1000,Buy,234909081
2024-08-27 09:30:49,20000.0,100,Buy,234909080
2024-08-27 09:30:49,20000.0,100,Buy,234909079
2024-08-27 09:30:49,20000.0,1000,Buy,234909078
2024-08-27 09:30:49,20000.0,200,Buy,234909077
2024-08-27 09:30:49,20000.0,1000,Buy,234909076
2024-08-27 09:30:49,20000.0,28900,Buy,234909087
2024-08-27 09:30:49,20000.0,300,Buy,234909074
2024-08-27 09:30:49,20000.0,300,Buy,234909062
2024-08-27 09:30:49,20000.0,5000,Buy,234909072
2024-08-27 09:30:49,20000.0,1000,Buy,234909073
2024-08-27 09:30:49,20000.0,1600,Buy,234909058
2024-08-27 09:30:49,20000.0,100,Buy,234909059
2024-08-27 09:30:49,20000.0,1000,Buy,234909061
2024-08-27 09:30:49,20000.0,1700,Buy,234909064
2024-08-27 09:30:49,20000.0,200,Buy,234909065
2024-08-27 09:30:49,20000.0,5000,Buy,234909060
2024-08-27 09:30:49,20000.0,900,Buy,234909067
2024-08-27 09:30:49,20000.0,100,Buy,234909068
2024-08-27 09:30:49,20000.0,200,Buy,234909071
2024-08-27 09:30:49,20000.0,1000,Buy,234909069
2024-08-27 09:30:49,20000.0,2000,Buy,234909070
2024-08-27 09:30:49,20000.0,100,Buy,234909066
2024-08-27 09:30:51,20000.0,5000,Buy,234909142
2024-08-27 09:30:51,20000.0,4100,Buy,234909144
2024-08-27 09:30:51,20000.0,300,Buy,234909145
2024-08-27 09:30:54,20000.0,500,Buy,234909249
2024-08-27 09:30:55,20000.0,200,Buy,234909317
2024-08-27 09:30:55,20000.0,300,Buy,234909318
2024-08-27 09:30:57,20000.0,800,Buy,234909373
2024-08-27 09:30:57,20000.0,1000,Buy,234909390
2024-08-27 09:30:57,20000.0,300,Buy,234909395
2024-08-27 09:30:59,20000.0,1000,Buy,234909432
2024-08-27 09:30:59,20000.0,2200,Buy,234909440
2024-08-27 09:30:59,20000.0,2800,Buy,234909441
2024-08-27 09:31:03,20000.0,100,Buy,234909566
2024-08-27 09:31:03,20000.0,200,Buy,234909563
2024-08-27 09:31:03,20000.0,200,Buy,234909562
2024-08-27 09:31:03,20000.0,600,Buy,234909561
2024-08-27 09:31:03,20000.0,1000,Buy,234909560
2024-08-27 09:31:14,20000.0,100,Sell,234909900
2024-08-27 09:31:18,20050.0,1000,Buy,234910026
2024-08-27 09:31:22,20050.0,1000,Buy,234910146
2024-08-27 09:31:23,20050.0,2000,Buy,234910179
2024-08-27 09:31:23,20050.0,4400,Buy,234910180
2024-08-27 09:31:23,20050.0,2000,Buy,234910181
2024-08-27 09:31:23,20050.0,600,Buy,234910182
2024-08-27 09:31:29,20050.0,100,Buy,234910383
2024-08-27 09:31:31,20050.0,5000,Buy,234910490
2024-08-27 09:31:31,20050.0,200,Buy,234910491
2024-08-27 09:31:31,20050.0,2000,Buy,234910492
2024-08-27 09:31:31,20050.0,5000,Buy,234910496
2024-08-27 09:31:31,20050.0,10000,Buy,234910494
2024-08-27 09:31:31,20050.0,2000,Buy,234910495
2024-08-27 09:31:31,20050.0,5000,Buy,234910489
2024-08-27 09:31:31,20050.0,100,Buy,234910493
2024-08-27 09:31:31,20050.0,100,Buy,234910488
2024-08-27 09:31:31,20050.0,10000,Buy,234910486
2024-08-27 09:31:31,20050.0,100,Buy,234910478
2024-08-27 09:31:31,20050.0,1300,Buy,234910477
2024-08-27 09:31:31,20050.0,100,Buy,234910479
2024-08-27 09:31:31,20050.0,100,Buy,234910480
2024-08-27 09:31:31,20050.0,1000,Buy,234910481
2024-08-27 09:31:31,20050.0,1000,Buy,234910487
2024-08-27 09:31:31,20050.0,1000,Buy,234910483
2024-08-27 09:31:31,20050.0,800,Buy,234910484
2024-08-27 09:31:31,20050.0,100,Buy,234910485
2024-08-27 09:31:31,20050.0,200,Buy,234910482
2024-08-27 09:31:33,20050.0,200,Sell,234910573
2024-08-27 09:31:35,20050.0,40000,Sell,234910601
2024-08-27 09:31:37,20100.0,200,Buy,234910668
2024-08-27 09:31:37,20100.0,800,Buy,234910669
2024-08-27 09:31:38,20100.0,500,Buy,234910737
2024-08-27 09:31:38,20100.0,100,Buy,234910740
2024-08-27 09:31:38,20100.0,100,Buy,234910739
2024-08-27 09:31:38,20100.0,100,Buy,234910738
2024-08-27 09:31:38,20100.0,1000,Buy,234910731
2024-08-27 09:31:38,20100.0,600,Buy,234910735
2024-08-27 09:31:38,20100.0,3000,Buy,234910734
2024-08-27 09:31:38,20100.0,100,Buy,234910733
2024-08-27 09:31:38,20100.0,500,Buy,234910732
2024-08-27 09:31:38,20100.0,100,Buy,234910741
2024-08-27 09:31:38,20100.0,200,Buy,234910736
2024-08-27 09:31:38,20100.0,2000,Buy,234910742
2024-08-27 09:31:38,20100.0,2800,Buy,234910749
2024-08-27 09:31:38,20100.0,500,Buy,234910744
2024-08-27 09:31:38,20100.0,100,Buy,234910745
2024-08-27 09:31:38,20100.0,1000,Buy,234910746
2024-08-27 09:31:38,20100.0,100,Buy,234910747
2024-08-27 09:31:38,20100.0,5000,Buy,234910748
2024-08-27 09:31:38,20100.0,1000,Buy,234910756
2024-08-27 09:31:38,20100.0,200,Buy,234910751
2024-08-27 09:31:38,20100.0,100,Buy,234910752
2024-08-27 09:31:38,20100.0,500,Buy,234910753
2024-08-27 09:31:38,20100.0,100,Buy,234910755
2024-08-27 09:31:38,20100.0,1000,Buy,234910743
2024-08-27 09:31:38,20100.0,200,Buy,234910730
2024-08-27 09:31:38,20100.0,1500,Buy,234910754
2024-08-27 09:31:38,20100.0,200,Buy,234910728
2024-08-27 09:31:38,20100.0,5000,Buy,234910729
2024-08-27 09:31:38,20100.0,1200,Buy,234910704
2024-08-27 09:31:38,20100.0,800,Buy,234910705
2024-08-27 09:31:38,20100.0,200,Buy,234910706
2024-08-27 09:31:38,20100.0,200,Buy,234910707
2024-08-27 09:31:38,20100.0,5000,Buy,234910708
2024-08-27 09:31:38,20100.0,400,Buy,234910709
2024-08-27 09:31:38,20100.0,200,Buy,234910710
2024-08-27 09:31:38,20100.0,1000,Buy,234910711
2024-08-27 09:31:38,20100.0,400,Buy,234910712
2024-08-27 09:31:38,20100.0,300,Buy,234910713
2024-08-27 09:31:38,20100.0,2000,Buy,234910714
2024-08-27 09:31:38,20100.0,2200,Buy,234910750
2024-08-27 09:31:38,20100.0,200,Buy,234910716
2024-08-27 09:31:38,20100.0,1000,Buy,234910715
2024-08-27 09:31:38,20100.0,100,Buy,234910726
2024-08-27 09:31:38,20100.0,100,Buy,234910725
2024-08-27 09:31:38,20100.0,100,Buy,234910724
2024-08-27 09:31:38,20100.0,10000,Buy,234910723
2024-08-27 09:31:38,20100.0,200,Buy,234910727
2024-08-27 09:31:38,20100.0,100,Buy,234910721
2024-08-27 09:31:38,20100.0,500,Buy,234910720
2024-08-27 09:31:38,20100.0,10000,Buy,234910719
2024-08-27 09:31:38,20100.0,700,Buy,234910718
2024-08-27 09:31:38,20100.0,100,Buy,234910717
2024-08-27 09:31:38,20100.0,300,Buy,234910722
2024-08-27 09:31:40,20100.0,5000,Sell,234910891
2024-08-27 09:31:41,20100.0,1100,Sell,234910899
2024-08-27 09:31:48,20100.0,100,Sell,234911145
2024-08-27 09:31:48,20100.0,1000,Sell,234911144
2024-08-27 09:31:48,20100.0,10000,Sell,234911141
2024-08-27 09:31:48,20100.0,5000,Sell,234911142
2024-08-27 09:31:48,20100.0,29000,Sell,234911140
2024-08-27 09:31:48,20100.0,100,Sell,234911143
2024-08-27 09:31:57,20100.0,100,Buy,234911385
2024-08-27 09:31:59,20100.0,1500,Buy,234911448
2024-08-27 09:32:00,20100.0,2600,Buy,234911475
2024-08-27 09:32:00,20100.0,5000,Buy,234911474
2024-08-27 09:32:00,20100.0,500,Buy,234911484
2024-08-27 09:32:00,20100.0,9900,Buy,234911472
2024-08-27 09:32:00,20100.0,900,Buy,234911469
2024-08-27 09:32:00,20100.0,200,Buy,234911473
2024-08-27 09:32:00,20100.0,2300,Buy,234911471
2024-08-27 09:32:07,20100.0,2000,Buy,234911684
2024-08-27 09:32:14,20100.0,1500,Buy,234912005
2024-08-27 09:32:24,20050.0,10000,Sell,234912222
2024-08-27 09:32:24,20050.0,1900,Sell,234912223
2024-08-27 09:32:24,20050.0,5000,Sell,234912224
2024-08-27 09:32:24,20050.0,500,Sell,234912225
2024-08-27 09:32:26,20100.0,100,Buy,234912304
2024-08-27 09:32:26,20100.0,2000,Buy,234912303
2024-08-27 09:32:26,20100.0,500,Buy,234912302
2024-08-27 09:32:26,20100.0,5000,Buy,234912300
2024-08-27 09:32:26,20100.0,7000,Buy,234912299
2024-08-27 09:32:26,20100.0,3400,Buy,234912298
2024-08-27 09:32:26,20100.0,2000,Buy,234912301
2024-08-27 09:32:33,20050.0,5000,Sell,234912486
2024-08-27 09:32:36,20000.0,11000,Sell,234912545
2024-08-27 09:32:39,20000.0,1000,Sell,234912664
2024-08-27 09:32:48,20100.0,2000,Buy,234912961
2024-08-27 09:32:56,20050.0,200,Sell,234913160
2024-08-27 09:32:56,20050.0,800,Sell,234913161
2024-08-27 09:32:59,20100.0,1000,Buy,234913281
2024-08-27 09:33:04,20050.0,4800,Sell,234913396
2024-08-27 09:33:06,20050.0,10000,Buy,234913438
2024-08-27 09:33:08,20050.0,1200,Buy,234913491
2024-08-27 09:33:14,20050.0,1400,Buy,234913657
2024-08-27 09:33:14,20050.0,500,Buy,234913677
2024-08-27 09:33:17,20050.0,2100,Buy,234913739
2024-08-27 09:33:17,20050.0,100,Buy,234913740
2024-08-27 09:33:18,20100.0,200,Buy,234913753
2024-08-27 09:33:19,20050.0,300,Sell,234913777
2024-08-27 09:33:19,20050.0,500,Sell,234913778
2024-08-27 09:33:21,20050.0,4200,Buy,234913813
2024-08-27 09:33:26,20050.0,5800,Sell,234913924
2024-08-27 09:33:28,20050.0,20000,Buy,234913960
2024-08-27 09:33:30,20050.0,1000,Buy,234914043
2024-08-27 09:33:30,20050.0,10000,Buy,234914080
2024-08-27 09:33:33,20050.0,1000,Buy,234914158
2024-08-27 09:33:40,20050.0,100,Buy,234914292
2024-08-27 09:33:40,20050.0,1000,Buy,234914306
2024-08-27 09:33:45,20050.0,700,Buy,234914480
2024-08-27 09:33:52,20000.0,200,Sell,234914692
2024-08-27 09:33:59,20050.0,100,Buy,234914978
2024-08-27 09:34:00,20050.0,100,Buy,234915016
2024-08-27 09:34:02,20050.0,10000,Buy,234915062
2024-08-27 09:34:05,20050.0,100,Buy,234915150
2024-08-27 09:34:05,20050.0,1200,Buy,234915151
2024-08-27 09:34:05,20050.0,300,Buy,234915152
2024-08-27 09:34:05,20050.0,2000,Buy,234915153
2024-08-27 09:34:05,20050.0,500,Buy,234915154
2024-08-27 09:34:05,20050.0,1000,Buy,234915155
2024-08-27 09:34:05,20050.0,500,Buy,234915156
2024-08-27 09:34:05,20050.0,500,Buy,234915157
2024-08-27 09:34:05,20050.0,100,Buy,234915158
2024-08-27 09:34:05,20050.0,500,Buy,234915159
2024-08-27 09:34:05,20050.0,200,Buy,234915132
2024-08-27 09:34:13,20050.0,1000,Sell,234915427
2024-08-27 09:34:15,20050.0,100,Sell,234915452
2024-08-27 09:34:16,20050.0,1000,Sell,234915520
2024-08-27 09:34:19,20050.0,100,Sell,234915558
2024-08-27 09:34:20,20050.0,100,Sell,234915610
2024-08-27 09:34:20,20050.0,900,Sell,234915609
2024-08-27 09:34:22,20050.0,100,Sell,234915667
2024-08-27 09:34:29,20050.0,100,Sell,234915839
2024-08-27 09:34:33,20050.0,2000,Sell,234915963
2024-08-27 09:34:36,20050.0,100,Sell,234916042
2024-08-27 09:34:41,20050.0,100,Sell,234916213
2024-08-27 09:34:43,20050.0,1200,Sell,234916296
2024-08-27 09:34:43,20050.0,200,Sell,234916297
2024-08-27 09:34:44,20050.0,100,Buy,234916323
2024-08-27 09:35:08,20050.0,100,Buy,234917057
2024-08-27 09:35:08,20050.0,100,Buy,234917056
2024-08-27 09:35:08,20050.0,300,Buy,234917055
2024-08-27 09:35:08,20050.0,100,Buy,234917054
2024-08-27 09:35:08,20050.0,100,Buy,234917051
2024-08-27 09:35:08,20050.0,18500,Buy,234917050
2024-08-27 09:35:08,20050.0,100,Buy,234917053
2024-08-27 09:35:08,20050.0,1000,Buy,234917052
2024-08-27 09:35:09,20050.0,2000,Sell,234917161
2024-08-27 09:35:16,20050.0,2000,Sell,234917318
2024-08-27 09:35:17,20050.0,100,Sell,234917383
2024-08-27 09:35:18,20100.0,100,Buy,234917425
2024-08-27 09:35:28,20050.0,100,Sell,234917622
2024-08-27 09:35:34,20050.0,25500,Sell,234917804
2024-08-27 09:35:34,20050.0,4500,Sell,234917805
2024-08-27 09:35:41,20050.0,100,Sell,234917973
2024-08-27 09:35:49,20050.0,4400,Sell,234918200
2024-08-27 09:35:49,20050.0,100,Sell,234918198
2024-08-27 09:35:49,20050.0,2100,Sell,234918197
2024-08-27 09:35:49,20050.0,3400,Sell,234918199
2024-08-27 09:35:54,20050.0,400,Sell,234918360
2024-08-27 09:35:55,20050.0,100,Sell,234918374
2024-08-27 09:35:56,20050.0,10000,Sell,234918392
2024-08-27 09:35:59,20050.0,500,Sell,234918531
2024-08-27 09:36:04,20050.0,100,Sell,234918652
2024-08-27 09:36:06,20050.0,1500,Sell,234918722
2024-08-27 09:36:12,20050.0,2000,Sell,234918855
2024-08-27 09:36:12,20100.0,300,Buy,234918869
2024-08-27 09:36:19,20050.0,100,Sell,234919046
2024-08-27 09:36:32,20100.0,2000,Buy,234919405
2024-08-27 09:36:33,20050.0,300,Sell,234919418
2024-08-27 09:36:41,20050.0,100,Sell,234919614
2024-08-27 09:36:42,20050.0,100,Sell,234919638
2024-08-27 09:36:50,20050.0,7000,Sell,234919831
2024-08-27 09:36:50,20050.0,400,Sell,234919832
2024-08-27 09:36:50,20050.0,2600,Sell,234919833
2024-08-27 09:36:52,20050.0,100,Sell,234919890
2024-08-27 09:36:58,20050.0,200,Sell,234920044
2024-08-27 09:36:59,20050.0,4400,Sell,234920090
2024-08-27 09:36:59,20050.0,5600,Sell,234920086
2024-08-27 09:37:09,20050.0,17100,Sell,234920371
2024-08-27 09:37:09,20050.0,1000,Sell,234920372
2024-08-27 09:37:09,20050.0,11900,Sell,234920373
2024-08-27 09:37:13,20050.0,100,Sell,234920531
2024-08-27 09:37:15,20050.0,100,Sell,234920570
2024-08-27 09:37:19,20050.0,100,Sell,234920739
2024-08-27 09:37:22,20050.0,5000,Sell,234920782
2024-08-27 09:37:27,20050.0,10000,Sell,234920922
2024-08-27 09:37:35,20050.0,1000,Sell,234921166
2024-08-27 09:37:38,20050.0,3000,Sell,234921230
2024-08-27 09:37:43,20050.0,100,Sell,234921469
2024-08-27 09:37:45,20050.0,400,Sell,234921546
2024-08-27 09:37:46,20050.0,6000,Sell,234921572
2024-08-27 09:37:46,20050.0,100,Sell,234921573
2024-08-27 09:37:47,20050.0,9100,Sell,234921609
2024-08-27 09:37:47,20050.0,2000,Sell,234921607
2024-08-27 09:37:47,20050.0,900,Sell,234921608
2024-08-27 09:37:47,20050.0,2200,Sell,234921605
2024-08-27 09:37:47,20050.0,10000,Sell,234921596
2024-08-27 09:37:47,20050.0,2500,Sell,234921606
2024-08-27 09:37:52,20050.0,100,Sell,234921722
2024-08-27 09:37:54,20100.0,4700,Buy,234921866
2024-08-27 09:37:54,20100.0,100,Buy,234921882
2024-08-27 09:37:54,20100.0,100,Buy,234921881
2024-08-27 09:37:54,20100.0,1300,Buy,234921880
2024-08-27 09:37:54,20100.0,1000,Buy,234921879
2024-08-27 09:37:54,20100.0,1000,Buy,234921878
2024-08-27 09:37:54,20100.0,1000,Buy,234921877
2024-08-27 09:37:54,20100.0,200,Buy,234921876
2024-08-27 09:37:54,20100.0,500,Buy,234921873
2024-08-27 09:37:54,20100.0,10000,Buy,234921872
2024-08-27 09:37:54,20100.0,300,Buy,234921871
2024-08-27 09:37:54,20100.0,2000,Buy,234921870
2024-08-27 09:37:54,20100.0,100,Buy,234921869
2024-08-27 09:37:54,20100.0,700,Buy,234921868
2024-08-27 09:37:54,20100.0,300,Buy,234921867
2024-08-27 09:37:54,20100.0,100,Buy,234921874
2024-08-27 09:37:54,20100.0,100,Buy,234921883
2024-08-27 09:37:54,20100.0,5000,Buy,234921886
2024-08-27 09:37:54,20100.0,100,Buy,234921885
2024-08-27 09:37:54,20100.0,200,Buy,234921902
2024-08-27 09:37:54,20100.0,300,Buy,234921901
2024-08-27 09:37:54,20100.0,2000,Buy,234921899
2024-08-27 09:37:54,20100.0,200,Buy,234921898
2024-08-27 09:37:54,20100.0,80000,Buy,234921897
2024-08-27 09:37:54,20100.0,100,Buy,234921896
2024-08-27 09:37:54,20100.0,2000,Buy,234921895
2024-08-27 09:37:54,20100.0,100,Buy,234921894
2024-08-27 09:37:54,20100.0,100,Buy,234921893
2024-08-27 09:37:54,20100.0,500,Buy,234921892
2024-08-27 09:37:54,20100.0,400,Buy,234921891
2024-08-27 09:37:54,20100.0,100,Buy,234921890
2024-08-27 09:37:54,20100.0,2000,Buy,234921889
2024-08-27 09:37:54,20100.0,5300,Buy,234921888
2024-08-27 09:37:54,20100.0,100,Buy,234921887
2024-08-27 09:37:54,20100.0,2000,Buy,234921884
2024-08-27 09:37:54,20100.0,200,Buy,234921865
2024-08-27 09:37:54,20100.0,2000,Buy,234921900
2024-08-27 09:37:54,20100.0,200,Buy,234921863
2024-08-27 09:37:54,20100.0,2800,Buy,234921842
2024-08-27 09:37:54,20100.0,100,Buy,234921841
2024-08-27 09:37:54,20100.0,100,Buy,234921840
2024-08-27 09:37:54,20100.0,200,Buy,234921838
2024-08-27 09:37:54,20100.0,500,Buy,234921837
2024-08-27 09:37:54,20100.0,2000,Buy,234921836
2024-08-27 09:37:54,20100.0,100,Buy,234921835
2024-08-27 09:37:54,20100.0,30000,Buy,234921834
2024-08-27 09:37:54,20100.0,200,Buy,234921833
2024-08-27 09:37:54,20100.0,1000,Buy,234921832
2024-08-27 09:37:54,20100.0,200,Buy,234921831
2024-08-27 09:37:54,20100.0,500,Buy,234921830
2024-08-27 09:37:54,20100.0,100,Buy,234921829
2024-08-27 09:37:54,20100.0,5000,Buy,234921828
2024-08-27 09:37:54,20100.0,4300,Buy,234921827
2024-08-27 09:37:54,20100.0,2200,Buy,234921843
2024-08-27 09:37:54,20100.0,3000,Buy,234921844
2024-08-27 09:37:54,20100.0,500,Buy,234921864
2024-08-27 09:37:54,20100.0,200,Buy,234921846
2024-08-27 09:37:54,20100.0,100,Buy,234921862
2024-08-27 09:37:54,20100.0,2000,Buy,234921861
2024-08-27 09:37:54,20100.0,100,Buy,234921860
2024-08-27 09:37:54,20100.0,1000,Buy,234921859
2024-08-27 09:37:54,20100.0,500,Buy,234921858
2024-08-27 09:37:54,20100.0,100,Buy,234921857
2024-08-27 09:37:54,20100.0,5000,Buy,234921856
2024-08-27 09:37:54,20100.0,100,Buy,234921845
2024-08-27 09:37:54,20100.0,500,Buy,234921855
2024-08-27 09:37:54,20100.0,100,Buy,234921853
2024-08-27 09:37:54,20100.0,1000,Buy,234921852
2024-08-27 09:37:54,20100.0,400,Buy,234921851
2024-08-27 09:37:54,20100.0,200,Buy,234921850
2024-08-27 09:37:54,20100.0,2000,Buy,234921849
2024-08-27 09:37:54,20100.0,500,Buy,234921848
2024-08-27 09:37:54,20100.0,5000,Buy,234921847
2024-08-27 09:37:54,20100.0,2000,Buy,234921854
2024-08-27 09:38:00,20100.0,200,Buy,234922102
2024-08-27 09:38:00,20050.0,10000,Sell,234922100
2024-08-27 09:38:00,20100.0,4800,Buy,234922101
2024-08-27 09:38:10,20050.0,200,Sell,234922438
2024-08-27 09:38:13,20050.0,300,Sell,234922579
2024-08-27 09:38:15,20100.0,400,Buy,234922625
2024-08-27 09:38:15,20100.0,100,Buy,234922624
2024-08-27 09:38:15,20100.0,200,Buy,234922626
2024-08-27 09:38:15,20100.0,100,Buy,234922622
2024-08-27 09:38:15,20100.0,100,Buy,234922623
2024-08-27 09:38:15,20100.0,300,Buy,234922621
2024-08-27 09:38:18,20100.0,200,Buy,234922759
2024-08-27 09:38:18,20100.0,100,Buy,234922760
2024-08-27 09:38:18,20100.0,1000,Buy,234922761
2024-08-27 09:38:18,20100.0,100,Buy,234922762
2024-08-27 09:38:18,20100.0,100,Buy,234922763
2024-08-27 09:38:27,20100.0,7500,Sell,234923009
2024-08-27 09:38:27,20100.0,100,Sell,234923010
2024-08-27 09:38:35,20100.0,1000,Buy,234923242
2024-08-27 09:38:44,20100.0,10500,Buy,234923462
2024-08-27 09:38:44,20100.0,100,Buy,234923456
2024-08-27 09:38:45,20100.0,2000,Buy,234923485
2024-08-27 09:38:46,20100.0,5000,Buy,234923509
2024-08-27 09:38:46,20100.0,500,Buy,234923508
2024-08-27 09:38:46,20100.0,100,Buy,234923506
2024-08-27 09:38:46,20100.0,8800,Buy,234923505
2024-08-27 09:38:46,20100.0,5000,Buy,234923507
2024-08-27 09:38:49,20100.0,500,Sell,234923632
2024-08-27 09:38:49,20100.0,1000,Sell,234923644
2024-08-27 09:38:52,20100.0,3600,Sell,234923705
2024-08-27 09:38:56,20100.0,1000,Sell,234923783
2024-08-27 09:38:58,20100.0,2800,Sell,234923818
2024-08-27 09:38:58,20100.0,2200,Sell,234923819
2024-08-27 09:39:00,20100.0,500,Sell,234923879
2024-08-27 09:39:05,20100.0,200,Sell,234924065
2024-08-27 09:39:06,20100.0,6400,Sell,234924093
2024-08-27 09:39:06,20100.0,1000,Sell,234924076
2024-08-27 09:39:08,20100.0,500,Sell,234924170
2024-08-27 09:39:14,20100.0,200,Sell,234924347
2024-08-27 09:39:17,20100.0,1500,Sell,234924411
2024-08-27 09:39:21,20150.0,300,Buy,234924526
2024-08-27 09:39:21,20150.0,500,Buy,234924525
2024-08-27 09:39:30,20100.0,500,Sell,234924790
2024-08-27 09:39:32,20100.0,8700,Sell,234924823
2024-08-27 09:39:32,20100.0,100,Sell,234924824
2024-08-27 09:39:32,20100.0,1200,Sell,234924825
2024-08-27 09:39:34,20100.0,1900,Sell,234924878
2024-08-27 09:39:34,20100.0,1500,Sell,234924880
2024-08-27 09:39:34,20100.0,2300,Sell,234924881
2024-08-27 09:39:34,20100.0,1000,Sell,234924879
2024-08-27 09:39:35,20100.0,2500,Sell,234924888
2024-08-27 09:39:35,20100.0,500,Sell,234924889
2024-08-27 09:39:36,20100.0,200,Sell,234924924
2024-08-27 09:39:36,20100.0,3500,Sell,234924921
2024-08-27 09:39:36,20100.0,200,Sell,234924922
2024-08-27 09:39:36,20100.0,1200,Sell,234924923
2024-08-27 09:39:42,20100.0,5000,Buy,234925040
2024-08-27 09:39:42,20100.0,700,Buy,234925056
2024-08-27 09:39:47,20100.0,300,Buy,234925162
2024-08-27 09:39:48,20100.0,2000,Buy,234925188
2024-08-27 09:39:48,20100.0,6900,Buy,234925216
2024-08-27 09:39:48,20100.0,2800,Buy,234925217
2024-08-27 09:39:48,20100.0,2200,Buy,234925218
2024-08-27 09:39:48,20100.0,5000,Buy,234925219
2024-08-27 09:39:48,20100.0,3100,Buy,234925220
2024-08-27 09:39:52,20100.0,1900,Buy,234925332
2024-08-27 09:39:52,20100.0,100,Buy,234925333
2024-08-27 09:39:52,20100.0,100,Buy,234925334
2024-08-27 09:39:52,20100.0,100,Buy,234925335
2024-08-27 09:39:52,20100.0,100,Buy,234925336
2024-08-27 09:39:52,20100.0,100,Buy,234925337
2024-08-27 09:39:59,20100.0,2000,Sell,234925535
2024-08-27 09:40:01,20100.0,400,Sell,234925605
2024-08-27 09:40:01,20100.0,600,Sell,234925606
2024-08-27 09:40:01,20100.0,5600,Sell,234925603
2024-08-27 09:40:01,20100.0,4000,Sell,234925604
2024-08-27 09:40:02,20100.0,200,Sell,234925625
2024-08-27 09:40:19,20100.0,2000,Sell,234926109
2024-08-27 09:40:23,20100.0,1000,Sell,234926211
2024-08-27 09:40:23,20100.0,1500,Sell,234926215
2024-08-27 09:40:26,20100.0,100,Sell,234926327
2024-08-27 09:40:27,20100.0,1000,Sell,234926358
2024-08-27 09:40:31,20100.0,200,Sell,234926420
2024-08-27 09:40:35,20150.0,700,Buy,234926551
2024-08-27 09:40:35,20150.0,200,Buy,234926550
2024-08-27 09:40:35,20150.0,1000,Buy,234926549
2024-08-27 09:40:35,20150.0,200,Buy,234926548
2024-08-27 09:40:35,20150.0,5000,Buy,234926546
2024-08-27 09:40:35,20150.0,200,Buy,234926545
2024-08-27 09:40:35,20150.0,100,Buy,234926547
2024-08-27 09:40:35,20150.0,2000,Buy,234926543
2024-08-27 09:40:35,20150.0,2000,Buy,234926542
2024-08-27 09:40:35,20150.0,100,Buy,234926541
2024-08-27 09:40:35,20150.0,2000,Buy,234926540
2024-08-27 09:40:35,20150.0,100,Buy,234926539
2024-08-27 09:40:35,20150.0,100,Buy,234926538
2024-08-27 09:40:35,20150.0,100,Buy,234926537
2024-08-27 09:40:35,20150.0,1200,Buy,234926544
2024-08-27 09:40:37,20100.0,100,Sell,234926575
2024-08-27 09:40:45,20100.0,500,Sell,234926779
2024-08-27 09:40:58,20100.0,400,Sell,234927155
2024-08-27 09:40:58,20100.0,100,Sell,234927154
2024-08-27 09:40:58,20100.0,400,Sell,234927153
2024-08-27 09:41:05,20100.0,3100,Sell,234927357
2024-08-27 09:41:06,20100.0,500,Sell,234927389
2024-08-27 09:41:11,20100.0,100,Sell,234927510
2024-08-27 09:41:11,20100.0,1000,Sell,234927514
2024-08-27 09:41:15,20100.0,500,Sell,234927579
2024-08-27 09:41:15,20100.0,100,Sell,234927588
2024-08-27 09:41:16,20150.0,200,Buy,234927621
2024-08-27 09:41:18,20100.0,500,Sell,234927658
2024-08-27 09:41:18,20100.0,1200,Sell,234927659
2024-08-27 09:41:18,20100.0,500,Sell,234927656
2024-08-27 09:41:18,20100.0,4300,Sell,234927655
2024-08-27 09:41:18,20100.0,3500,Sell,234927657
2024-08-27 09:41:23,20100.0,1000,Sell,234927769
2024-08-27 09:41:27,20150.0,1000,Buy,234927882
2024-08-27 09:41:35,20150.0,2200,Buy,234928158
2024-08-27 09:41:35,20150.0,500,Buy,234928157
2024-08-27 09:41:35,20150.0,5000,Buy,234928156
2024-08-27 09:41:35,20150.0,500,Buy,234928154
2024-08-27 09:41:35,20150.0,100,Buy,234928153
2024-08-27 09:41:35,20150.0,100,Buy,234928152
2024-08-27 09:41:35,20150.0,1000,Buy,234928155
2024-08-27 09:41:35,20150.0,1400,Buy,234928150
2024-08-27 09:41:35,20150.0,200,Buy,234928149
2024-08-27 09:41:35,20150.0,900,Buy,234928148
2024-08-27 09:41:35,20150.0,100,Buy,234928145
2024-08-27 09:41:35,20150.0,4900,Buy,234928144
2024-08-27 09:41:35,20150.0,100,Buy,234928143
2024-08-27 09:41:35,20150.0,100,Buy,234928142
2024-08-27 09:41:35,20150.0,100,Buy,234928151
2024-08-27 09:41:41,20150.0,2900,Buy,234928316
2024-08-27 09:41:41,20150.0,200,Buy,234928315
2024-08-27 09:41:41,20150.0,4400,Buy,234928314
2024-08-27 09:41:41,20150.0,5600,Buy,234928313
2024-08-27 09:41:41,20150.0,500,Buy,234928309
2024-08-27 09:41:41,20150.0,300,Buy,234928311
2024-08-27 09:41:41,20150.0,1000,Buy,234928310
2024-08-27 09:41:41,20150.0,2000,Buy,234928308
2024-08-27 09:41:41,20150.0,100,Buy,234928317
2024-08-27 09:41:41,20150.0,200,Buy,234928312
2024-08-27 09:41:41,20150.0,500,Buy,234928318
2024-08-27 09:41:41,20150.0,100,Buy,234928330
2024-08-27 09:41:41,20150.0,100,Buy,234928320
2024-08-27 09:41:41,20150.0,1000,Buy,234928321
2024-08-27 09:41:41,20150.0,100,Buy,234928322
2024-08-27 09:41:41,20150.0,100,Buy,234928323
2024-08-27 09:41:41,20150.0,5000,Buy,234928325
2024-08-27 09:41:41,20150.0,3500,Buy,234928326
2024-08-27 09:41:41,20150.0,2000,Buy,234928327
2024-08-27 09:41:41,20150.0,100,Buy,234928329
2024-08-27 09:41:41,20150.0,100,Buy,234928307
2024-08-27 09:41:41,20150.0,7300,Buy,234928331
2024-08-27 09:41:41,20150.0,5000,Buy,234928319
2024-08-27 09:41:41,20150.0,100,Buy,234928306
2024-08-27 09:41:41,20150.0,200,Buy,234928324
2024-08-27 09:41:41,20150.0,200,Buy,234928304
2024-08-27 09:41:41,20150.0,5000,Buy,234928282
2024-08-27 09:41:41,20150.0,100,Buy,234928283
2024-08-27 09:41:41,20150.0,500,Buy,234928284
2024-08-27 09:41:41,20150.0,22000,Buy,234928285
2024-08-27 09:41:41,20150.0,300,Buy,234928286
2024-08-27 09:41:41,20150.0,2800,Buy,234928281
2024-08-27 09:41:41,20150.0,500,Buy,234928288
2024-08-27 09:41:41,20150.0,100,Buy,234928289
2024-08-27 09:41:41,20150.0,1000,Buy,234928290
2024-08-27 09:41:41,20150.0,100,Buy,234928291
2024-08-27 09:41:41,20150.0,100,Buy,234928292
2024-08-27 09:41:41,20150.0,5000,Buy,234928287
2024-08-27 09:41:41,20150.0,2000,Buy,234928294
2024-08-27 09:41:41,20150.0,200,Buy,234928293
2024-08-27 09:41:41,20150.0,100,Buy,234928303
2024-08-27 09:41:41,20150.0,200,Buy,234928302
2024-08-27 09:41:41,20150.0,500,Buy,234928301
2024-08-27 09:41:41,20150.0,200,Buy,234928300
2024-08-27 09:41:41,20150.0,700,Buy,234928305
2024-08-27 09:41:41,20150.0,1000,Buy,234928298
2024-08-27 09:41:41,20150.0,3000,Buy,234928297
2024-08-27 09:41:41,20150.0,2000,Buy,234928296
2024-08-27 09:41:41,20150.0,5000,Buy,234928295
2024-08-27 09:41:41,20150.0,5000,Buy,234928299
2024-08-27 09:41:52,20150.0,900,Buy,234928746
2024-08-27 09:41:56,20150.0,500,Buy,234928895
2024-08-27 09:41:56,20150.0,500,Buy,234928896
2024-08-27 09:41:56,20150.0,100,Buy,234928897
2024-08-27 09:41:56,20150.0,200,Buy,234928898
2024-08-27 09:41:56,20150.0,1000,Buy,234928899
2024-08-27 09:41:56,20150.0,200,Buy,234928903
2024-08-27 09:41:56,20150.0,10000,Buy,234928901
2024-08-27 09:41:56,20150.0,100,Buy,234928902
2024-08-27 09:41:56,20150.0,100,Buy,234928904
2024-08-27 09:41:56,20150.0,2000,Buy,234928905
2024-08-27 09:41:56,20150.0,4600,Buy,234928900
2024-08-27 09:41:56,20150.0,100,Buy,234928906
2024-08-27 09:41:56,20150.0,1000,Buy,234928894
2024-08-27 09:41:56,20150.0,100,Buy,234928892
2024-08-27 09:41:56,20150.0,300,Buy,234928891
2024-08-27 09:41:56,20150.0,200,Buy,234928890
2024-08-27 09:41:56,20150.0,100,Buy,234928889
2024-08-27 09:41:56,20150.0,500,Buy,234928888
2024-08-27 09:41:56,20150.0,200,Buy,234928887
2024-08-27 09:41:56,20150.0,8000,Buy,234928886
2024-08-27 09:41:56,20150.0,500,Buy,234928885
2024-08-27 09:41:56,20150.0,100,Buy,234928884
2024-08-27 09:41:56,20150.0,100,Buy,234928883
2024-08-27 09:41:56,20150.0,300,Buy,234928882
2024-08-27 09:41:56,20150.0,4800,Buy,234928881
2024-08-27 09:41:56,20150.0,2000,Buy,234928853
2024-08-27 09:41:56,20150.0,1000,Buy,234928893
2024-08-27 09:41:57,20150.0,100,Sell,234928927
2024-08-27 09:41:58,20150.0,12000,Sell,234929097
2024-08-27 09:41:58,20150.0,10000,Sell,234928940
2024-08-27 09:42:01,20200.0,100,Buy,234929208
2024-08-27 09:42:01,20200.0,100,Buy,234929209
2024-08-27 09:42:01,20200.0,10000,Buy,234929210
2024-08-27 09:42:01,20200.0,100,Buy,234929211
2024-08-27 09:42:01,20200.0,5000,Buy,234929216
2024-08-27 09:42:01,20200.0,100,Buy,234929212
2024-08-27 09:42:01,20200.0,500,Buy,234929213
2024-08-27 09:42:01,20200.0,1600,Buy,234929214
2024-08-27 09:42:01,20200.0,200,Buy,234929207
2024-08-27 09:42:01,20200.0,1000,Buy,234929215
2024-08-27 09:42:01,20200.0,5000,Buy,234929217
2024-08-27 09:42:01,20200.0,100,Buy,234929225
2024-08-27 09:42:01,20200.0,2000,Buy,234929219
2024-08-27 09:42:01,20200.0,1000,Buy,234929220
2024-08-27 09:42:01,20200.0,1000,Buy,234929221
2024-08-27 09:42:01,20200.0,1000,Buy,234929222
2024-08-27 09:42:01,20200.0,200,Buy,234929223
2024-08-27 09:42:01,20200.0,200,Buy,234929224
2024-08-27 09:42:01,20200.0,2000,Buy,234929226
2024-08-27 09:42:01,20200.0,100,Buy,234929227
2024-08-27 09:42:01,20200.0,300,Buy,234929228
2024-08-27 09:42:01,20150.0,100,Sell,234929249
2024-08-27 09:42:01,20200.0,2000,Buy,234929218
2024-08-27 09:42:01,20200.0,5000,Buy,234929206
2024-08-27 09:42:01,20200.0,100,Buy,234929195
2024-08-27 09:42:01,20200.0,200,Buy,234929204
2024-08-27 09:42:01,20200.0,400,Buy,234929205
2024-08-27 09:42:01,20200.0,300,Buy,234929180
2024-08-27 09:42:01,20200.0,5000,Buy,234929181
2024-08-27 09:42:01,20200.0,100,Buy,234929183
2024-08-27 09:42:01,20200.0,300,Buy,234929184
2024-08-27 09:42:01,20200.0,1000,Buy,234929185
2024-08-27 09:42:01,20200.0,100,Buy,234929186
2024-08-27 09:42:01,20200.0,1000,Buy,234929187
2024-08-27 09:42:01,20200.0,1000,Buy,234929188
2024-08-27 09:42:01,20200.0,500,Buy,234929189
2024-08-27 09:42:01,20200.0,100,Buy,234929190
2024-08-27 09:42:01,20200.0,100,Buy,234929182
2024-08-27 09:42:01,20200.0,6600,Buy,234929192
2024-08-27 09:42:01,20200.0,300,Buy,234929191
2024-08-27 09:42:01,20200.0,2000,Buy,234929201
2024-08-27 09:42:01,20200.0,200,Buy,234929200
2024-08-27 09:42:01,20200.0,100,Buy,234929199
2024-08-27 09:42:01,20200.0,1000,Buy,234929202
2024-08-27 09:42:01,20200.0,200,Buy,234929197
2024-08-27 09:42:01,20200.0,500,Buy,234929196
2024-08-27 09:42:01,20200.0,200,Buy,234929194
2024-08-27 09:42:01,20200.0,3300,Buy,234929193
2024-08-27 09:42:01,20200.0,200,Buy,234929198
2024-08-27 09:42:01,20200.0,700,Buy,234929203
2024-08-27 09:42:06,20150.0,1200,Sell,234929424
2024-08-27 09:42:06,20150.0,500,Sell,234929425
2024-08-27 09:42:06,20150.0,300,Sell,234929426
2024-08-27 09:42:14,20200.0,9700,Buy,234929745
2024-08-27 09:42:14,20200.0,500,Buy,234929740
2024-08-27 09:42:14,20200.0,300,Buy,234929744
2024-08-27 09:42:14,20200.0,1000,Buy,234929743
2024-08-27 09:42:14,20200.0,1100,Buy,234929742
2024-08-27 09:42:14,20200.0,100,Buy,234929741
2024-08-27 09:42:14,20200.0,1100,Buy,234929733
2024-08-27 09:42:14,20200.0,100,Buy,234929738
2024-08-27 09:42:14,20200.0,400,Buy,234929737
2024-08-27 09:42:14,20200.0,500,Buy,234929736
2024-08-27 09:42:14,20200.0,100,Buy,234929735
2024-08-27 09:42:14,20200.0,10000,Buy,234929734
2024-08-27 09:42:14,20200.0,3400,Buy,234929732
2024-08-27 09:42:14,20200.0,1000,Buy,234929746
2024-08-27 09:42:14,20200.0,100,Buy,234929739
2024-08-27 09:42:14,20200.0,500,Buy,234929747
2024-08-27 09:42:14,20200.0,100,Buy,234929760
2024-08-27 09:42:14,20200.0,200,Buy,234929749
2024-08-27 09:42:14,20200.0,100,Buy,234929764
2024-08-27 09:42:14,20200.0,400,Buy,234929763
2024-08-27 09:42:14,20200.0,5500,Buy,234929762
2024-08-27 09:42:14,20200.0,5000,Buy,234929761
2024-08-27 09:42:14,20200.0,5200,Buy,234929731
2024-08-27 09:42:14,20200.0,400,Buy,234929759
2024-08-27 09:42:14,20200.0,400,Buy,234929758
2024-08-27 09:42:14,20200.0,200,Buy,234929757
2024-08-27 09:42:14,20200.0,400,Buy,234929756
2024-08-27 09:42:14,20200.0,2500,Buy,234929755
2024-08-27 09:42:14,20200.0,100,Buy,234929754
2024-08-27 09:42:14,20200.0,1000,Buy,234929753
2024-08-27 09:42:14,20200.0,100,Buy,234929752
2024-08-27 09:42:14,20200.0,200,Buy,234929751
2024-08-27 09:42:14,20200.0,200,Buy,234929750
2024-08-27 09:42:14,20200.0,100,Buy,234929748
2024-08-27 09:42:14,20200.0,200,Buy,234929730
2024-08-27 09:42:14,20200.0,1000,Buy,234929718
2024-08-27 09:42:14,20200.0,500,Buy,234929728
2024-08-27 09:42:14,20200.0,100,Buy,234929729
2024-08-27 09:42:14,20200.0,2000,Buy,234929706
2024-08-27 09:42:14,20200.0,3000,Buy,234929705
2024-08-27 09:42:14,20200.0,600,Buy,234929704
2024-08-27 09:42:14,20200.0,500,Buy,234929703
2024-08-27 09:42:14,20200.0,1000,Buy,234929702
2024-08-27 09:42:14,20200.0,200,Buy,234929701
2024-08-27 09:42:14,20200.0,3000,Buy,234929700
2024-08-27 09:42:14,20200.0,100,Buy,234929699
2024-08-27 09:42:14,20200.0,100,Buy,234929698
2024-08-27 09:42:14,20200.0,400,Buy,234929697
2024-08-27 09:42:14,20200.0,500,Buy,234929696
2024-08-27 09:42:14,20200.0,500,Buy,234929695
2024-08-27 09:42:14,20200.0,1500,Buy,234929694
2024-08-27 09:42:14,20200.0,700,Buy,234929675
2024-08-27 09:42:14,20200.0,100,Buy,234929708
2024-08-27 09:42:14,20200.0,100,Buy,234929709
2024-08-27 09:42:14,20200.0,500,Buy,234929707
2024-08-27 09:42:14,20200.0,200,Buy,234929711
2024-08-27 09:42:14,20200.0,300,Buy,234929727
2024-08-27 09:42:14,20200.0,700,Buy,234929726
2024-08-27 09:42:14,20200.0,100,Buy,234929725
2024-08-27 09:42:14,20200.0,100,Buy,234929724
2024-08-27 09:42:14,20200.0,1000,Buy,234929710
2024-08-27 09:42:14,20200.0,1000,Buy,234929722
2024-08-27 09:42:14,20200.0,100,Buy,234929721
2024-08-27 09:42:14,20200.0,200,Buy,234929723
2024-08-27 09:42:14,20200.0,500,Buy,234929719
2024-08-27 09:42:14,20200.0,1000,Buy,234929717
2024-08-27 09:42:14,20200.0,500,Buy,234929716
2024-08-27 09:42:14,20200.0,100,Buy,234929715
2024-08-27 09:42:14,20200.0,200,Buy,234929714
2024-08-27 09:42:14,20200.0,500,Buy,234929713
2024-08-27 09:42:14,20200.0,200,Buy,234929712
2024-08-27 09:42:14,20200.0,2000,Buy,234929720
2024-08-27 09:42:19,20200.0,100,Sell,234929904
2024-08-27 09:42:20,20200.0,2000,Sell,234929927
2024-08-27 09:42:24,20250.0,100,Buy,234930076
2024-08-27 09:42:24,20250.0,400,Buy,234930077
2024-08-27 09:42:24,20250.0,100,Buy,234930078
2024-08-27 09:42:24,20250.0,1700,Buy,234930079
2024-08-27 09:42:25,20200.0,1000,Sell,234930090
2024-08-27 09:42:26,20200.0,100,Sell,234930112
2024-08-27 09:42:31,20200.0,200,Sell,234930210
2024-08-27 09:42:32,20250.0,2000,Buy,234930282
2024-08-27 09:42:32,20200.0,200,Sell,234930327
2024-08-27 09:42:32,20250.0,1600,Buy,234930291
2024-08-27 09:42:32,20250.0,100,Buy,234930290
2024-08-27 09:42:32,20250.0,300,Buy,234930289
2024-08-27 09:42:32,20250.0,300,Buy,234930281
2024-08-27 09:42:32,20250.0,2000,Buy,234930285
2024-08-27 09:42:32,20250.0,200,Buy,234930283
2024-08-27 09:42:32,20250.0,1500,Buy,234930286
2024-08-27 09:42:32,20250.0,2000,Buy,234930284
2024-08-27 09:42:33,20250.0,200,Buy,234930368
2024-08-27 09:42:33,20250.0,200,Buy,234930367
2024-08-27 09:42:33,20200.0,2000,Sell,234930341
2024-08-27 09:42:33,20250.0,100,Buy,234930365
2024-08-27 09:42:33,20250.0,100,Buy,234930366
2024-08-27 09:42:33,20250.0,1400,Buy,234930364
2024-08-27 09:42:37,20300.0,200,Buy,234930537
2024-08-27 09:42:37,20300.0,100,Buy,234930536
2024-08-27 09:42:37,20300.0,100,Buy,234930535
2024-08-27 09:42:37,20300.0,3000,Buy,234930534
2024-08-27 09:42:37,20300.0,500,Buy,234930533
2024-08-27 09:42:37,20300.0,100,Buy,234930532
2024-08-27 09:42:37,20300.0,100,Buy,234930531
2024-08-27 09:42:37,20300.0,500,Buy,234930530
2024-08-27 09:42:37,20300.0,10000,Buy,234930529
2024-08-27 09:42:37,20300.0,1000,Buy,234930528
2024-08-27 09:42:37,20300.0,100,Buy,234930538
2024-08-27 09:42:37,20300.0,18200,Buy,234930564
2024-08-27 09:42:37,20300.0,100,Buy,234930525
2024-08-27 09:42:37,20300.0,2000,Buy,234930524
2024-08-27 09:42:37,20300.0,300,Buy,234930523
2024-08-27 09:42:37,20300.0,5000,Buy,234930522
2024-08-27 09:42:37,20300.0,200,Buy,234930521
2024-08-27 09:42:37,20300.0,300,Buy,234930520
2024-08-27 09:42:37,20300.0,300,Buy,234930518
2024-08-27 09:42:37,20300.0,100,Buy,234930517
2024-08-27 09:42:37,20300.0,600,Buy,234930516
2024-08-27 09:42:37,20300.0,3500,Buy,234930515
2024-08-27 09:42:37,20300.0,100,Buy,234930526
2024-08-27 09:42:37,20300.0,5000,Buy,234930527
2024-08-27 09:42:37,20300.0,200,Buy,234930539
2024-08-27 09:42:37,20300.0,1000,Buy,234930541
2024-08-27 09:42:37,20300.0,100,Buy,234930563
2024-08-27 09:42:37,20300.0,100,Buy,234930562
2024-08-27 09:42:37,20300.0,5000,Buy,234930561
2024-08-27 09:42:37,20300.0,400,Buy,234930559
2024-08-27 09:42:37,20300.0,100,Buy,234930558
2024-08-27 09:42:37,20300.0,5000,Buy,234930557
2024-08-27 09:42:37,20300.0,1200,Buy,234930556
2024-08-27 09:42:37,20300.0,1000,Buy,234930555
2024-08-27 09:42:37,20300.0,10000,Buy,234930554
2024-08-27 09:42:37,20300.0,2000,Buy,234930553
2024-08-27 09:42:37,20300.0,500,Buy,234930552
2024-08-27 09:42:37,20300.0,100,Buy,234930551
2024-08-27 09:42:37,20300.0,500,Buy,234930550
2024-08-27 09:42:37,20300.0,200,Buy,234930549
2024-08-27 09:42:37,20300.0,2000,Buy,234930548
2024-08-27 09:42:37,20300.0,15000,Buy,234930547
2024-08-27 09:42:37,20300.0,100,Buy,234930546
2024-08-27 09:42:37,20300.0,500,Buy,234930545
2024-08-27 09:42:37,20300.0,500,Buy,234930544
2024-08-27 09:42:37,20300.0,5000,Buy,234930543
2024-08-27 09:42:37,20300.0,5000,Buy,234930542
2024-08-27 09:42:37,20300.0,2000,Buy,234930514
2024-08-27 09:42:37,20300.0,5000,Buy,234930540
2024-08-27 09:42:37,20300.0,2000,Buy,234930513
2024-08-27 09:42:37,20250.0,20000,Buy,234930485
2024-08-27 09:42:37,20250.0,2000,Buy,234930484
2024-08-27 09:42:37,20250.0,500,Buy,234930483
2024-08-27 09:42:37,20250.0,2000,Buy,234930482
2024-08-27 09:42:37,20250.0,1000,Buy,234930481
2024-08-27 09:42:37,20250.0,1000,Buy,234930480
2024-08-27 09:42:37,20250.0,7000,Buy,234930479
2024-08-27 09:42:37,20250.0,1000,Buy,234930478
2024-08-27 09:42:37,20250.0,4500,Buy,234930477
2024-08-27 09:42:37,20250.0,300,Buy,234930476
2024-08-27 09:42:37,20250.0,1000,Buy,234930475
2024-08-27 09:42:37,20300.0,100,Buy,234930512
2024-08-27 09:42:37,20250.0,2000,Buy,234930474
2024-08-27 09:42:37,20250.0,200,Buy,234930472
2024-08-27 09:42:37,20250.0,500,Buy,234930471
2024-08-27 09:42:37,20250.0,4000,Buy,234930470
2024-08-27 09:42:37,20250.0,200,Buy,234930469
2024-08-27 09:42:37,20250.0,100,Buy,234930468
2024-08-27 09:42:37,20250.0,100,Buy,234930467
2024-08-27 09:42:37,20250.0,1000,Buy,234930466
2024-08-27 09:42:37,20250.0,20000,Buy,234930465
2024-08-27 09:42:37,20250.0,100,Buy,234930464
2024-08-27 09:42:37,20250.0,100,Buy,234930463
2024-08-27 09:42:37,20250.0,400,Buy,234930473
2024-08-27 09:42:37,20250.0,100,Buy,234930486
2024-08-27 09:42:37,20300.0,100,Buy,234930511
2024-08-27 09:42:37,20250.0,1000,Buy,234930488
2024-08-27 09:42:37,20300.0,3000,Buy,234930510
2024-08-27 09:42:37,20300.0,500,Buy,234930509
2024-08-27 09:42:37,20300.0,300,Buy,234930508
2024-08-27 09:42:37,20300.0,100,Buy,234930507
2024-08-27 09:42:37,20300.0,500,Buy,234930506
2024-08-27 09:42:37,20300.0,200,Buy,234930505
2024-08-27 09:42:37,20300.0,300,Buy,234930504
2024-08-27 09:42:37,20300.0,200,Buy,234930503
2024-08-27 09:42:37,20300.0,2100,Buy,234930502
2024-08-27 09:42:37,20250.0,10000,Buy,234930487
2024-08-27 09:42:37,20300.0,100,Buy,234930500
2024-08-27 09:42:37,20300.0,600,Buy,234930501
2024-08-27 09:42:37,20300.0,100,Buy,234930498
2024-08-27 09:42:37,20300.0,500,Buy,234930497
2024-08-27 09:42:37,20250.0,500,Buy,234930496
2024-08-27 09:42:37,20250.0,100,Buy,234930495
2024-08-27 09:42:37,20250.0,500,Buy,234930494
2024-08-27 09:42:37,20250.0,1000,Buy,234930493
2024-08-27 09:42:37,20250.0,200,Buy,234930492
2024-08-27 09:42:37,20250.0,4000,Buy,234930491
2024-08-27 09:42:37,20250.0,100,Buy,234930490
2024-08-27 09:42:37,20250.0,1000,Buy,234930489
2024-08-27 09:42:37,20300.0,5000,Buy,234930499
2024-08-27 09:42:43,20250.0,100,Buy,234930796
2024-08-27 09:42:43,20250.0,5000,Buy,234930797
2024-08-27 09:42:43,20250.0,1900,Buy,234930798
2024-08-27 09:42:45,20250.0,2000,Buy,234930847
2024-08-27 09:42:46,20250.0,100,Buy,234930861
2024-08-27 09:42:46,20250.0,2000,Sell,234930875
2024-08-27 09:42:46,20250.0,500,Buy,234930864
2024-08-27 09:42:46,20250.0,7600,Buy,234930860
2024-08-27 09:42:46,20250.0,5600,Buy,234930862
2024-08-27 09:42:46,20250.0,4400,Buy,234930863
2024-08-27 09:42:47,20250.0,21800,Sell,234930885
2024-08-27 09:42:47,20250.0,2000,Sell,234930886
2024-08-27 09:42:50,20250.0,500,Buy,234931026
2024-08-27 09:42:50,20250.0,1000,Buy,234931027
2024-08-27 09:42:51,20250.0,3000,Sell,234931068
2024-08-27 09:42:52,20250.0,100,Buy,234931125
2024-08-27 09:42:56,20250.0,9100,Buy,234931273
2024-08-27 09:42:56,20250.0,900,Buy,234931274
2024-08-27 09:42:56,20250.0,300,Buy,234931258
2024-08-27 09:42:56,20250.0,500,Buy,234931271
2024-08-27 09:42:59,20250.0,2000,Buy,234931344
2024-08-27 09:43:01,20250.0,200,Buy,234931414
2024-08-27 09:43:01,20250.0,1000,Buy,234931415
2024-08-27 09:43:03,20250.0,900,Buy,234931557
2024-08-27 09:43:03,20250.0,9100,Buy,234931558
2024-08-27 09:43:03,20250.0,100,Buy,234931567
2024-08-27 09:43:11,20250.0,300,Buy,234931950
2024-08-27 09:43:15,20250.0,1000,Buy,234932055
2024-08-27 09:43:15,20250.0,2000,Buy,234932056
2024-08-27 09:43:15,20250.0,200,Buy,234932054
2024-08-27 09:43:15,20250.0,4000,Buy,234932057
2024-08-27 09:43:15,20250.0,100,Buy,234932052
2024-08-27 09:43:15,20250.0,200,Buy,234932051
2024-08-27 09:43:15,20250.0,500,Buy,234932050
2024-08-27 09:43:15,20250.0,2000,Buy,234932053
2024-08-27 09:43:16,20250.0,5000,Buy,234932070
2024-08-27 09:43:20,20250.0,600,Buy,234932168
2024-08-27 09:43:26,20250.0,100,Buy,234932289
2024-08-27 09:43:27,20250.0,200,Buy,234932298
2024-08-27 09:43:30,20250.0,4100,Buy,234932369
2024-08-27 09:43:30,20250.0,100,Buy,234932367
2024-08-27 09:43:30,20250.0,100,Buy,234932366
2024-08-27 09:43:30,20250.0,2000,Buy,234932368
2024-08-27 09:43:30,20250.0,200,Buy,234932364
2024-08-27 09:43:30,20250.0,500,Buy,234932363
2024-08-27 09:43:30,20250.0,1000,Buy,234932362
2024-08-27 09:43:30,20250.0,8900,Buy,234932361
2024-08-27 09:43:30,20250.0,100,Buy,234932365
2024-08-27 09:43:33,20250.0,1000,Buy,234932469
2024-08-27 09:43:33,20250.0,100,Buy,234932470
2024-08-27 09:43:34,20250.0,500,Buy,234932538
2024-08-27 09:43:34,20250.0,1500,Buy,234932539
2024-08-27 09:43:36,20250.0,1000,Buy,234932585
2024-08-27 09:43:36,20200.0,200,Sell,234932587
2024-08-27 09:43:37,20250.0,1500,Buy,234932604
2024-08-27 09:43:40,20250.0,200,Buy,234932680
2024-08-27 09:43:41,20200.0,500,Sell,234932714
2024-08-27 09:43:42,20250.0,2000,Buy,234932733
2024-08-27 09:43:42,20250.0,3400,Buy,234932731
2024-08-27 09:43:42,20250.0,500,Buy,234932729
2024-08-27 09:43:42,20250.0,500,Buy,234932730
2024-08-27 09:43:42,20250.0,1600,Buy,234932727
2024-08-27 09:43:42,20250.0,15800,Buy,234932725
2024-08-27 09:43:42,20250.0,100,Buy,234932728
2024-08-27 09:43:42,20250.0,4000,Buy,234932726
2024-08-27 09:43:46,20250.0,1000,Buy,234932853
2024-08-27 09:43:48,20250.0,400,Buy,234932882
2024-08-27 09:43:48,20250.0,10000,Buy,234932883
2024-08-27 09:43:48,20250.0,100,Buy,234932884
2024-08-27 09:43:48,20250.0,500,Buy,234932885
2024-08-27 09:43:48,20300.0,5000,Buy,234932886
2024-08-27 09:43:48,20250.0,2000,Buy,234932881
2024-08-27 09:43:58,20250.0,1000,Sell,234933082
2024-08-27 09:43:58,20300.0,2000,Buy,234933107
2024-08-27 09:44:03,20300.0,2700,Buy,234933320
2024-08-27 09:44:06,20250.0,100,Sell,234933366
2024-08-27 09:44:07,20250.0,1500,Sell,234933395
2024-08-27 09:44:07,20250.0,500,Sell,234933394
2024-08-27 09:44:07,20250.0,400,Sell,234933391
2024-08-27 09:44:07,20250.0,9300,Sell,234933392
2024-08-27 09:44:07,20250.0,1000,Sell,234933393
2024-08-27 09:44:07,20250.0,500,Sell,234933389
2024-08-27 09:44:09,20300.0,100,Buy,234933431
2024-08-27 09:44:09,20250.0,4900,Sell,234933435
2024-08-27 09:44:12,20250.0,2000,Sell,234933527
2024-08-27 09:44:12,20250.0,500,Sell,234933541
2024-08-27 09:44:15,20250.0,100,Buy,234933595
2024-08-27 09:44:15,20250.0,100,Buy,234933594
2024-08-27 09:44:16,20250.0,1800,Sell,234933630
2024-08-27 09:44:20,20300.0,100,Buy,234933706
2024-08-27 09:44:27,20250.0,100,Buy,234933892
2024-08-27 09:44:27,20250.0,5000,Buy,234933893
2024-08-27 09:44:27,20250.0,200,Buy,234933894
2024-08-27 09:44:27,20250.0,4700,Buy,234933895
2024-08-27 09:44:27,20250.0,20000,Buy,234933900
2024-08-27 09:44:30,20250.0,1000,Buy,234933970
2024-08-27 09:44:33,20200.0,100,Sell,234934030
2024-08-27 09:44:40,20250.0,1900,Buy,234934138
2024-08-27 09:44:47,20250.0,1000,Buy,234934319
2024-08-27 09:44:57,20250.0,200,Buy,234934544
2024-08-27 09:44:59,20200.0,300,Sell,234934569
2024-08-27 09:45:01,20250.0,1000,Buy,234934612
2024-08-27 09:45:12,20200.0,1000,Sell,234934932
2024-08-27 09:45:20,20200.0,3000,Sell,234935091
2024-08-27 09:45:23,20200.0,1000,Sell,234935201
2024-08-27 09:45:27,20200.0,7600,Sell,234935305
2024-08-27 09:45:28,20200.0,100,Sell,234935355
2024-08-27 09:45:29,20200.0,1000,Sell,234935359
2024-08-27 09:45:34,20250.0,100,Buy,234935510
2024-08-27 09:45:35,20200.0,600,Sell,234935529
2024-08-27 09:45:48,20200.0,100,Sell,234935876
2024-08-27 09:45:48,20250.0,1000,Buy,234935893
2024-08-27 09:45:50,20200.0,1000,Sell,234935931
2024-08-27 09:45:50,20250.0,3500,Buy,234935935
2024-08-27 09:45:52,20250.0,3900,Buy,234935969
2024-08-27 09:45:53,20200.0,100,Sell,234935994
2024-08-27 09:45:57,20250.0,500,Buy,234936113
2024-08-27 09:45:57,20200.0,2400,Sell,234936107
2024-08-27 09:46:00,20200.0,100,Sell,234936191
2024-08-27 09:46:01,20200.0,200,Sell,234936214
2024-08-27 09:46:04,20200.0,1000,Sell,234936280
2024-08-27 09:46:07,20250.0,100,Buy,234936333
2024-08-27 09:46:13,20200.0,100,Sell,234936442
2024-08-27 09:46:15,20250.0,1500,Buy,234936472
2024-08-27 09:46:18,20200.0,400,Sell,234936513
2024-08-27 09:46:18,20200.0,1000,Sell,234936514
2024-08-27 09:46:18,20200.0,600,Sell,234936515
2024-08-27 09:46:24,20200.0,100,Sell,234936662
2024-08-27 09:46:25,20200.0,1700,Sell,234936683
2024-08-27 09:46:27,20200.0,700,Sell,234936711
2024-08-27 09:46:41,20200.0,100,Sell,234937043
2024-08-27 09:46:43,20250.0,1000,Buy,234937082
2024-08-27 09:46:45,20200.0,800,Sell,234937154
2024-08-27 09:46:45,20200.0,200,Sell,234937155
2024-08-27 09:46:45,20200.0,4800,Sell,234937156
2024-08-27 09:46:50,20200.0,200,Sell,234937279
2024-08-27 09:46:53,20200.0,100,Sell,234937357
2024-08-27 09:46:54,20200.0,100,Sell,234937377
2024-08-27 09:46:55,20200.0,300,Sell,234937380
2024-08-27 09:46:56,20200.0,24500,Sell,234937399
2024-08-27 09:46:56,20200.0,500,Sell,234937406
2024-08-27 09:46:56,20200.0,100,Sell,234937405
2024-08-27 09:46:56,20200.0,200,Sell,234937404
2024-08-27 09:46:56,20200.0,500,Sell,234937407
2024-08-27 09:46:56,20200.0,2000,Sell,234937402
2024-08-27 09:46:56,20200.0,2000,Sell,234937401
2024-08-27 09:46:56,20200.0,100,Sell,234937400
2024-08-27 09:46:56,20200.0,100,Sell,234937403
2024-08-27 09:46:57,20200.0,4900,Sell,234937445
2024-08-27 09:46:57,20200.0,300,Sell,234937444
2024-08-27 09:46:57,20200.0,800,Sell,234937443
2024-08-27 09:46:57,20200.0,100,Sell,234937442
2024-08-27 09:46:57,20200.0,200,Sell,234937441
2024-08-27 09:46:57,20200.0,500,Sell,234937440
2024-08-27 09:46:57,20200.0,4000,Sell,234937439
2024-08-27 09:46:57,20200.0,5000,Sell,234937423
2024-08-27 09:46:57,20200.0,1000,Sell,234937425
2024-08-27 09:46:57,20200.0,200,Sell,234937424
2024-08-27 09:46:57,20200.0,300,Sell,234937422
2024-08-27 09:46:57,20200.0,100,Sell,234937421
2024-08-27 09:46:57,20200.0,1000,Sell,234937420
2024-08-27 09:46:57,20200.0,200,Sell,234937419
2024-08-27 09:46:57,20200.0,500,Sell,234937418
2024-08-27 09:46:57,20200.0,100,Sell,234937438
2024-08-27 09:47:02,20200.0,200,Buy,234937548
2024-08-27 09:47:05,20200.0,100,Buy,234937613
2024-08-27 09:47:13,20200.0,1000,Buy,234937753
2024-08-27 09:47:17,20200.0,300,Buy,234937851
2024-08-27 09:47:27,20150.0,700,Sell,234938075
2024-08-27 09:47:27,20150.0,1000,Sell,234938074
2024-08-27 09:47:27,20150.0,100,Sell,234938072
2024-08-27 09:47:27,20150.0,200,Sell,234938071
2024-08-27 09:47:27,20150.0,3000,Sell,234938073
2024-08-27 09:47:28,20200.0,400,Buy,234938091
2024-08-27 09:47:28,20200.0,600,Buy,234938092
2024-08-27 09:47:36,20150.0,100,Sell,234938245
2024-08-27 09:47:51,20150.0,100,Sell,234938510
2024-08-27 09:47:51,20150.0,1100,Sell,234938511
2024-08-27 09:47:51,20150.0,2000,Sell,234938512
2024-08-27 09:47:51,20150.0,3000,Sell,234938513
2024-08-27 09:47:51,20150.0,200,Sell,234938514
2024-08-27 09:47:51,20150.0,500,Sell,234938515
2024-08-27 09:47:51,20150.0,100,Sell,234938516
2024-08-27 09:47:51,20150.0,3100,Sell,234938517
2024-08-27 09:47:52,20150.0,1000,Sell,234938534
2024-08-27 09:47:55,20150.0,900,Sell,234938613
2024-08-27 09:47:55,20150.0,900,Sell,234938611
2024-08-27 09:47:55,20150.0,200,Sell,234938612
2024-08-27 09:47:56,20150.0,100,Sell,234938621
2024-08-27 09:47:56,20150.0,600,Sell,234938619
2024-08-27 09:47:56,20150.0,100,Sell,234938620
2024-08-27 09:48:04,20100.0,100,Sell,234938816
2024-08-27 09:48:04,20150.0,200,Buy,234938819
2024-08-27 09:48:04,20150.0,3000,Buy,234938820
2024-08-27 09:48:04,20150.0,500,Buy,234938821
2024-08-27 09:48:04,20150.0,100,Buy,234938825
2024-08-27 09:48:04,20150.0,5000,Buy,234938837
2024-08-27 09:48:05,20150.0,100,Buy,234938850
2024-08-27 09:48:06,20150.0,100,Buy,234938860
2024-08-27 09:48:20,20150.0,900,Buy,234939249
2024-08-27 09:48:24,20150.0,200,Buy,234939336
2024-08-27 09:48:27,20100.0,500,Sell,234939395
2024-08-27 09:48:41,20150.0,4000,Buy,234939641
2024-08-27 09:48:41,20150.0,1000,Buy,234939640
2024-08-27 09:48:41,20150.0,100,Buy,234939639
2024-08-27 09:48:41,20150.0,1600,Buy,234939636
2024-08-27 09:48:41,20150.0,5000,Buy,234939637
2024-08-27 09:48:41,20150.0,3100,Buy,234939634
2024-08-27 09:48:41,20150.0,200,Buy,234939638
2024-08-27 09:48:41,20150.0,1600,Buy,234939635
2024-08-27 09:48:43,20200.0,1500,Buy,234939700
2024-08-27 09:48:44,20150.0,500,Sell,234939704
2024-08-27 09:48:49,20150.0,2000,Sell,234939817
2024-08-27 09:49:00,20150.0,100,Sell,234940047
2024-08-27 09:49:08,20150.0,800,Sell,234940249
2024-08-27 09:49:10,20150.0,1000,Sell,234940269
2024-08-27 09:49:14,20200.0,2000,Buy,234940363
2024-08-27 09:49:24,20200.0,500,Buy,234940543
2024-08-27 09:49:30,20200.0,1600,Buy,234940613
2024-08-27 09:49:30,20200.0,1000,Buy,234940612
2024-08-27 09:49:31,20200.0,2800,Buy,234940620
2024-08-27 09:49:31,20200.0,3200,Buy,234940621
2024-08-27 09:49:31,20200.0,500,Buy,234940622
2024-08-27 09:49:31,20200.0,1000,Buy,234940623
2024-08-27 09:49:31,20200.0,500,Buy,234940624
2024-08-27 09:49:31,20200.0,2000,Buy,234940625
2024-08-27 09:49:32,20200.0,100,Buy,234940690
2024-08-27 09:49:57,20150.0,2800,Sell,234941079
2024-08-27 09:50:06,20200.0,10000,Buy,234941284
2024-08-27 09:50:06,20200.0,500,Buy,234941283
2024-08-27 09:50:06,20200.0,300,Buy,234941282
2024-08-27 09:50:06,20200.0,500,Buy,234941278
2024-08-27 09:50:06,20200.0,3700,Buy,234941280
2024-08-27 09:50:06,20200.0,500,Buy,234941279
2024-08-27 09:50:06,20200.0,100,Buy,234941285
2024-08-27 09:50:06,20200.0,400,Buy,234941277
2024-08-27 09:50:06,20200.0,1000,Buy,234941281
2024-08-27 09:50:06,20200.0,100,Buy,234941286
2024-08-27 09:50:06,20200.0,100,Buy,234941291
2024-08-27 09:50:06,20200.0,3500,Buy,234941288
2024-08-27 09:50:06,20200.0,800,Buy,234941289
2024-08-27 09:50:06,20200.0,200,Buy,234941290
2024-08-27 09:50:06,20200.0,2000,Buy,234941292
2024-08-27 09:50:06,20200.0,1000,Buy,234941276
2024-08-27 09:50:06,20200.0,500,Buy,234941293
2024-08-27 09:50:06,20200.0,100,Buy,234941294
2024-08-27 09:50:06,20200.0,1000,Buy,234941295
2024-08-27 09:50:06,20200.0,2000,Buy,234941296
2024-08-27 09:50:06,20200.0,600,Buy,234941297
2024-08-27 09:50:06,20200.0,1000,Buy,234941287
2024-08-27 09:50:06,20200.0,500,Buy,234941275
2024-08-27 09:50:06,20200.0,5000,Buy,234941255
2024-08-27 09:50:06,20200.0,1000,Buy,234941273
2024-08-27 09:50:06,20200.0,600,Buy,234941274
2024-08-27 09:50:06,20200.0,100,Buy,234941250
2024-08-27 09:50:06,20200.0,1000,Buy,234941251
2024-08-27 09:50:06,20200.0,5000,Buy,234941252
2024-08-27 09:50:06,20200.0,15000,Buy,234941254
2024-08-27 09:50:06,20200.0,10000,Buy,234941256
2024-08-27 09:50:06,20200.0,1000,Buy,234941257
2024-08-27 09:50:06,20200.0,200,Buy,234941258
2024-08-27 09:50:06,20200.0,1000,Buy,234941259
2024-08-27 09:50:06,20200.0,500,Buy,234941260
2024-08-27 09:50:06,20200.0,100,Buy,234941261
2024-08-27 09:50:06,20200.0,1000,Buy,234941253
2024-08-27 09:50:06,20200.0,100,Buy,234941263
2024-08-27 09:50:06,20200.0,100,Buy,234941271
2024-08-27 09:50:06,20200.0,5000,Buy,234941270
2024-08-27 09:50:06,20200.0,2000,Buy,234941269
2024-08-27 09:50:06,20200.0,400,Buy,234941262
2024-08-27 09:50:06,20200.0,2000,Buy,234941272
2024-08-27 09:50:06,20200.0,100,Buy,234941267
2024-08-27 09:50:06,20200.0,5000,Buy,234941266
2024-08-27 09:50:06,20200.0,100,Buy,234941265
2024-08-27 09:50:06,20200.0,3000,Buy,234941264
2024-08-27 09:50:06,20200.0,100,Buy,234941268
2024-08-27 09:50:22,20200.0,100,Sell,234941566
2024-08-27 09:50:23,20200.0,100,Sell,234941595
2024-08-27 09:50:24,20200.0,1000,Sell,234941618
2024-08-27 09:50:31,20200.0,4000,Sell,234941733
2024-08-27 09:50:31,20200.0,1000,Sell,234941734
2024-08-27 09:50:45,20200.0,200,Sell,234942050
2024-08-27 09:50:46,20200.0,3200,Sell,234942059
2024-08-27 09:50:46,20200.0,5000,Sell,234942060
2024-08-27 09:50:46,20200.0,8000,Sell,234942058
2024-08-27 09:50:46,20200.0,3800,Sell,234942057
2024-08-27 09:50:50,20200.0,7000,Sell,234942204
2024-08-27 09:50:51,20200.0,1000,Sell,234942216
2024-08-27 09:50:57,20200.0,400,Sell,234942312
2024-08-27 09:50:57,20200.0,100,Sell,234942313
2024-08-27 09:50:57,20200.0,500,Sell,234942314
2024-08-27 09:50:57,20200.0,200,Sell,234942315
2024-08-27 09:50:57,20200.0,5000,Sell,234942351
2024-08-27 09:50:58,20200.0,2800,Sell,234942374
2024-08-27 09:50:59,20200.0,1500,Sell,234942375
2024-08-27 09:50:59,20200.0,700,Sell,234942376
2024-08-27 09:50:59,20200.0,1000,Sell,234942389
2024-08-27 09:51:01,20200.0,200,Sell,234942450
2024-08-27 09:51:02,20200.0,300,Sell,234942467
2024-08-27 09:51:03,20200.0,1000,Sell,234942486
2024-08-27 09:51:04,20200.0,2000,Sell,234942500
2024-08-27 09:51:05,20200.0,1700,Sell,234942523
2024-08-27 09:51:11,20200.0,300,Buy,234942626
2024-08-27 09:51:18,20200.0,5000,Buy,234942761
2024-08-27 09:51:47,20200.0,2500,Buy,234943312
2024-08-27 09:51:56,20150.0,1000,Sell,234943475
2024-08-27 09:51:59,20150.0,100,Sell,234943503
2024-08-27 09:52:22,20200.0,500,Buy,234943933
2024-08-27 09:52:23,20150.0,1000,Sell,234943949
2024-08-27 09:52:28,20150.0,200,Sell,234944051
2024-08-27 09:52:39,20200.0,500,Buy,234944253
2024-08-27 09:52:40,20200.0,100,Buy,234944261
2024-08-27 09:52:50,20200.0,400,Buy,234944523
2024-08-27 09:52:50,20200.0,500,Buy,234944524
2024-08-27 09:52:52,20150.0,2000,Sell,234944581
2024-08-27 09:53:03,20150.0,100,Sell,234944846
2024-08-27 09:53:18,20150.0,1000,Sell,234945206
2024-08-27 09:53:26,20150.0,200,Sell,234945355
2024-08-27 09:53:27,20150.0,1000,Sell,234945364
2024-08-27 09:54:08,20150.0,200,Sell,234946183
2024-08-27 09:54:10,20150.0,300,Sell,234946225
2024-08-27 09:54:13,20150.0,2800,Sell,234946274
2024-08-27 09:54:13,20150.0,2200,Sell,234946275
2024-08-27 09:54:19,20150.0,15000,Sell,234946421
2024-08-27 09:54:29,20200.0,300,Buy,234946557
2024-08-27 09:54:30,20150.0,200,Sell,234946578
2024-08-27 09:54:32,20150.0,500,Sell,234946595
2024-08-27 09:54:44,20200.0,2500,Buy,234946819
2024-08-27 09:54:44,20200.0,600,Buy,234946818
2024-08-27 09:54:44,20200.0,100,Buy,234946817
2024-08-27 09:54:44,20200.0,9200,Buy,234946812
2024-08-27 09:54:44,20200.0,2000,Buy,234946815
2024-08-27 09:54:44,20200.0,100,Buy,234946814
2024-08-27 09:54:44,20200.0,5000,Buy,234946813
2024-08-27 09:54:44,20200.0,500,Buy,234946816
2024-08-27 09:54:45,20150.0,300,Sell,234946847
2024-08-27 09:54:46,20150.0,1000,Sell,234946877
2024-08-27 09:54:49,20150.0,5000,Sell,234946925
2024-08-27 09:54:58,20150.0,100,Sell,234947049
2024-08-27 09:55:00,20150.0,5000,Sell,234947082
2024-08-27 09:55:12,20150.0,6700,Sell,234947317
2024-08-27 09:55:14,20150.0,5000,Sell,234947351
2024-08-27 09:55:37,20150.0,1000,Sell,234947776
2024-08-27 09:55:37,20150.0,10000,Sell,234947782
2024-08-27 09:55:42,20150.0,500,Sell,234947904
2024-08-27 09:55:48,20150.0,200,Sell,234948010
2024-08-27 09:55:51,20150.0,5000,Sell,234948084
2024-08-27 09:55:52,20150.0,1000,Sell,234948099
2024-08-27 09:55:52,20150.0,2500,Sell,234948101
2024-08-27 09:55:52,20150.0,8600,Sell,234948098
2024-08-27 09:55:52,20150.0,400,Sell,234948100
2024-08-27 09:55:57,20150.0,100,Sell,234948209
2024-08-27 09:56:01,20150.0,3400,Sell,234948274
2024-08-27 09:56:01,20150.0,7000,Sell,234948277
2024-08-27 09:56:01,20150.0,7400,Sell,234948273
2024-08-27 09:56:01,20150.0,1000,Sell,234948275
2024-08-27 09:56:01,20150.0,1200,Sell,234948276
2024-08-27 09:56:03,20150.0,500,Sell,234948296
2024-08-27 09:56:04,20150.0,1000,Sell,234948310
2024-08-27 09:56:04,20150.0,2000,Sell,234948313
2024-08-27 09:56:04,20150.0,9500,Sell,234948331
2024-08-27 09:56:04,20150.0,500,Sell,234948332
2024-08-27 09:56:06,20150.0,2000,Sell,234948362
2024-08-27 09:56:06,20150.0,4400,Sell,234948352
2024-08-27 09:56:06,20150.0,300,Sell,234948349
2024-08-27 09:56:06,20150.0,200,Sell,234948348
2024-08-27 09:56:06,20150.0,3400,Sell,234948351
2024-08-27 09:56:06,20150.0,100,Sell,234948346
2024-08-27 09:56:06,20150.0,100,Sell,234948345
2024-08-27 09:56:06,20150.0,100,Sell,234948344
2024-08-27 09:56:06,20150.0,300,Sell,234948343
2024-08-27 09:56:06,20150.0,100,Sell,234948347
2024-08-27 09:56:06,20150.0,1000,Sell,234948350
2024-08-27 09:56:07,20150.0,5200,Sell,234948368
2024-08-27 09:56:07,20150.0,2800,Sell,234948369
2024-08-27 09:56:07,20150.0,1500,Sell,234948370
2024-08-27 09:56:07,20150.0,100,Buy,234948377
2024-08-27 09:56:15,20100.0,400,Sell,234948628
2024-08-27 09:56:23,20150.0,400,Buy,234948795
2024-08-27 09:56:23,20150.0,1500,Buy,234948796
2024-08-27 09:56:23,20150.0,300,Buy,234948797
2024-08-27 09:56:23,20150.0,900,Buy,234948798
2024-08-27 09:56:37,20150.0,500,Buy,234949019
2024-08-27 09:56:47,20100.0,100,Sell,234949152
2024-08-27 09:56:54,20100.0,400,Sell,234949277
2024-08-27 09:57:09,20100.0,1300,Sell,234949583
2024-08-27 09:57:09,20100.0,100,Sell,234949582
2024-08-27 09:57:09,20100.0,1000,Sell,234949581
2024-08-27 09:57:09,20100.0,300,Sell,234949576
2024-08-27 09:57:09,20100.0,2000,Sell,234949579
2024-08-27 09:57:09,20100.0,5000,Sell,234949578
2024-08-27 09:57:09,20100.0,100,Sell,234949577
2024-08-27 09:57:09,20100.0,200,Sell,234949580
2024-08-27 09:57:25,20100.0,700,Sell,234949847
2024-08-27 09:57:25,20100.0,300,Sell,234949848
2024-08-27 09:57:39,20100.0,200,Sell,234950188
2024-08-27 09:57:45,20150.0,3600,Buy,234950255
2024-08-27 09:57:45,20150.0,6400,Buy,234950256
2024-08-27 09:57:46,20150.0,700,Buy,234950262
2024-08-27 09:57:47,20100.0,500,Sell,234950275
2024-08-27 09:58:06,20150.0,300,Buy,234950554
2024-08-27 09:58:56,20150.0,1000,Buy,234951266
2024-08-27 09:59:00,20100.0,1000,Sell,234951324
2024-08-27 09:59:05,20100.0,100,Sell,234951390
2024-08-27 09:59:19,20100.0,100,Sell,234951643
2024-08-27 09:59:48,20100.0,2000,Sell,234952048
2024-08-27 10:00:08,20150.0,700,Buy,234952469
2024-08-27 10:00:17,20150.0,100,Buy,234952655
2024-08-27 10:00:18,20150.0,500,Buy,234952672
2024-08-27 10:00:32,20150.0,200,Buy,234952925
2024-08-27 10:00:44,20100.0,100,Sell,234953078
2024-08-27 10:00:46,20150.0,1000,Buy,234953113
2024-08-27 10:00:52,20100.0,400,Sell,234953213
2024-08-27 10:00:55,20100.0,100,Sell,234953249
2024-08-27 10:01:08,20150.0,100,Buy,234953424
2024-08-27 10:01:09,20150.0,800,Buy,234953433
2024-08-27 10:01:17,20150.0,2200,Buy,234953589
2024-08-27 10:01:17,20150.0,1000,Buy,234953590
2024-08-27 10:01:17,20150.0,400,Buy,234953591
2024-08-27 10:01:31,20100.0,200,Sell,234953810
2024-08-27 10:01:31,20100.0,800,Sell,234953811
2024-08-27 10:01:42,20100.0,100,Sell,234954026
2024-08-27 10:01:48,20100.0,500,Sell,234954116
2024-08-27 10:02:05,20100.0,1000,Sell,234954423
2024-08-27 10:02:07,20100.0,2000,Sell,234954451
2024-08-27 10:02:21,20150.0,300,Buy,234954664
2024-08-27 10:02:21,20150.0,500,Buy,234954665
2024-08-27 10:02:21,20150.0,1000,Buy,234954667
2024-08-27 10:02:21,20150.0,1000,Buy,234954668
2024-08-27 10:02:21,20150.0,200,Buy,234954669
2024-08-27 10:02:21,20150.0,300,Buy,234954674
2024-08-27 10:02:21,20150.0,2800,Buy,234954671
2024-08-27 10:02:21,20150.0,2200,Buy,234954672
2024-08-27 10:02:21,20150.0,1200,Buy,234954673
2024-08-27 10:02:21,20150.0,1000,Buy,234954663
2024-08-27 10:02:21,20150.0,1000,Buy,234954675
2024-08-27 10:02:21,20150.0,200,Buy,234954670
2024-08-27 10:02:21,20150.0,5000,Buy,234954662
2024-08-27 10:02:21,20150.0,10000,Buy,234954666
2024-08-27 10:02:21,20150.0,10000,Buy,234954660
2024-08-27 10:02:21,20150.0,200,Buy,234954659
2024-08-27 10:02:21,20150.0,1000,Buy,234954658
2024-08-27 10:02:21,20150.0,1000,Buy,234954657
2024-08-27 10:02:21,20150.0,10100,Buy,234954656
2024-08-27 10:02:21,20150.0,2000,Buy,234954655
2024-08-27 10:02:21,20150.0,200,Buy,234954654
2024-08-27 10:02:21,20150.0,5000,Buy,234954653
2024-08-27 10:02:21,20150.0,10000,Buy,234954652
2024-08-27 10:02:21,20150.0,1100,Buy,234954651
2024-08-27 10:02:21,20150.0,500,Buy,234954650
2024-08-27 10:02:21,20150.0,100,Buy,234954649
2024-08-27 10:02:21,20150.0,500,Buy,234954648
2024-08-27 10:02:21,20150.0,600,Buy,234954647
2024-08-27 10:02:21,20150.0,1000,Buy,234954661
2024-08-27 10:02:31,20150.0,200,Buy,234954796
2024-08-27 10:02:34,20150.0,100,Buy,234954860
2024-08-27 10:02:34,20150.0,100,Buy,234954859
2024-08-27 10:02:35,20200.0,1000,Buy,234954909
2024-08-27 10:02:35,20200.0,200,Buy,234954896
2024-08-27 10:02:35,20200.0,500,Buy,234954897
2024-08-27 10:02:35,20200.0,1000,Buy,234954898
2024-08-27 10:02:35,20200.0,600,Buy,234954899
2024-08-27 10:02:35,20200.0,300,Buy,234954900
2024-08-27 10:02:35,20200.0,300,Buy,234954901
2024-08-27 10:02:35,20200.0,2200,Buy,234954895
2024-08-27 10:02:35,20200.0,1000,Buy,234954903
2024-08-27 10:02:35,20200.0,1000,Buy,234954904
2024-08-27 10:02:35,20200.0,200,Buy,234954905
2024-08-27 10:02:35,20200.0,100,Buy,234954906
2024-08-27 10:02:35,20200.0,100,Buy,234954907
2024-08-27 10:02:35,20200.0,100,Buy,234954908
2024-08-27 10:02:35,20200.0,300,Buy,234954902
2024-08-27 10:02:35,20200.0,2800,Buy,234954894
2024-08-27 10:02:35,20200.0,300,Buy,234954885
2024-08-27 10:02:35,20200.0,100,Buy,234954892
2024-08-27 10:02:35,20200.0,500,Buy,234954893
2024-08-27 10:02:35,20150.0,400,Buy,234954877
2024-08-27 10:02:35,20150.0,100,Buy,234954878
2024-08-27 10:02:35,20150.0,1000,Buy,234954879
2024-08-27 10:02:35,20150.0,100,Buy,234954880
2024-08-27 10:02:35,20200.0,2500,Buy,234954881
2024-08-27 10:02:35,20200.0,2600,Buy,234954882
2024-08-27 10:02:35,20200.0,200,Buy,234954884
2024-08-27 10:02:35,20200.0,200,Buy,234954883
2024-08-27 10:02:35,20200.0,100,Buy,234954890
2024-08-27 10:02:35,20200.0,900,Buy,234954889
2024-08-27 10:02:35,20200.0,500,Buy,234954891
2024-08-27 10:02:35,20200.0,300,Buy,234954887
2024-08-27 10:02:35,20200.0,1500,Buy,234954886
2024-08-27 10:02:35,20200.0,1000,Buy,234954888
2024-08-27 10:02:58,20150.0,10000,Sell,234955269
2024-08-27 10:03:14,20150.0,200,Sell,234955519
2024-08-27 10:03:19,20150.0,12000,Sell,234955594
2024-08-27 10:03:22,20150.0,500,Sell,234955626
2024-08-27 10:03:25,20200.0,100,Buy,234955663
2024-08-27 10:03:29,20150.0,10000,Sell,234955739
2024-08-27 10:03:29,20150.0,1000,Sell,234955740
2024-08-27 10:03:29,20150.0,500,Sell,234955741
2024-08-27 10:03:29,20150.0,700,Sell,234955742
2024-08-27 10:03:29,20150.0,700,Sell,234955743
2024-08-27 10:03:29,20150.0,1200,Sell,234955736
2024-08-27 10:03:29,20150.0,1100,Sell,234955738
2024-08-27 10:03:39,20150.0,1000,Sell,234955895
2024-08-27 10:03:48,20150.0,700,Sell,234956005
2024-08-27 10:03:48,20150.0,300,Sell,234956004
2024-08-27 10:03:50,20150.0,1200,Sell,234956020
2024-08-27 10:03:50,20150.0,3800,Sell,234956019
2024-08-27 10:03:52,20150.0,100,Sell,234956073
2024-08-27 10:03:57,20150.0,800,Sell,234956155
2024-08-27 10:03:57,20150.0,300,Sell,234956156
2024-08-27 10:03:57,20150.0,200,Sell,234956157
2024-08-27 10:03:57,20150.0,300,Sell,234956158
2024-08-27 10:03:57,20150.0,200,Sell,234956159
2024-08-27 10:04:14,20150.0,200,Buy,234956440
2024-08-27 10:04:25,20150.0,1000,Buy,234956680
2024-08-27 10:04:45,20150.0,1200,Buy,234956968
2024-08-27 10:05:00,20150.0,1300,Buy,234957288
2024-08-27 10:05:00,20150.0,200,Buy,234957289
2024-08-27 10:05:04,20150.0,100,Buy,234957327
2024-08-27 10:05:16,20150.0,200,Buy,234957476
2024-08-27 10:05:16,20150.0,300,Buy,234957477
2024-08-27 10:05:16,20150.0,1000,Buy,234957478
2024-08-27 10:05:16,20150.0,100,Buy,234957479
2024-08-27 10:05:16,20150.0,500,Buy,234957480
2024-08-27 10:05:16,20150.0,100,Sell,234957481
2024-08-27 10:05:16,20150.0,200,Buy,234957475
2024-08-27 10:05:18,20150.0,2600,Sell,234957494
2024-08-27 10:05:21,20150.0,400,Sell,234957535
2024-08-27 10:05:40,20150.0,200,Sell,234957847
2024-08-27 10:05:40,20150.0,100,Sell,234957846
2024-08-27 10:05:40,20150.0,1800,Sell,234957844
2024-08-27 10:05:40,20150.0,100,Sell,234957845
2024-08-27 10:05:40,20150.0,2800,Sell,234957836
2024-08-27 10:05:43,20150.0,100,Buy,234957879
2024-08-27 10:05:44,20150.0,1000,Sell,234957882
2024-08-27 10:05:44,20150.0,700,Sell,234957883
2024-08-27 10:05:47,20150.0,500,Buy,234957948
2024-08-27 10:05:48,20150.0,100,Buy,234957955
2024-08-27 10:05:52,20150.0,1100,Buy,234958047
2024-08-27 10:05:52,20100.0,600,Sell,234958053
2024-08-27 10:05:52,20100.0,400,Sell,234958054
2024-08-27 10:05:55,20150.0,100,Buy,234958164
2024-08-27 10:06:00,20150.0,1500,Buy,234958267
2024-08-27 10:06:04,20150.0,1000,Buy,234958317
2024-08-27 10:06:04,20150.0,2000,Buy,234958318
2024-08-27 10:06:07,20150.0,7000,Sell,234958360
2024-08-27 10:06:16,20150.0,400,Buy,234958461
2024-08-27 10:06:19,20150.0,3200,Buy,234958497
2024-08-27 10:06:24,20150.0,1000,Sell,234958598
2024-08-27 10:06:25,20150.0,900,Sell,234958618
2024-08-27 10:06:27,20150.0,1200,Sell,234958653
2024-08-27 10:06:31,20150.0,100,Sell,234958709
2024-08-27 10:06:32,20150.0,100,Buy,234958758
2024-08-27 10:06:32,20150.0,3600,Sell,234958755
2024-08-27 10:06:32,20150.0,1000,Sell,234958757
2024-08-27 10:06:37,20150.0,5300,Buy,234958974
2024-08-27 10:06:37,20150.0,500,Sell,234958975
2024-08-27 10:06:49,20200.0,3900,Buy,234959538
2024-08-27 10:06:49,20200.0,500,Buy,234959539
2024-08-27 10:06:49,20200.0,5100,Buy,234959540
2024-08-27 10:06:50,20200.0,18500,Buy,234959566
2024-08-27 10:06:50,20200.0,5000,Buy,234959565
2024-08-27 10:06:50,20200.0,100,Buy,234959564
2024-08-27 10:06:50,20200.0,2200,Buy,234959563
2024-08-27 10:06:50,20200.0,2800,Buy,234959562
2024-08-27 10:06:50,20200.0,2000,Buy,234959561
2024-08-27 10:06:50,20200.0,1000,Buy,234959560
2024-08-27 10:06:50,20200.0,800,Buy,234959558
2024-08-27 10:06:50,20200.0,1000,Buy,234959557
2024-08-27 10:06:50,20200.0,100,Buy,234959556
2024-08-27 10:06:50,20200.0,1000,Buy,234959555
2024-08-27 10:06:50,20200.0,300,Buy,234959554
2024-08-27 10:06:50,20200.0,200,Buy,234959553
2024-08-27 10:06:50,20200.0,4900,Buy,234959552
2024-08-27 10:06:50,20200.0,100,Buy,234959559
2024-08-27 10:06:52,20200.0,5000,Buy,234959612
2024-08-27 10:06:57,20150.0,2000,Sell,234959676
2024-08-27 10:06:59,20200.0,5000,Buy,234959707
2024-08-27 10:07:14,20200.0,100,Buy,234959962
2024-08-27 10:07:14,20150.0,100,Sell,234959963
2024-08-27 10:07:18,20200.0,2000,Buy,234960009
2024-08-27 10:07:20,20200.0,1000,Buy,234960052
2024-08-27 10:07:33,20200.0,500,Buy,234960325
2024-08-27 10:07:34,20200.0,7000,Buy,234960341
2024-08-27 10:07:37,20200.0,1900,Buy,234960377
2024-08-27 10:07:37,20200.0,200,Buy,234960376
2024-08-27 10:07:37,20200.0,3400,Buy,234960374
2024-08-27 10:07:37,20200.0,100,Buy,234960375
2024-08-27 10:07:37,20200.0,200,Buy,234960372
2024-08-27 10:07:37,20200.0,100,Buy,234960371
2024-08-27 10:07:37,20200.0,1000,Buy,234960370
2024-08-27 10:07:37,20200.0,10900,Buy,234960369
2024-08-27 10:07:37,20200.0,6200,Buy,234960373
2024-08-27 10:07:38,20200.0,500,Buy,234960443
2024-08-27 10:07:38,20200.0,100,Buy,234960436
2024-08-27 10:07:38,20200.0,200,Buy,234960438
2024-08-27 10:07:38,20200.0,100,Buy,234960439
2024-08-27 10:07:38,20200.0,1000,Buy,234960440
2024-08-27 10:07:38,20200.0,1000,Buy,234960441
2024-08-27 10:07:38,20200.0,1000,Buy,234960442
2024-08-27 10:07:38,20200.0,1200,Buy,234960444
2024-08-27 10:07:38,20200.0,200,Buy,234960451
2024-08-27 10:07:38,20200.0,600,Buy,234960446
2024-08-27 10:07:38,20200.0,100,Buy,234960447
2024-08-27 10:07:38,20200.0,100,Buy,234960448
2024-08-27 10:07:38,20200.0,1000,Buy,234960449
2024-08-27 10:07:38,20200.0,100,Buy,234960450
2024-08-27 10:07:38,20200.0,500,Buy,234960434
2024-08-27 10:07:38,20200.0,1300,Buy,234960452
2024-08-27 10:07:38,20200.0,10000,Buy,234960445
2024-08-27 10:07:38,20200.0,4000,Buy,234960433
2024-08-27 10:07:38,20200.0,500,Buy,234960435
2024-08-27 10:07:38,20200.0,2000,Buy,234960431
2024-08-27 10:07:38,20200.0,1100,Buy,234960413
2024-08-27 10:07:38,20200.0,1000,Buy,234960432
2024-08-27 10:07:38,20200.0,1000,Buy,234960415
2024-08-27 10:07:38,20200.0,10000,Buy,234960416
2024-08-27 10:07:38,20200.0,300,Buy,234960417
2024-08-27 10:07:38,20200.0,500,Buy,234960418
2024-08-27 10:07:38,20200.0,500,Buy,234960419
2024-08-27 10:07:38,20200.0,2000,Buy,234960420
2024-08-27 10:07:38,20200.0,100,Buy,234960421
2024-08-27 10:07:38,20200.0,200,Buy,234960414
2024-08-27 10:07:38,20200.0,500,Buy,234960423
2024-08-27 10:07:38,20200.0,200,Buy,234960424
2024-08-27 10:07:38,20200.0,100,Buy,234960425
2024-08-27 10:07:38,20200.0,100,Buy,234960426
2024-08-27 10:07:38,20200.0,1000,Buy,234960427
2024-08-27 10:07:38,20200.0,2000,Buy,234960428
2024-08-27 10:07:38,20200.0,3000,Buy,234960429
2024-08-27 10:07:38,20200.0,400,Buy,234960430
2024-08-27 10:07:38,20200.0,500,Buy,234960422
2024-08-27 10:07:39,20200.0,13700,Buy,234960461
2024-08-27 10:07:39,20200.0,2500,Buy,234960462
2024-08-27 10:07:39,20200.0,1500,Buy,234960463
2024-08-27 10:07:39,20200.0,1000,Buy,234960464
2024-08-27 10:07:39,20200.0,1300,Buy,234960465
2024-08-27 10:07:41,20200.0,800,Buy,234960491
2024-08-27 10:07:42,20200.0,500,Buy,234960510
2024-08-27 10:07:42,20200.0,2600,Buy,234960511
2024-08-27 10:07:42,20200.0,1900,Buy,234960509
2024-08-27 10:07:45,20200.0,800,Buy,234960543
2024-08-27 10:07:46,20200.0,1600,Buy,234960576
2024-08-27 10:07:46,20200.0,1400,Buy,234960577
2024-08-27 10:07:47,20200.0,200,Buy,234960597
2024-08-27 10:07:49,20200.0,2400,Buy,234960617
2024-08-27 10:07:49,20200.0,100,Buy,234960618
2024-08-27 10:07:49,20200.0,300,Buy,234960619
2024-08-27 10:07:50,20200.0,1000,Buy,234960639
2024-08-27 10:07:50,20200.0,600,Buy,234960637
2024-08-27 10:07:50,20200.0,100,Buy,234960638
2024-08-27 10:07:50,20200.0,200,Buy,234960636
2024-08-27 10:07:50,20200.0,1700,Buy,234960634
2024-08-27 10:07:50,20200.0,1400,Buy,234960635
2024-08-27 10:07:58,20200.0,400,Buy,234960810
2024-08-27 10:07:58,20200.0,200,Buy,234960811
2024-08-27 10:08:01,20200.0,500,Buy,234960850
2024-08-27 10:08:07,20200.0,1500,Buy,234961073
2024-08-27 10:08:07,20200.0,100,Buy,234961074
2024-08-27 10:08:08,20200.0,200,Sell,234961112
2024-08-27 10:08:09,20200.0,100,Sell,234961137
2024-08-27 10:08:12,20200.0,500,Sell,234961166
2024-08-27 10:08:15,20200.0,100,Sell,234961210
2024-08-27 10:08:16,20200.0,1500,Sell,234961236
2024-08-27 10:08:22,20200.0,100,Sell,234961380
2024-08-27 10:08:22,20200.0,5900,Sell,234961383
2024-08-27 10:08:22,20200.0,4100,Sell,234961384
2024-08-27 10:08:25,20200.0,100,Sell,234961467
2024-08-27 10:08:28,20250.0,1300,Buy,234961521
2024-08-27 10:08:28,20250.0,8600,Buy,234961519
2024-08-27 10:08:28,20250.0,100,Buy,234961520
2024-08-27 10:08:32,20200.0,100,Sell,234961651
2024-08-27 10:08:41,20200.0,100,Sell,234961762
2024-08-27 10:08:50,20200.0,5000,Sell,234961926
2024-08-27 10:08:52,20200.0,500,Sell,234961966
2024-08-27 10:08:52,20200.0,100,Sell,234962050
2024-08-27 10:09:00,20200.0,500,Sell,234962192
2024-08-27 10:09:09,20200.0,1500,Sell,234962328
2024-08-27 10:09:11,20200.0,300,Sell,234962349
2024-08-27 10:09:11,20200.0,1100,Sell,234962348
2024-08-27 10:09:21,20200.0,1600,Sell,234962482
2024-08-27 10:09:21,20200.0,2400,Sell,234962483
2024-08-27 10:09:21,20200.0,200,Sell,234962487
2024-08-27 10:09:21,20200.0,300,Sell,234962488
2024-08-27 10:09:23,20200.0,700,Sell,234962505
2024-08-27 10:09:23,20200.0,100,Sell,234962507
2024-08-27 10:09:23,20200.0,4000,Sell,234962508
2024-08-27 10:09:23,20200.0,1200,Sell,234962509
2024-08-27 10:09:24,20200.0,100,Sell,234962545
2024-08-27 10:09:24,20200.0,2000,Sell,234962548
2024-08-27 10:09:32,20250.0,1000,Buy,234962794
2024-08-27 10:09:32,20250.0,5000,Buy,234962807
2024-08-27 10:09:32,20250.0,1000,Buy,234962806
2024-08-27 10:09:32,20250.0,100,Buy,234962805
2024-08-27 10:09:32,20250.0,100,Buy,234962804
2024-08-27 10:09:32,20250.0,800,Buy,234962803
2024-08-27 10:09:32,20250.0,200,Buy,234962802
2024-08-27 10:09:32,20250.0,20000,Buy,234962801
2024-08-27 10:09:32,20250.0,100,Buy,234962799
2024-08-27 10:09:32,20250.0,100,Buy,234962798
2024-08-27 10:09:32,20250.0,400,Buy,234962808
2024-08-27 10:09:32,20250.0,200,Buy,234962797
2024-08-27 10:09:32,20250.0,100,Buy,234962796
2024-08-27 10:09:32,20250.0,500,Buy,234962795
2024-08-27 10:09:32,20250.0,1000,Buy,234962800
2024-08-27 10:09:32,20250.0,1000,Buy,234962809
2024-08-27 10:09:32,20250.0,600,Buy,234962793
2024-08-27 10:09:32,20250.0,2000,Buy,234962811
2024-08-27 10:09:32,20250.0,700,Buy,234962825
2024-08-27 10:09:32,20250.0,300,Buy,234962824
2024-08-27 10:09:32,20250.0,200,Buy,234962823
2024-08-27 10:09:32,20250.0,1000,Buy,234962822
2024-08-27 10:09:32,20250.0,300,Buy,234962821
2024-08-27 10:09:32,20250.0,200,Buy,234962820
2024-08-27 10:09:32,20250.0,600,Buy,234962810
2024-08-27 10:09:32,20250.0,500,Buy,234962819
2024-08-27 10:09:32,20250.0,600,Buy,234962817
2024-08-27 10:09:32,20250.0,1000,Buy,234962816
2024-08-27 10:09:32,20250.0,5000,Buy,234962815
2024-08-27 10:09:32,20250.0,200,Buy,234962814
2024-08-27 10:09:32,20250.0,300,Buy,234962813
2024-08-27 10:09:32,20250.0,200,Buy,234962812
2024-08-27 10:09:32,20250.0,500,Buy,234962818
2024-08-27 10:09:32,20250.0,1000,Buy,234962792
2024-08-27 10:09:32,20250.0,100,Buy,234962760
2024-08-27 10:09:32,20250.0,400,Buy,234962790
2024-08-27 10:09:32,20250.0,600,Buy,234962770
2024-08-27 10:09:32,20250.0,100,Buy,234962769
2024-08-27 10:09:32,20250.0,1000,Buy,234962768
2024-08-27 10:09:32,20250.0,100,Buy,234962767
2024-08-27 10:09:32,20250.0,500,Buy,234962766
2024-08-27 10:09:32,20250.0,100,Buy,234962765
2024-08-27 10:09:32,20250.0,6000,Buy,234962771
2024-08-27 10:09:32,20250.0,100,Buy,234962764
2024-08-27 10:09:32,20250.0,300,Buy,234962762
2024-08-27 10:09:32,20250.0,200,Buy,234962759
2024-08-27 10:09:32,20250.0,2200,Buy,234962758
2024-08-27 10:09:32,20250.0,2800,Buy,234962757
2024-08-27 10:09:32,20250.0,3700,Buy,234962756
2024-08-27 10:09:32,20250.0,500,Buy,234962791
2024-08-27 10:09:32,20250.0,500,Buy,234962763
2024-08-27 10:09:32,20250.0,2000,Buy,234962772
2024-08-27 10:09:32,20250.0,100,Buy,234962761
2024-08-27 10:09:32,20250.0,100,Buy,234962774
2024-08-27 10:09:32,20250.0,2000,Buy,234962789
2024-08-27 10:09:32,20250.0,2000,Buy,234962773
2024-08-27 10:09:32,20250.0,100,Buy,234962788
2024-08-27 10:09:32,20250.0,200,Buy,234962786
2024-08-27 10:09:32,20250.0,1000,Buy,234962785
2024-08-27 10:09:32,20250.0,2000,Buy,234962784
2024-08-27 10:09:32,20250.0,100,Buy,234962783
2024-08-27 10:09:32,20250.0,1000,Buy,234962787
2024-08-27 10:09:32,20250.0,100,Buy,234962781
2024-08-27 10:09:32,20250.0,2000,Buy,234962780
2024-08-27 10:09:32,20250.0,500,Buy,234962775
2024-08-27 10:09:32,20250.0,7000,Buy,234962779
2024-08-27 10:09:32,20250.0,500,Buy,234962778
2024-08-27 10:09:32,20250.0,3000,Buy,234962776
2024-08-27 10:09:32,20250.0,10000,Buy,234962777
2024-08-27 10:09:32,20250.0,300,Buy,234962782
2024-08-27 10:09:39,20200.0,700,Sell,234962991
2024-08-27 10:09:39,20200.0,1400,Sell,234962992
2024-08-27 10:09:39,20250.0,1000,Buy,234962981
2024-08-27 10:09:39,20200.0,500,Sell,234962982
2024-08-27 10:09:43,20250.0,100,Buy,234963084
2024-08-27 10:09:43,20250.0,500,Buy,234963078
2024-08-27 10:09:43,20250.0,200,Buy,234963079
2024-08-27 10:09:43,20250.0,100,Buy,234963077
2024-08-27 10:09:43,20250.0,200,Buy,234963080
2024-08-27 10:09:43,20250.0,2000,Buy,234963081
2024-08-27 10:09:43,20250.0,1000,Buy,234963082
2024-08-27 10:09:43,20250.0,100,Buy,234963083
2024-08-27 10:09:43,20250.0,100,Buy,234963085
2024-08-27 10:09:43,20250.0,800,Buy,234963094
2024-08-27 10:09:43,20250.0,100,Buy,234963087
2024-08-27 10:09:43,20250.0,1000,Buy,234963088
2024-08-27 10:09:43,20250.0,200,Buy,234963089
2024-08-27 10:09:43,20250.0,500,Buy,234963090
2024-08-27 10:09:43,20250.0,3000,Buy,234963091
2024-08-27 10:09:43,20250.0,300,Buy,234963092
2024-08-27 10:09:43,20250.0,1500,Buy,234963093
2024-08-27 10:09:43,20250.0,500,Buy,234963074
2024-08-27 10:09:43,20250.0,1000,Buy,234963086
2024-08-27 10:09:43,20250.0,500,Buy,234963073
2024-08-27 10:09:43,20250.0,1000,Buy,234963054
2024-08-27 10:09:43,20250.0,5000,Buy,234963071
2024-08-27 10:09:43,20250.0,300,Buy,234963051
2024-08-27 10:09:43,20250.0,100,Buy,234963052
2024-08-27 10:09:43,20250.0,100,Buy,234963053
2024-08-27 10:09:43,20250.0,500,Buy,234963055
2024-08-27 10:09:43,20250.0,1000,Buy,234963057
2024-08-27 10:09:43,20250.0,100,Buy,234963058
2024-08-27 10:09:43,20250.0,200,Buy,234963059
2024-08-27 10:09:43,20250.0,1000,Buy,234963072
2024-08-27 10:09:43,20250.0,200,Buy,234963061
2024-08-27 10:09:43,20250.0,500,Buy,234963060
2024-08-27 10:09:43,20250.0,100,Buy,234963063
2024-08-27 10:09:43,20250.0,1300,Buy,234963064
2024-08-27 10:09:43,20250.0,100,Buy,234963065
2024-08-27 10:09:43,20250.0,300,Buy,234963066
2024-08-27 10:09:43,20250.0,300,Buy,234963067
2024-08-27 10:09:43,20250.0,200,Buy,234963068
2024-08-27 10:09:43,20250.0,100,Buy,234963069
2024-08-27 10:09:43,20250.0,100,Buy,234963070
2024-08-27 10:09:43,20250.0,500,Buy,234963062
2024-08-27 10:09:46,20250.0,300,Buy,234963173
2024-08-27 10:09:48,20250.0,1600,Buy,234963240
2024-08-27 10:09:48,20250.0,400,Buy,234963241
2024-08-27 10:09:48,20250.0,100,Buy,234963242
2024-08-27 10:09:52,20250.0,1000,Sell,234963345
2024-08-27 10:10:00,20250.0,100,Sell,234963604
2024-08-27 10:10:02,20250.0,1300,Sell,234963650
2024-08-27 10:10:05,20250.0,500,Sell,234963749
2024-08-27 10:10:09,20250.0,100,Sell,234963869
2024-08-27 10:10:12,20250.0,900,Sell,234963915
2024-08-27 10:10:12,20250.0,4000,Sell,234963916
2024-08-27 10:10:14,20250.0,1000,Sell,234963951
2024-08-27 10:10:15,20250.0,4500,Sell,234963961
2024-08-27 10:10:15,20250.0,400,Sell,234963962
2024-08-27 10:10:15,20250.0,2000,Sell,234963963
2024-08-27 10:10:15,20250.0,500,Sell,234963964
2024-08-27 10:10:15,20250.0,200,Sell,234963965
2024-08-27 10:10:15,20250.0,7200,Sell,234963966
2024-08-27 10:10:15,20250.0,5000,Sell,234963960
2024-08-27 10:10:21,20250.0,200,Buy,234964094
2024-08-27 10:10:24,20250.0,100,Buy,234964134
2024-08-27 10:10:26,20250.0,3000,Buy,234964184
2024-08-27 10:10:28,20250.0,1000,Buy,234964221
2024-08-27 10:10:31,20250.0,25900,Buy,234964258
2024-08-27 10:10:31,20250.0,24100,Buy,234964259
2024-08-27 10:10:31,20250.0,25600,Buy,234964262
2024-08-27 10:10:31,20250.0,4400,Buy,234964263
2024-08-27 10:10:31,20250.0,100,Buy,234964282
2024-08-27 10:10:34,20250.0,400,Buy,234964319
2024-08-27 10:10:34,20250.0,300,Buy,234964327
2024-08-27 10:10:34,20250.0,700,Buy,234964317
2024-08-27 10:10:34,20250.0,500,Buy,234964316
2024-08-27 10:10:34,20250.0,2000,Buy,234964318
2024-08-27 10:10:35,20250.0,300,Buy,234964341
2024-08-27 10:10:35,20250.0,200,Buy,234964342
2024-08-27 10:10:35,20250.0,100,Buy,234964343
2024-08-27 10:10:35,20250.0,400,Buy,234964344
2024-08-27 10:10:35,20250.0,600,Buy,234964353
2024-08-27 10:10:50,20300.0,500,Buy,234964764
2024-08-27 10:10:53,20300.0,2000,Buy,234964874
2024-08-27 10:10:53,20300.0,1900,Buy,234964873
2024-08-27 10:10:53,20300.0,500,Buy,234964872
2024-08-27 10:10:53,20300.0,200,Buy,234964871
2024-08-27 10:10:53,20300.0,100,Buy,234964870
2024-08-27 10:10:53,20300.0,200,Buy,234964865
2024-08-27 10:10:53,20300.0,500,Buy,234964868
2024-08-27 10:10:53,20300.0,100,Buy,234964867
2024-08-27 10:10:53,20300.0,500,Buy,234964866
2024-08-27 10:10:53,20300.0,2000,Buy,234964864
2024-08-27 10:10:53,20300.0,2000,Buy,234964875
2024-08-27 10:10:53,20300.0,500,Buy,234964869
2024-08-27 10:10:53,20300.0,500,Buy,234964876
2024-08-27 10:10:53,20300.0,5600,Buy,234964891
2024-08-27 10:10:53,20300.0,200,Buy,234964878
2024-08-27 10:10:53,20300.0,100,Buy,234964879
2024-08-27 10:10:53,20300.0,100,Buy,234964880
2024-08-27 10:10:53,20300.0,100,Buy,234964881
2024-08-27 10:10:53,20300.0,800,Buy,234964882
2024-08-27 10:10:53,20300.0,200,Buy,234964883
2024-08-27 10:10:53,20300.0,300,Buy,234964884
2024-08-27 10:10:53,20300.0,200,Buy,234964885
2024-08-27 10:10:53,20300.0,100,Buy,234964886
2024-08-27 10:10:53,20300.0,500,Buy,234964888
2024-08-27 10:10:53,20300.0,500,Buy,234964889
2024-08-27 10:10:53,20300.0,2000,Buy,234964890
2024-08-27 10:10:53,20300.0,500,Buy,234964863
2024-08-27 10:10:53,20300.0,200,Buy,234964877
2024-08-27 10:10:53,20300.0,5000,Buy,234964862
2024-08-27 10:10:53,20300.0,2000,Buy,234964887
2024-08-27 10:10:53,20300.0,300,Buy,234964860
2024-08-27 10:10:53,20300.0,1000,Buy,234964861
2024-08-27 10:10:53,20300.0,100,Buy,234964831
2024-08-27 10:10:53,20300.0,200,Buy,234964832
2024-08-27 10:10:53,20300.0,1000,Buy,234964833
2024-08-27 10:10:53,20300.0,200,Buy,234964834
2024-08-27 10:10:53,20300.0,21400,Buy,234964830
2024-08-27 10:10:53,20300.0,300,Buy,234964835
2024-08-27 10:10:53,20300.0,500,Buy,234964836
2024-08-27 10:10:53,20300.0,1000,Buy,234964837
2024-08-27 10:10:53,20300.0,1000,Buy,234964838
2024-08-27 10:10:53,20300.0,2000,Buy,234964839
2024-08-27 10:10:53,20300.0,2000,Buy,234964840
2024-08-27 10:10:53,20300.0,100,Buy,234964842
2024-08-27 10:10:53,20300.0,1000,Buy,234964843
2024-08-27 10:10:53,20300.0,1000,Buy,234964841
2024-08-27 10:10:53,20300.0,500,Buy,234964845
2024-08-27 10:10:53,20300.0,100,Buy,234964859
2024-08-27 10:10:53,20300.0,500,Buy,234964858
2024-08-27 10:10:53,20300.0,3000,Buy,234964857
2024-08-27 10:10:53,20300.0,100,Buy,234964854
2024-08-27 10:10:53,20300.0,100,Buy,234964844
2024-08-27 10:10:53,20300.0,2000,Buy,234964852
2024-08-27 10:10:53,20300.0,100,Buy,234964853
2024-08-27 10:10:53,20300.0,100,Buy,234964850
2024-08-27 10:10:53,20300.0,1000,Buy,234964849
2024-08-27 10:10:53,20300.0,900,Buy,234964848
2024-08-27 10:10:53,20300.0,1000,Buy,234964847
2024-08-27 10:10:53,20300.0,200,Buy,234964846
2024-08-27 10:10:53,20300.0,300,Buy,234964851
2024-08-27 10:10:54,20300.0,100,Buy,234964901
2024-08-27 10:10:55,20300.0,100,Buy,234964956
2024-08-27 10:10:55,20300.0,7200,Buy,234964959
2024-08-27 10:10:55,20300.0,1000,Buy,234964958
2024-08-27 10:10:55,20300.0,200,Buy,234964955
2024-08-27 10:10:55,20300.0,2000,Buy,234964957
2024-08-27 10:10:55,20300.0,400,Buy,234964953
2024-08-27 10:10:55,20300.0,4000,Buy,234964952
2024-08-27 10:10:55,20300.0,100,Buy,234964951
2024-08-27 10:10:55,20300.0,500,Buy,234964950
2024-08-27 10:10:55,20300.0,200,Buy,234964954
2024-08-27 10:10:55,20300.0,4300,Buy,234964949
2024-08-27 10:10:57,20300.0,500,Buy,234965002
2024-08-27 10:10:57,20300.0,100,Buy,234965006
2024-08-27 10:10:58,20250.0,100,Sell,234965027
2024-08-27 10:10:59,20300.0,1000,Buy,234965045
2024-08-27 10:10:59,20300.0,1200,Buy,234965046
2024-08-27 10:10:59,20300.0,800,Buy,234965047
2024-08-27 10:11:01,20300.0,10000,Buy,234965151
2024-08-27 10:11:01,20300.0,100,Buy,234965152
2024-08-27 10:11:01,20300.0,2000,Buy,234965153
2024-08-27 10:11:01,20300.0,2000,Buy,234965154
2024-08-27 10:11:01,20300.0,1000,Buy,234965159
2024-08-27 10:11:01,20300.0,500,Buy,234965156
2024-08-27 10:11:01,20300.0,100,Buy,234965157
2024-08-27 10:11:01,20300.0,100,Buy,234965158
2024-08-27 10:11:01,20300.0,700,Buy,234965150
2024-08-27 10:11:01,20300.0,1000,Buy,234965160
2024-08-27 10:11:01,20300.0,3600,Buy,234965161
2024-08-27 10:11:01,20300.0,1000,Buy,234965155
2024-08-27 10:11:01,20300.0,500,Buy,234965149
2024-08-27 10:11:01,20300.0,2000,Buy,234965135
2024-08-27 10:11:01,20300.0,500,Buy,234965147
2024-08-27 10:11:01,20300.0,1000,Buy,234965146
2024-08-27 10:11:01,20300.0,500,Buy,234965145
2024-08-27 10:11:01,20300.0,500,Buy,234965144
2024-08-27 10:11:01,20300.0,500,Buy,234965143
2024-08-27 10:11:01,20300.0,100,Buy,234965142
2024-08-27 10:11:01,20300.0,100,Buy,234965141
2024-08-27 10:11:01,20300.0,1000,Buy,234965140
2024-08-27 10:11:01,20300.0,100,Buy,234965139
2024-08-27 10:11:01,20300.0,200,Buy,234965138
2024-08-27 10:11:01,20300.0,1400,Buy,234965137
2024-08-27 10:11:01,20300.0,100,Buy,234965136
2024-08-27 10:11:01,20300.0,100,Buy,234965162
2024-08-27 10:11:01,20300.0,400,Buy,234965148
2024-08-27 10:11:01,20300.0,100,Buy,234965163
2024-08-27 10:11:01,20300.0,500,Buy,234965186
2024-08-27 10:11:01,20300.0,500,Buy,234965165
2024-08-27 10:11:01,20300.0,3000,Buy,234965134
2024-08-27 10:11:01,20300.0,1000,Buy,234965193
2024-08-27 10:11:01,20300.0,100,Buy,234965192
2024-08-27 10:11:01,20300.0,1600,Buy,234965191
2024-08-27 10:11:01,20300.0,300,Buy,234965190
2024-08-27 10:11:01,20300.0,2000,Buy,234965189
2024-08-27 10:11:01,20300.0,200,Buy,234965188
2024-08-27 10:11:01,20300.0,100,Buy,234965187
2024-08-27 10:11:01,20300.0,500,Buy,234965185
2024-08-27 10:11:01,20300.0,500,Buy,234965184
2024-08-27 10:11:01,20300.0,100,Buy,234965183
2024-08-27 10:11:01,20300.0,1000,Buy,234965182
2024-08-27 10:11:01,20300.0,100,Buy,234965181
2024-08-27 10:11:01,20300.0,800,Buy,234965164
2024-08-27 10:11:01,20300.0,200,Buy,234965180
2024-08-27 10:11:01,20300.0,600,Buy,234965178
2024-08-27 10:11:01,20300.0,200,Buy,234965177
2024-08-27 10:11:01,20300.0,500,Buy,234965176
2024-08-27 10:11:01,20300.0,1500,Buy,234965175
2024-08-27 10:11:01,20300.0,100,Buy,234965174
2024-08-27 10:11:01,20300.0,100,Buy,234965173
2024-08-27 10:11:01,20300.0,1000,Buy,234965172
2024-08-27 10:11:01,20300.0,1000,Buy,234965171
2024-08-27 10:11:01,20300.0,1000,Buy,234965170
2024-08-27 10:11:01,20300.0,2000,Buy,234965169
2024-08-27 10:11:01,20300.0,300,Buy,234965168
2024-08-27 10:11:01,20300.0,900,Buy,234965167
2024-08-27 10:11:01,20300.0,500,Buy,234965166
2024-08-27 10:11:01,20300.0,900,Buy,234965179
2024-08-27 10:11:01,20300.0,1000,Buy,234965133
2024-08-27 10:11:01,20300.0,1600,Buy,234965079
2024-08-27 10:11:01,20300.0,100,Buy,234965131
2024-08-27 10:11:01,20300.0,3000,Buy,234965098
2024-08-27 10:11:01,20300.0,100,Buy,234965097
2024-08-27 10:11:01,20300.0,2000,Buy,234965096
2024-08-27 10:11:01,20300.0,15400,Buy,234965095
2024-08-27 10:11:01,20300.0,1000,Buy,234965094
2024-08-27 10:11:01,20300.0,200,Buy,234965093
2024-08-27 10:11:01,20300.0,500,Buy,234965092
2024-08-27 10:11:01,20300.0,1000,Buy,234965091
2024-08-27 10:11:01,20300.0,100,Buy,234965090
2024-08-27 10:11:01,20300.0,200,Buy,234965089
2024-08-27 10:11:01,20300.0,100,Buy,234965088
2024-08-27 10:11:01,20300.0,1000,Buy,234965087
2024-08-27 10:11:01,20300.0,500,Buy,234965086
2024-08-27 10:11:01,20300.0,100,Buy,234965085
2024-08-27 10:11:01,20300.0,100,Buy,234965083
2024-08-27 10:11:01,20300.0,5000,Buy,234965082
2024-08-27 10:11:01,20300.0,400,Buy,234965081
2024-08-27 10:11:01,20300.0,1000,Buy,234965080
2024-08-27 10:11:01,20300.0,100,Buy,234965194
2024-08-27 10:11:01,20300.0,1000,Buy,234965077
2024-08-27 10:11:01,20300.0,100,Buy,234965076
2024-08-27 10:11:01,20300.0,200,Buy,234965075
2024-08-27 10:11:01,20300.0,500,Buy,234965074
2024-08-27 10:11:01,20300.0,600,Buy,234965073
2024-08-27 10:11:01,20300.0,200,Buy,234965072
2024-08-27 10:11:01,20300.0,500,Buy,234965071
2024-08-27 10:11:01,20300.0,19200,Buy,234965070
2024-08-27 10:11:01,20300.0,1500,Buy,234965099
2024-08-27 10:11:01,20300.0,100,Buy,234965100
2024-08-27 10:11:01,20300.0,1500,Buy,234965101
2024-08-27 10:11:01,20300.0,500,Buy,234965102
2024-08-27 10:11:01,20300.0,500,Buy,234965130
2024-08-27 10:11:01,20300.0,100,Buy,234965129
2024-08-27 10:11:01,20300.0,100,Buy,234965128
2024-08-27 10:11:01,20300.0,100,Buy,234965127
2024-08-27 10:11:01,20300.0,100,Buy,234965126
2024-08-27 10:11:01,20300.0,5000,Buy,234965125
2024-08-27 10:11:01,20300.0,1000,Buy,234965124
2024-08-27 10:11:01,20300.0,300,Buy,234965123
2024-08-27 10:11:01,20300.0,500,Buy,234965122
2024-08-27 10:11:01,20300.0,5000,Buy,234965121
2024-08-27 10:11:01,20300.0,1000,Buy,234965120
2024-08-27 10:11:01,20300.0,100,Buy,234965119
2024-08-27 10:11:01,20300.0,3000,Buy,234965118
2024-08-27 10:11:01,20300.0,1000,Buy,234965132
2024-08-27 10:11:01,20300.0,1000,Buy,234965117
2024-08-27 10:11:01,20300.0,1000,Buy,234965115
2024-08-27 10:11:01,20300.0,1000,Buy,234965114
2024-08-27 10:11:01,20300.0,100,Buy,234965113
2024-08-27 10:11:01,20300.0,200,Buy,234965112
2024-08-27 10:11:01,20300.0,1200,Buy,234965111
2024-08-27 10:11:01,20300.0,1000,Buy,234965110
2024-08-27 10:11:01,20300.0,200,Buy,234965109
2024-08-27 10:11:01,20300.0,200,Buy,234965108
2024-08-27 10:11:01,20300.0,100,Buy,234965107
2024-08-27 10:11:01,20300.0,1000,Buy,234965106
2024-08-27 10:11:01,20300.0,500,Buy,234965105
2024-08-27 10:11:01,20300.0,500,Buy,234965104
2024-08-27 10:11:01,20300.0,100,Buy,234965103
2024-08-27 10:11:01,20300.0,500,Buy,234965116
2024-08-27 10:11:01,20300.0,2000,Buy,234965078
2024-08-27 10:11:02,20300.0,100,Sell,234965249
2024-08-27 10:11:11,20300.0,2000,Sell,234965392
2024-08-27 10:11:11,20300.0,1000,Sell,234965389
2024-08-27 10:11:13,20300.0,2000,Sell,234965424
2024-08-27 10:11:14,20350.0,100,Buy,234965480
2024-08-27 10:11:14,20350.0,300,Buy,234965481
2024-08-27 10:11:15,20350.0,500,Buy,234965494
2024-08-27 10:11:15,20350.0,100,Buy,234965495
2024-08-27 10:11:15,20350.0,500,Buy,234965496
2024-08-27 10:11:15,20350.0,200,Buy,234965497
2024-08-27 10:11:15,20350.0,1700,Buy,234965498
2024-08-27 10:11:15,20350.0,300,Buy,234965503
2024-08-27 10:11:15,20350.0,100,Buy,234965504
2024-08-27 10:11:15,20350.0,300,Buy,234965505
2024-08-27 10:11:16,20350.0,400,Buy,234965521
2024-08-27 10:11:16,20350.0,200,Buy,234965518
2024-08-27 10:11:16,20350.0,500,Buy,234965519
2024-08-27 10:11:16,20350.0,400,Buy,234965520
2024-08-27 10:11:17,20350.0,9600,Buy,234965548
2024-08-27 10:11:17,20350.0,100,Buy,234965549
2024-08-27 10:11:17,20350.0,200,Buy,234965550
2024-08-27 10:11:17,20350.0,100,Buy,234965551
2024-08-27 10:11:21,20350.0,1000,Buy,234965668
2024-08-27 10:11:21,20350.0,100,Buy,234965670
2024-08-27 10:11:21,20350.0,2000,Buy,234965669
2024-08-27 10:11:21,20350.0,300,Buy,234965667
2024-08-27 10:11:21,20350.0,1800,Buy,234965671
2024-08-27 10:11:21,20350.0,2000,Buy,234965665
2024-08-27 10:11:21,20350.0,500,Buy,234965664
2024-08-27 10:11:21,20350.0,100,Buy,234965663
2024-08-27 10:11:21,20350.0,1300,Buy,234965662
2024-08-27 10:11:21,20350.0,1600,Buy,234965661
2024-08-27 10:11:21,20350.0,300,Buy,234965666
2024-08-27 10:11:22,20350.0,100,Buy,234965705
2024-08-27 10:11:22,20350.0,100,Buy,234965706
2024-08-27 10:11:22,20350.0,100,Buy,234965731
2024-08-27 10:11:23,20350.0,100,Buy,234965766
2024-08-27 10:11:23,20350.0,200,Buy,234965765
2024-08-27 10:11:23,20350.0,300,Buy,234965740
2024-08-27 10:11:23,20350.0,200,Buy,234965741
