time,price,volume,match_type,id
2024-08-23 09:14:37,19800.0,75900,ATO/ATC,234118971
2024-08-23 09:14:48,19750.0,100,Sell,234119290
2024-08-23 09:14:48,19750.0,100,Sell,234119291
2024-08-23 09:14:53,19750.0,1000,Sell,234119358
2024-08-23 09:14:57,19700.0,100,Sell,234119415
2024-08-23 09:14:57,19800.0,100,Buy,234119430
2024-08-23 09:14:57,19700.0,8700,Sell,234119425
2024-08-23 09:14:57,19700.0,2000,Sell,234119424
2024-08-23 09:14:57,19700.0,100,Sell,234119423
2024-08-23 09:14:57,19700.0,200,Sell,234119422
2024-08-23 09:14:57,19750.0,1400,Sell,234119414
2024-08-23 09:14:57,19700.0,200,Sell,234119420
2024-08-23 09:14:57,19700.0,100,Sell,234119416
2024-08-23 09:14:57,19700.0,100,Sell,234119417
2024-08-23 09:14:57,19700.0,300,Sell,234119421
2024-08-23 09:14:57,19700.0,200,Sell,234119419
2024-08-23 09:14:57,19700.0,600,Sell,234119418
2024-08-23 09:14:59,19750.0,10100,Buy,234119471
2024-08-23 09:14:59,19750.0,200,Buy,234119470
2024-08-23 09:15:15,19700.0,100,Sell,234119706
2024-08-23 09:15:15,19700.0,200,Sell,234119707
2024-08-23 09:15:15,19700.0,1000,Sell,234119708
2024-08-23 09:15:15,19700.0,100,Sell,234119709
2024-08-23 09:15:15,19700.0,700,Sell,234119710
2024-08-23 09:15:15,19700.0,300,Sell,234119711
2024-08-23 09:15:15,19700.0,200,Sell,234119712
2024-08-23 09:15:15,19700.0,100,Sell,234119713
2024-08-23 09:15:15,19700.0,100,Sell,234119714
2024-08-23 09:15:15,19700.0,2100,Sell,234119715
2024-08-23 09:15:15,19700.0,100,Sell,234119705
2024-08-23 09:15:16,19750.0,1100,Buy,234119732
2024-08-23 09:15:16,19750.0,3900,Buy,234119731
2024-08-23 09:15:20,19700.0,400,Sell,234119811
2024-08-23 09:15:20,19700.0,1000,Sell,234119812
2024-08-23 09:15:20,19700.0,100,Sell,234119813
2024-08-23 09:15:37,19700.0,100,Buy,234120168
2024-08-23 09:15:39,19650.0,100,Sell,234120255
2024-08-23 09:15:39,19650.0,200,Sell,234120256
2024-08-23 09:15:39,19650.0,5000,Sell,234120257
2024-08-23 09:15:39,19650.0,10000,Sell,234120258
2024-08-23 09:15:39,19650.0,5000,Sell,234120259
2024-08-23 09:15:39,19650.0,800,Sell,234120260
2024-08-23 09:15:42,19650.0,700,Buy,234120310
2024-08-23 09:15:43,19600.0,100,Sell,234120334
2024-08-23 09:15:43,19600.0,1000,Sell,234120335
2024-08-23 09:15:43,19600.0,3700,Sell,234120336
2024-08-23 09:15:43,19600.0,200,Sell,234120333
2024-08-23 09:15:44,19600.0,100,Sell,234120345
2024-08-23 09:15:55,19600.0,1200,Sell,234120616
2024-08-23 09:15:55,19600.0,800,Sell,234120617
2024-08-23 09:15:57,19600.0,100,Sell,234120664
2024-08-23 09:16:01,19600.0,100,Sell,234120777
2024-08-23 09:16:01,19600.0,100,Sell,234120778
2024-08-23 09:16:01,19600.0,200,Sell,234120779
2024-08-23 09:16:01,19600.0,1200,Sell,234120780
2024-08-23 09:16:07,19600.0,1600,Sell,234120964
2024-08-23 09:16:08,19600.0,200,Sell,234120995
2024-08-23 09:16:11,19600.0,100,Sell,234121061
2024-08-23 09:16:12,19600.0,400,Sell,234121080
2024-08-23 09:16:14,19600.0,1500,Sell,234121110
2024-08-23 09:16:14,19600.0,200,Sell,234121124
2024-08-23 09:16:47,19600.0,200,Sell,234121939
2024-08-23 09:16:47,19600.0,200,Sell,234121948
2024-08-23 09:16:47,19600.0,4800,Sell,234121949
2024-08-23 09:16:54,19600.0,1100,Sell,234122109
2024-08-23 09:16:54,19600.0,100,Sell,234122108
2024-08-23 09:16:54,19600.0,500,Sell,234122107
2024-08-23 09:16:54,19600.0,800,Sell,234122102
2024-08-23 09:16:54,19600.0,200,Sell,234122105
2024-08-23 09:16:54,19600.0,100,Sell,234122106
2024-08-23 09:16:54,19600.0,200,Sell,234122101
2024-08-23 09:17:04,19600.0,200,Sell,234122319
2024-08-23 09:17:05,19600.0,1800,Sell,234122339
2024-08-23 09:17:05,19600.0,100,Sell,234122338
2024-08-23 09:17:05,19600.0,500,Sell,234122327
2024-08-23 09:17:05,19600.0,1500,Sell,234122335
2024-08-23 09:17:05,19600.0,200,Sell,234122334
2024-08-23 09:17:05,19600.0,900,Sell,234122336
2024-08-23 09:17:08,19650.0,1000,Buy,234122440
2024-08-23 09:17:15,19600.0,2000,Sell,234122581
2024-08-23 09:17:17,19600.0,1200,Sell,234122665
2024-08-23 09:17:17,19600.0,5000,Sell,234122667
2024-08-23 09:17:17,19600.0,1000,Sell,234122668
2024-08-23 09:17:17,19600.0,400,Sell,234122666
2024-08-23 09:17:18,19600.0,12400,Buy,234122682
2024-08-23 09:17:21,19600.0,100,Sell,234122822
2024-08-23 09:17:21,19600.0,100,Sell,234122823
2024-08-23 09:17:26,19600.0,1700,Sell,234123016
2024-08-23 09:17:26,19600.0,200,Sell,234123014
2024-08-23 09:17:26,19600.0,100,Sell,234123015
2024-08-23 09:17:37,19650.0,400,Buy,234123284
2024-08-23 09:17:37,19650.0,1000,Buy,234123265
2024-08-23 09:17:37,19650.0,300,Buy,234123283
2024-08-23 09:17:45,19650.0,500,Sell,234123466
2024-08-23 09:17:46,19650.0,2000,Sell,234123504
2024-08-23 09:18:05,19650.0,200,Sell,234124108
2024-08-23 09:18:07,19700.0,700,Buy,234124175
2024-08-23 09:18:15,19700.0,200,Buy,234124346
2024-08-23 09:18:29,19700.0,1000,Buy,234124769
2024-08-23 09:18:44,19700.0,1000,Buy,234125158
2024-08-23 09:18:47,19700.0,800,Buy,234125277
2024-08-23 09:18:48,19700.0,600,Buy,234125304
2024-08-23 09:18:48,19700.0,300,Buy,234125302
2024-08-23 09:18:48,19700.0,100,Buy,234125303
2024-08-23 09:18:49,19700.0,200,Buy,234125332
2024-08-23 09:18:57,19650.0,700,Sell,234125497
2024-08-23 09:19:05,19700.0,100,Buy,234125753
2024-08-23 09:19:06,19650.0,900,Sell,234125758
2024-08-23 09:19:06,19650.0,5000,Sell,234125759
2024-08-23 09:19:06,19650.0,1000,Sell,234125760
2024-08-23 09:19:06,19650.0,3100,Sell,234125761
2024-08-23 09:19:51,19650.0,100,Sell,234126863
2024-08-23 09:19:53,19650.0,1100,Sell,234126902
2024-08-23 09:19:59,19650.0,1000,Sell,234127141
2024-08-23 09:20:09,19700.0,900,Buy,234127333
2024-08-23 09:20:09,19700.0,9100,Buy,234127332
2024-08-23 09:20:12,19700.0,100,Buy,234127401
2024-08-23 09:20:12,19700.0,500,Buy,234127402
2024-08-23 09:20:12,19700.0,100,Buy,234127403
2024-08-23 09:20:12,19700.0,100,Buy,234127404
2024-08-23 09:20:12,19700.0,100,Buy,234127405
2024-08-23 09:20:12,19700.0,100,Buy,234127400
2024-08-23 09:20:19,19700.0,500,Buy,234127589
2024-08-23 09:20:25,19700.0,200,Buy,234127702
2024-08-23 09:20:56,19700.0,200,Buy,234128488
2024-08-23 09:20:56,19700.0,100,Buy,234128489
2024-08-23 09:20:56,19700.0,7700,Buy,234128490
2024-08-23 09:21:05,19700.0,1000,Buy,234128719
2024-08-23 09:21:07,19700.0,100,Buy,234128799
2024-08-23 09:21:10,19700.0,1000,Buy,234128873
2024-08-23 09:21:13,19700.0,500,Buy,234128990
2024-08-23 09:21:13,19700.0,200,Buy,234128989
2024-08-23 09:21:30,19650.0,1000,Sell,234129424
2024-08-23 09:21:30,19650.0,100,Sell,234129423
2024-08-23 09:21:30,19650.0,200,Sell,234129422
2024-08-23 09:21:30,19650.0,500,Sell,234129421
2024-08-23 09:21:30,19650.0,100,Sell,234129420
2024-08-23 09:21:30,19650.0,3000,Sell,234129419
2024-08-23 09:21:30,19650.0,900,Sell,234129418
2024-08-23 09:21:30,19650.0,100,Sell,234129417
2024-08-23 09:21:30,19650.0,100,Sell,234129416
2024-08-23 09:21:30,19650.0,1000,Sell,234129415
2024-08-23 09:21:30,19650.0,10000,Sell,234129414
2024-08-23 09:21:30,19650.0,1000,Sell,234129413
2024-08-23 09:21:30,19650.0,300,Sell,234129412
2024-08-23 09:21:30,19650.0,200,Sell,234129406
2024-08-23 09:21:30,19650.0,300,Sell,234129410
2024-08-23 09:21:30,19700.0,800,Sell,234129398
2024-08-23 09:21:30,19650.0,10700,Sell,234129399
2024-08-23 09:21:30,19650.0,2000,Sell,234129400
2024-08-23 09:21:30,19650.0,1000,Sell,234129411
2024-08-23 09:21:30,19650.0,500,Sell,234129402
2024-08-23 09:21:30,19650.0,1000,Sell,234129401
2024-08-23 09:21:30,19650.0,1000,Sell,234129404
2024-08-23 09:21:30,19650.0,1000,Sell,234129407
2024-08-23 09:21:30,19650.0,7000,Sell,234129408
2024-08-23 09:21:30,19650.0,500,Sell,234129409
2024-08-23 09:21:30,19650.0,100,Sell,234129403
2024-08-23 09:21:30,19650.0,100,Sell,234129405
2024-08-23 09:21:35,19650.0,100,Buy,234129537
2024-08-23 09:21:40,19650.0,5000,Buy,234129680
2024-08-23 09:21:45,19650.0,100,Buy,234129817
2024-08-23 09:21:45,19650.0,400,Buy,234129816
2024-08-23 09:21:46,19650.0,100,Buy,234129853
2024-08-23 09:21:46,19650.0,100,Buy,234129833
2024-08-23 09:21:57,19650.0,100,Sell,234130107
2024-08-23 09:22:16,19700.0,100,Buy,234130538
2024-08-23 09:22:32,19700.0,900,Buy,234130926
2024-08-23 09:22:32,19700.0,100,Buy,234130927
2024-08-23 09:22:45,19700.0,900,Buy,234131285
2024-08-23 09:22:45,19700.0,100,Buy,234131286
2024-08-23 09:22:45,19700.0,2000,Buy,234131287
2024-08-23 09:22:45,19700.0,7000,Buy,234131288
2024-08-23 09:22:45,19700.0,1000,Buy,234131289
2024-08-23 09:22:58,19700.0,100,Sell,234131623
2024-08-23 09:22:59,19650.0,700,Sell,234131631
2024-08-23 09:22:59,19650.0,4300,Sell,234131630
2024-08-23 09:23:15,19700.0,500,Buy,234132037
2024-08-23 09:23:18,19700.0,1400,Buy,234132118
2024-08-23 09:23:21,19700.0,2000,Sell,234132178
2024-08-23 09:23:45,19700.0,500,Sell,234132729
2024-08-23 09:23:54,19700.0,2000,Sell,234133026
2024-08-23 09:24:03,19700.0,4100,Sell,234133244
2024-08-23 09:24:03,19700.0,100,Sell,234133245
2024-08-23 09:24:03,19700.0,2000,Sell,234133246
2024-08-23 09:24:03,19700.0,3800,Sell,234133247
2024-08-23 09:24:23,19700.0,100,Sell,234133735
2024-08-23 09:24:25,19700.0,800,Sell,234133763
2024-08-23 09:24:25,19700.0,1100,Sell,234133761
2024-08-23 09:24:25,19700.0,100,Sell,234133762
2024-08-23 09:24:34,19700.0,200,Sell,234133944
2024-08-23 09:24:34,19700.0,200,Sell,234133945
2024-08-23 09:24:34,19700.0,1600,Sell,234133946
2024-08-23 09:24:35,19750.0,100,Buy,234133966
2024-08-23 09:24:35,19750.0,100,Buy,234133967
2024-08-23 09:24:46,19700.0,100,Sell,234134231
2024-08-23 09:25:11,19700.0,100,Sell,234134853
2024-08-23 09:25:21,19700.0,200,Sell,234135123
2024-08-23 09:25:25,19700.0,1600,Sell,234135200
2024-08-23 09:25:30,19700.0,6400,Sell,234135360
2024-08-23 09:25:30,19700.0,3600,Sell,234135361
2024-08-23 09:25:40,19700.0,100,Sell,234135599
2024-08-23 09:25:46,19700.0,1000,Sell,234135714
2024-08-23 09:25:48,19700.0,300,Sell,234135761
2024-08-23 09:25:48,19700.0,2000,Sell,234135762
2024-08-23 09:25:48,19700.0,100,Sell,234135763
2024-08-23 09:25:48,19700.0,100,Sell,234135764
2024-08-23 09:25:48,19700.0,400,Sell,234135765
2024-08-23 09:25:48,19700.0,200,Sell,234135766
2024-08-23 09:25:48,19700.0,700,Sell,234135767
2024-08-23 09:25:48,19700.0,200,Sell,234135768
2024-08-23 09:25:59,19700.0,100,Sell,234136172
2024-08-23 09:26:16,19700.0,100,Sell,234136636
2024-08-23 09:26:40,19650.0,2000,Sell,234137267
2024-08-23 09:27:11,19650.0,400,Sell,234138158
2024-08-23 09:27:29,19700.0,1600,Buy,234138693
2024-08-23 09:27:29,19700.0,200,Buy,234138692
2024-08-23 09:27:29,19700.0,2000,Buy,234138696
2024-08-23 09:27:29,19700.0,800,Buy,234138694
2024-08-23 09:27:29,19700.0,300,Buy,234138695
2024-08-23 09:27:37,19700.0,400,Sell,234138981
2024-08-23 09:27:56,19700.0,200,Sell,234139489
2024-08-23 09:28:15,19750.0,900,Buy,234140105
2024-08-23 09:28:15,19750.0,100,Buy,234140106
2024-08-23 09:28:15,19750.0,3000,Buy,234140107
2024-08-23 09:28:15,19750.0,1000,Buy,234140108
2024-08-23 09:28:15,19750.0,2000,Buy,234140109
2024-08-23 09:28:22,19700.0,100,Sell,234140297
2024-08-23 09:28:24,19700.0,400,Sell,234140336
2024-08-23 09:28:34,19700.0,4000,Sell,234140628
2024-08-23 09:28:34,19700.0,900,Sell,234140629
2024-08-23 09:28:47,19700.0,100,Sell,234140999
2024-08-23 09:29:22,19700.0,500,Sell,234142069
2024-08-23 09:29:28,19700.0,400,Sell,234142266
2024-08-23 09:30:05,19750.0,1600,Buy,234143545
2024-08-23 09:30:05,19750.0,4000,Buy,234143546
2024-08-23 09:30:05,19750.0,1600,Buy,234143547
2024-08-23 09:30:05,19750.0,100,Buy,234143548
2024-08-23 09:30:05,19750.0,5000,Buy,234143549
2024-08-23 09:30:05,19750.0,1600,Buy,234143550
2024-08-23 09:30:05,19750.0,300,Buy,234143551
2024-08-23 09:30:09,19750.0,1600,Buy,234143630
2024-08-23 09:30:09,19750.0,300,Buy,234143631
2024-08-23 09:30:09,19750.0,1600,Buy,234143628
2024-08-23 09:30:09,19750.0,200,Buy,234143629
2024-08-23 09:30:09,19750.0,1300,Buy,234143627
2024-08-23 09:30:13,19700.0,500,Sell,234143801
2024-08-23 09:30:18,19700.0,1000,Sell,234143935
2024-08-23 09:30:19,19750.0,1700,Buy,234143956
2024-08-23 09:30:19,19750.0,1300,Buy,234143957
2024-08-23 09:30:21,19750.0,100,Buy,234143993
2024-08-23 09:30:28,19750.0,100,Buy,234144217
2024-08-23 09:30:30,19750.0,100,Buy,234144252
2024-08-23 09:30:42,19800.0,1000,Buy,234144669
2024-08-23 09:30:42,19800.0,300,Buy,234144668
2024-08-23 09:30:42,19800.0,100,Buy,234144667
2024-08-23 09:30:42,19800.0,200,Buy,234144666
2024-08-23 09:30:42,19800.0,200,Buy,234144665
2024-08-23 09:30:42,19800.0,100,Buy,234144664
2024-08-23 09:30:42,19800.0,2500,Buy,234144663
2024-08-23 09:30:42,19800.0,100,Buy,234144662
2024-08-23 09:30:42,19800.0,5000,Buy,234144659
2024-08-23 09:30:42,19800.0,1000,Buy,234144660
2024-08-23 09:30:42,19800.0,500,Buy,234144658
2024-08-23 09:30:42,19800.0,25200,Buy,234144670
2024-08-23 09:30:42,19800.0,5000,Buy,234144656
2024-08-23 09:30:42,19800.0,100,Buy,234144655
2024-08-23 09:30:42,19800.0,100,Buy,234144654
2024-08-23 09:30:42,19800.0,3500,Buy,234144653
2024-08-23 09:30:42,19800.0,100,Buy,234144661
2024-08-23 09:30:42,19800.0,5000,Buy,234144657
2024-08-23 09:30:48,19800.0,4100,Buy,234144807
2024-08-23 09:30:51,19750.0,500,Sell,234144881
2024-08-23 09:30:53,19800.0,300,Buy,234144949
2024-08-23 09:30:53,19800.0,700,Buy,234144947
2024-08-23 09:30:53,19800.0,2000,Buy,234144948
2024-08-23 09:30:59,19800.0,300,Buy,234145199
2024-08-23 09:30:59,19800.0,100,Buy,234145200
2024-08-23 09:30:59,19800.0,200,Buy,234145201
2024-08-23 09:30:59,19800.0,1000,Buy,234145202
2024-08-23 09:30:59,19800.0,100,Buy,234145203
2024-08-23 09:30:59,19800.0,1300,Sell,234145215
2024-08-23 09:31:01,19800.0,500,Buy,234145237
2024-08-23 09:31:14,19800.0,2000,Buy,234145587
2024-08-23 09:31:17,19800.0,1000,Buy,234145663
2024-08-23 09:31:22,19800.0,1200,Buy,234145778
2024-08-23 09:31:22,19800.0,3000,Buy,234145785
2024-08-23 09:31:25,19800.0,1500,Buy,234145853
2024-08-23 09:31:30,19750.0,1400,Sell,234146020
2024-08-23 09:31:30,19750.0,3600,Sell,234146021
2024-08-23 09:31:31,19800.0,1000,Buy,234146045
2024-08-23 09:31:31,19800.0,200,Buy,234146051
2024-08-23 09:31:39,19800.0,1000,Buy,234146240
2024-08-23 09:31:45,19800.0,500,Buy,234146450
2024-08-23 09:31:51,19800.0,100,Buy,234146653
2024-08-23 09:31:52,19800.0,5400,Buy,234146670
2024-08-23 09:31:52,19800.0,2000,Buy,234146669
2024-08-23 09:31:52,19800.0,6700,Buy,234146667
2024-08-23 09:31:52,19800.0,100,Buy,234146668
2024-08-23 09:32:04,19800.0,1000,Buy,234146965
2024-08-23 09:32:05,19800.0,100,Buy,234147006
2024-08-23 09:32:05,19750.0,400,Sell,234147041
2024-08-23 09:32:05,19750.0,600,Sell,234147042
2024-08-23 09:32:24,19750.0,400,Sell,234147534
2024-08-23 09:32:31,19800.0,5000,Buy,234147677
2024-08-23 09:32:44,19800.0,3600,Buy,234147975
2024-08-23 09:32:45,19800.0,2600,Buy,234148015
2024-08-23 09:32:45,19800.0,100,Buy,234148014
2024-08-23 09:32:45,19800.0,3000,Buy,234148013
2024-08-23 09:32:45,19800.0,7800,Buy,234148012
2024-08-23 09:32:45,19800.0,500,Buy,234148010
2024-08-23 09:32:45,19800.0,1000,Buy,234148009
2024-08-23 09:32:45,19800.0,4900,Buy,234148008
2024-08-23 09:32:45,19800.0,100,Buy,234148011
2024-08-23 09:32:58,19800.0,1000,Buy,234148324
2024-08-23 09:32:59,19800.0,200,Buy,234148329
2024-08-23 09:33:02,19800.0,10700,Buy,234148378
2024-08-23 09:33:06,19800.0,500,Buy,234148501
2024-08-23 09:33:08,19750.0,100,Sell,234148526
2024-08-23 09:33:17,19800.0,17200,Buy,234148769
2024-08-23 09:33:17,19800.0,7100,Buy,234148768
2024-08-23 09:33:17,19800.0,100,Buy,234148767
2024-08-23 09:33:17,19800.0,1000,Buy,234148765
2024-08-23 09:33:17,19800.0,600,Buy,234148764
2024-08-23 09:33:17,19800.0,3000,Buy,234148766
2024-08-23 09:33:17,19800.0,1000,Buy,234148763
2024-08-23 09:33:21,19800.0,1000,Buy,234148852
2024-08-23 09:33:21,19800.0,6200,Buy,234148853
2024-08-23 09:33:21,19800.0,2800,Buy,234148851
2024-08-23 09:33:51,19800.0,900,Buy,234149587
2024-08-23 09:33:51,19800.0,500,Buy,234149588
2024-08-23 09:34:14,19750.0,1000,Sell,234150064
2024-08-23 09:34:18,19800.0,1000,Buy,234150149
2024-08-23 09:34:21,19750.0,500,Sell,234150188
2024-08-23 09:34:21,19750.0,200,Sell,234150187
2024-08-23 09:34:21,19750.0,3900,Sell,234150189
2024-08-23 09:34:21,19750.0,500,Sell,234150185
2024-08-23 09:34:21,19750.0,7900,Sell,234150184
2024-08-23 09:34:21,19750.0,2000,Sell,234150186
2024-08-23 09:35:06,19800.0,300,Buy,234151600
2024-08-23 09:35:06,19800.0,1300,Buy,234151601
2024-08-23 09:35:22,19800.0,3800,Buy,234152015
2024-08-23 09:35:30,19800.0,200,Buy,234152140
2024-08-23 09:35:30,19800.0,300,Buy,234152141
2024-08-23 09:35:30,19800.0,300,Buy,234152149
2024-08-23 09:35:45,19800.0,13100,Buy,234152448
2024-08-23 09:35:45,19800.0,100,Buy,234152453
2024-08-23 09:35:45,19800.0,200,Buy,234152449
2024-08-23 09:35:45,19800.0,100,Buy,234152446
2024-08-23 09:35:45,19800.0,100,Buy,234152447
2024-08-23 09:35:45,19800.0,500,Buy,234152444
2024-08-23 09:35:45,19800.0,100,Buy,234152440
2024-08-23 09:35:45,19800.0,100,Buy,234152443
2024-08-23 09:35:45,19800.0,1000,Buy,234152442
2024-08-23 09:35:45,19800.0,30000,Buy,234152441
2024-08-23 09:35:45,19800.0,9600,Buy,234152445
2024-08-23 09:35:50,19750.0,100,Sell,234152539
2024-08-23 09:35:50,19800.0,5000,Buy,234152552
2024-08-23 09:35:53,19800.0,1300,Buy,234152595
2024-08-23 09:36:04,19800.0,500,Buy,234152901
2024-08-23 09:36:05,19800.0,500,Buy,234152926
2024-08-23 09:36:09,19800.0,300,Buy,234153144
2024-08-23 09:36:09,19750.0,100,Sell,234153124
2024-08-23 09:36:09,19750.0,100,Sell,234153123
2024-08-23 09:36:09,19750.0,100,Sell,234153121
2024-08-23 09:36:09,19750.0,1000,Sell,234153120
2024-08-23 09:36:09,19750.0,300,Sell,234153122
2024-08-23 09:36:13,19800.0,2100,Buy,234153244
2024-08-23 09:36:13,19800.0,500,Buy,234153245
2024-08-23 09:36:13,19800.0,500,Buy,234153246
2024-08-23 09:36:13,19800.0,1600,Buy,234153247
2024-08-23 09:36:13,19800.0,300,Buy,234153248
2024-08-23 09:36:14,19800.0,500,Buy,234153272
2024-08-23 09:36:18,19800.0,7100,Buy,234153376
2024-08-23 09:36:18,19800.0,100,Buy,234153375
2024-08-23 09:36:18,19800.0,100,Buy,234153374
2024-08-23 09:36:18,19800.0,100,Buy,234153373
2024-08-23 09:36:18,19800.0,5000,Buy,234153369
2024-08-23 09:36:18,19800.0,1000,Buy,234153371
2024-08-23 09:36:18,19800.0,30000,Buy,234153372
2024-08-23 09:36:18,19800.0,200,Buy,234153367
2024-08-23 09:36:18,19800.0,1000,Buy,234153370
2024-08-23 09:36:18,19800.0,5000,Buy,234153368
2024-08-23 09:36:19,19800.0,400,Sell,234153410
2024-08-23 09:36:21,19800.0,5000,Buy,234153452
2024-08-23 09:36:27,19750.0,700,Sell,234153600
2024-08-23 09:36:27,19750.0,1100,Sell,234153601
2024-08-23 09:36:31,19800.0,900,Buy,234153715
2024-08-23 09:36:35,19800.0,7100,Buy,234153813
2024-08-23 09:36:35,19800.0,17300,Buy,234153815
2024-08-23 09:36:35,19800.0,24100,Buy,234153811
2024-08-23 09:36:35,19800.0,1400,Buy,234153812
2024-08-23 09:36:35,19800.0,100,Buy,234153814
2024-08-23 09:36:40,19800.0,12700,Buy,234153924
2024-08-23 09:36:40,19800.0,200,Buy,234153925
2024-08-23 09:36:40,19800.0,300,Buy,234153926
2024-08-23 09:36:40,19800.0,900,Buy,234153927
2024-08-23 09:36:41,19800.0,2600,Buy,234153935
2024-08-23 09:36:41,19800.0,1600,Buy,234153950
2024-08-23 09:36:43,19800.0,5300,Sell,234153971
2024-08-23 09:36:44,19750.0,3000,Sell,234154068
2024-08-23 09:36:50,19800.0,5000,Buy,234154189
2024-08-23 09:36:55,19800.0,100,Buy,234154337
2024-08-23 09:36:55,19800.0,4700,Buy,234154334
2024-08-23 09:36:55,19800.0,100,Buy,234154335
2024-08-23 09:36:55,19800.0,100,Buy,234154336
2024-08-23 09:36:58,19800.0,29900,Buy,234154387
2024-08-23 09:36:58,19800.0,5100,Buy,234154388
2024-08-23 09:36:59,19800.0,5100,Sell,234154413
2024-08-23 09:37:03,19800.0,19900,Sell,234154503
2024-08-23 09:37:03,19800.0,5000,Sell,234154504
2024-08-23 09:37:03,19800.0,5000,Buy,234154523
2024-08-23 09:37:09,19800.0,100,Buy,234154701
2024-08-23 09:37:09,19800.0,4900,Buy,234154702
2024-08-23 09:37:14,19750.0,100,Sell,234154804
2024-08-23 09:37:16,19750.0,1600,Sell,234154848
2024-08-23 09:37:24,19800.0,400,Buy,234155118
2024-08-23 09:37:34,19800.0,4000,Buy,234155325
2024-08-23 09:37:45,19800.0,5000,Buy,234155633
2024-08-23 09:37:47,19800.0,1000,Buy,234155654
2024-08-23 09:38:17,19800.0,10000,Buy,234156364
2024-08-23 09:38:18,19800.0,400,Buy,234156412
2024-08-23 09:38:18,19800.0,1600,Buy,234156411
2024-08-23 09:38:18,19800.0,5100,Buy,234156410
2024-08-23 09:38:18,19800.0,8000,Buy,234156408
2024-08-23 09:38:18,19800.0,9600,Buy,234156406
2024-08-23 09:38:18,19800.0,100,Buy,234156409
2024-08-23 09:38:18,19800.0,100,Buy,234156407
2024-08-23 09:38:19,19800.0,100,Sell,234156422
2024-08-23 09:38:28,19800.0,100,Buy,234156594
2024-08-23 09:38:28,19800.0,1000,Buy,234156593
2024-08-23 09:38:29,19800.0,27900,Sell,234156616
2024-08-23 09:38:29,19800.0,1000,Sell,234156603
2024-08-23 09:38:29,19800.0,13500,Sell,234156617
2024-08-23 09:38:43,19750.0,1000,Sell,234156899
2024-08-23 09:38:50,19800.0,700,Buy,234157013
2024-08-23 09:38:52,19800.0,6800,Buy,234157055
2024-08-23 09:38:52,19800.0,3200,Buy,234157057
2024-08-23 09:38:57,19800.0,100,Buy,234157162
2024-08-23 09:38:57,19800.0,900,Buy,234157163
2024-08-23 09:39:01,19750.0,1100,Sell,234157226
2024-08-23 09:39:05,19850.0,1000,Buy,234157280
2024-08-23 09:39:05,19850.0,100,Buy,234157279
2024-08-23 09:39:05,19800.0,700,Buy,234157276
2024-08-23 09:39:05,19850.0,100,Buy,234157277
2024-08-23 09:39:05,19850.0,100,Buy,234157278
2024-08-23 09:39:05,19800.0,300,Buy,234157268
2024-08-23 09:39:07,19800.0,200,Sell,234157348
2024-08-23 09:39:12,19800.0,300,Buy,234157496
2024-08-23 09:39:42,19800.0,1000,Buy,234158011
2024-08-23 09:39:53,19800.0,200,Buy,234158209
2024-08-23 09:40:06,19800.0,1000,Buy,234158429
2024-08-23 09:40:06,19800.0,1600,Buy,234158427
2024-08-23 09:40:06,19800.0,18400,Buy,234158426
2024-08-23 09:40:12,19800.0,3500,Buy,234158514
2024-08-23 09:40:12,19800.0,1500,Buy,234158515
2024-08-23 09:40:21,19800.0,1000,Buy,234158682
2024-08-23 09:40:21,19800.0,1000,Buy,234158683
2024-08-23 09:40:33,19800.0,500,Buy,234158941
2024-08-23 09:40:33,19800.0,100,Buy,234158942
2024-08-23 09:40:33,19800.0,400,Buy,234158943
2024-08-23 09:40:46,19750.0,500,Sell,234159165
2024-08-23 09:40:56,19800.0,400,Buy,234159436
2024-08-23 09:40:56,19800.0,4600,Buy,234159435
2024-08-23 09:41:09,19750.0,100,Sell,234159847
2024-08-23 09:41:09,19750.0,200,Sell,234159848
2024-08-23 09:41:09,19750.0,100,Sell,234159851
2024-08-23 09:41:09,19750.0,1000,Sell,234159846
2024-08-23 09:41:09,19750.0,1000,Sell,234159853
2024-08-23 09:41:09,19750.0,100,Sell,234159854
2024-08-23 09:41:09,19750.0,100,Sell,234159855
2024-08-23 09:41:09,19750.0,200,Sell,234159856
2024-08-23 09:41:09,19750.0,200,Sell,234159852
2024-08-23 09:41:09,19750.0,25000,Sell,234159845
2024-08-23 09:41:09,19750.0,1000,Sell,234159850
2024-08-23 09:41:09,19750.0,1000,Sell,234159843
2024-08-23 09:41:09,19750.0,100,Sell,234159844
2024-08-23 09:41:09,19800.0,100,Buy,234159829
2024-08-23 09:41:09,19800.0,100,Buy,234159830
2024-08-23 09:41:09,19750.0,1600,Sell,234159835
2024-08-23 09:41:09,19750.0,200,Sell,234159836
2024-08-23 09:41:09,19750.0,500,Sell,234159837
2024-08-23 09:41:09,19750.0,1100,Sell,234159849
2024-08-23 09:41:09,19750.0,500,Sell,234159839
2024-08-23 09:41:09,19750.0,30000,Sell,234159838
2024-08-23 09:41:09,19750.0,300,Sell,234159840
2024-08-23 09:41:09,19750.0,10000,Sell,234159841
2024-08-23 09:41:09,19750.0,9500,Sell,234159842
2024-08-23 09:41:19,19800.0,400,Buy,234160027
2024-08-23 09:41:23,19800.0,500,Buy,234160051
2024-08-23 09:41:23,19800.0,100,Buy,234160052
2024-08-23 09:41:51,19800.0,900,Buy,234160590
2024-08-23 09:41:51,19800.0,100,Buy,234160591
2024-08-23 09:41:51,19800.0,300,Buy,234160592
2024-08-23 09:41:57,19700.0,15900,Sell,234160798
2024-08-23 09:41:57,19700.0,1300,Sell,234160797
2024-08-23 09:41:57,19700.0,100,Sell,234160796
2024-08-23 09:41:57,19700.0,100,Sell,234160794
2024-08-23 09:41:57,19700.0,1000,Sell,234160793
2024-08-23 09:41:57,19700.0,5000,Sell,234160795
2024-08-23 09:41:57,19700.0,500,Sell,234160791
2024-08-23 09:41:57,19700.0,5000,Sell,234160790
2024-08-23 09:41:57,19700.0,500,Sell,234160789
2024-08-23 09:41:57,19700.0,100,Sell,234160788
2024-08-23 09:41:57,19700.0,2000,Sell,234160787
2024-08-23 09:41:57,19700.0,1100,Sell,234160786
2024-08-23 09:41:57,19700.0,30000,Sell,234160792
2024-08-23 09:41:58,19700.0,100,Sell,234160809
2024-08-23 09:41:58,19700.0,5100,Sell,234160806
2024-08-23 09:41:58,19700.0,2000,Sell,234160807
2024-08-23 09:41:58,19700.0,200,Sell,234160808
2024-08-23 09:42:04,19750.0,300,Buy,234160914
2024-08-23 09:42:20,19750.0,300,Buy,234161148
2024-08-23 09:42:24,19750.0,900,Buy,234161222
2024-08-23 09:42:24,19750.0,1300,Buy,234161223
2024-08-23 09:42:54,19700.0,300,Sell,234161709
2024-08-23 09:42:55,19700.0,200,Buy,234161713
2024-08-23 09:43:14,19700.0,400,Buy,234162040
2024-08-23 09:43:16,19700.0,100,Buy,234162062
2024-08-23 09:43:47,19700.0,4000,Buy,234162655
2024-08-23 09:43:47,19700.0,6000,Buy,234162656
2024-08-23 09:43:56,19700.0,8700,Buy,234162804
2024-08-23 09:43:56,19700.0,5700,Buy,234162805
2024-08-23 09:43:56,19750.0,15600,Buy,234162806
2024-08-23 09:43:59,19700.0,3200,Sell,234162851
2024-08-23 09:44:06,19700.0,700,Buy,234163009
2024-08-23 09:44:09,19700.0,4700,Buy,234163050
2024-08-23 09:44:10,19700.0,5300,Sell,234163066
2024-08-23 09:44:24,19650.0,300,Sell,234163280
2024-08-23 09:44:33,19700.0,500,Buy,234163463
2024-08-23 09:44:34,19700.0,1500,Sell,234163484
2024-08-23 09:44:48,19700.0,100,Sell,234163772
2024-08-23 09:44:49,19700.0,900,Sell,234163789
2024-08-23 09:44:51,19700.0,500,Buy,234163822
2024-08-23 09:45:15,19700.0,1400,Buy,234164292
2024-08-23 09:45:15,19700.0,3600,Buy,234164291
2024-08-23 09:45:25,19700.0,100,Buy,234164450
2024-08-23 09:45:29,19700.0,100,Sell,234164581
2024-08-23 09:46:20,19700.0,5000,Sell,234165327
2024-08-23 09:46:20,19700.0,5000,Sell,234165326
2024-08-23 09:46:21,19700.0,100,Sell,234165355
2024-08-23 09:46:34,19700.0,1000,Buy,234165572
2024-08-23 09:46:35,19700.0,4000,Sell,234165595
2024-08-23 09:46:45,19700.0,100,Sell,234165804
2024-08-23 09:46:54,19750.0,2900,Buy,234165918
2024-08-23 09:46:54,19750.0,200,Buy,234165917
2024-08-23 09:46:54,19750.0,3500,Buy,234165916
2024-08-23 09:46:54,19750.0,100,Buy,234165915
2024-08-23 09:46:54,19750.0,100,Buy,234165914
2024-08-23 09:46:54,19750.0,1000,Buy,234165912
2024-08-23 09:46:54,19750.0,1000,Buy,234165911
2024-08-23 09:46:54,19750.0,1000,Buy,234165910
2024-08-23 09:46:54,19700.0,100,Buy,234165909
2024-08-23 09:46:54,19750.0,100,Buy,234165913
2024-08-23 09:48:14,19750.0,100,Buy,234167442
2024-08-23 09:48:15,19700.0,500,Sell,234167461
2024-08-23 09:48:32,19700.0,4500,Sell,234167743
2024-08-23 09:48:32,19700.0,500,Sell,234167744
2024-08-23 09:48:37,19700.0,300,Sell,234167862
2024-08-23 09:48:55,19700.0,1000,Sell,234168198
2024-08-23 09:49:27,19700.0,100,Sell,234168631
2024-08-23 09:49:30,19700.0,100,Sell,234168685
2024-08-23 09:50:01,19700.0,1000,Sell,234169278
2024-08-23 09:50:01,19700.0,3000,Sell,234169277
2024-08-23 09:50:01,19700.0,100,Sell,234169286
2024-08-23 09:50:01,19700.0,5000,Sell,234169285
2024-08-23 09:50:01,19700.0,5000,Sell,234169284
2024-08-23 09:50:01,19700.0,3000,Sell,234169287
2024-08-23 09:50:01,19700.0,1000,Sell,234169282
2024-08-23 09:50:01,19700.0,100,Sell,234169281
2024-08-23 09:50:01,19700.0,1000,Sell,234169280
2024-08-23 09:50:01,19700.0,100,Sell,234169279
2024-08-23 09:50:01,19700.0,100,Sell,234169283
2024-08-23 09:50:10,19700.0,2000,Buy,234169420
2024-08-23 09:50:18,19700.0,13000,Sell,234169578
2024-08-23 09:50:18,19700.0,5000,Sell,234169579
2024-08-23 09:50:28,19700.0,5000,Buy,234169787
2024-08-23 09:51:21,19700.0,17000,Buy,234170695
2024-08-23 09:51:21,19700.0,200,Buy,234170696
2024-08-23 09:51:21,19700.0,1600,Buy,234170697
2024-08-23 09:51:42,19700.0,1000,Sell,234170997
2024-08-23 09:52:25,19700.0,200,Sell,234171755
2024-08-23 09:53:10,19700.0,100,Sell,234172478
2024-08-23 09:53:21,19700.0,100,Sell,234172668
2024-08-23 09:54:05,19700.0,1800,Sell,234173533
2024-08-23 09:54:05,19700.0,200,Sell,234173532
2024-08-23 09:54:07,19700.0,2000,Sell,234173568
2024-08-23 09:54:11,19700.0,300,Sell,234173667
2024-08-23 09:54:54,19700.0,500,Sell,234174558
2024-08-23 09:55:41,19700.0,500,Sell,234175458
2024-08-23 09:55:43,19700.0,500,Sell,234175467
2024-08-23 09:55:48,19750.0,400,Buy,234175538
2024-08-23 09:55:48,19750.0,1600,Buy,234175539
2024-08-23 09:56:37,19750.0,100,Buy,234176372
2024-08-23 09:56:38,19700.0,300,Sell,234176410
2024-08-23 09:57:05,19700.0,100,Sell,234177044
2024-08-23 09:57:15,19700.0,100,Sell,234177231
2024-08-23 09:57:19,19700.0,100,Sell,234177296
2024-08-23 09:57:32,19700.0,200,Sell,234177482
2024-08-23 09:57:36,19750.0,2500,Buy,234177593
2024-08-23 09:57:36,19750.0,400,Buy,234177596
2024-08-23 09:57:36,19750.0,400,Buy,234177595
2024-08-23 09:57:36,19750.0,1600,Buy,234177594
2024-08-23 09:57:36,19750.0,2100,Buy,234177592
2024-08-23 09:57:36,19750.0,5100,Buy,234177598
2024-08-23 09:57:36,19750.0,100,Buy,234177590
2024-08-23 09:57:36,19750.0,1000,Buy,234177591
2024-08-23 09:57:36,19750.0,3300,Buy,234177586
2024-08-23 09:57:36,19750.0,500,Buy,234177597
2024-08-23 09:57:36,19750.0,3000,Buy,234177588
2024-08-23 09:57:36,19750.0,15000,Buy,234177589
2024-08-23 09:57:36,19750.0,15000,Buy,234177587
2024-08-23 09:57:37,19750.0,1100,Buy,234177602
2024-08-23 09:57:41,19700.0,300,Sell,234177697
2024-08-23 09:57:43,19750.0,6800,Buy,234177726
2024-08-23 09:57:50,19750.0,7000,Buy,234177877
2024-08-23 09:57:50,19750.0,3000,Buy,234177878
2024-08-23 09:57:54,19750.0,1000,Buy,234177946
2024-08-23 09:57:54,19750.0,300,Buy,234177945
2024-08-23 09:58:04,19800.0,4000,Buy,234178196
2024-08-23 09:58:04,19800.0,500,Buy,234178197
2024-08-23 09:58:04,19800.0,17000,Buy,234178200
2024-08-23 09:58:04,19800.0,100,Buy,234178199
2024-08-23 09:58:04,19800.0,1300,Buy,234178195
2024-08-23 09:58:04,19800.0,1000,Buy,234178198
2024-08-23 09:58:04,19800.0,100,Buy,234178194
2024-08-23 09:58:04,19750.0,8000,Buy,234178188
2024-08-23 09:58:04,19800.0,100,Buy,234178192
2024-08-23 09:58:04,19800.0,200,Buy,234178191
2024-08-23 09:58:04,19800.0,1000,Buy,234178190
2024-08-23 09:58:04,19800.0,800,Buy,234178189
2024-08-23 09:58:04,19750.0,2000,Buy,234178187
2024-08-23 09:58:04,19750.0,9700,Buy,234178185
2024-08-23 09:58:04,19800.0,3900,Buy,234178193
2024-08-23 09:58:04,19750.0,300,Buy,234178186
2024-08-23 09:58:07,19750.0,200,Sell,234178252
2024-08-23 09:58:47,19700.0,300,Sell,234178918
2024-08-23 09:59:47,19750.0,1000,Buy,234180496
2024-08-23 09:59:47,19750.0,1000,Buy,234180497
2024-08-23 09:59:49,19750.0,1000,Buy,234180522
2024-08-23 09:59:50,19700.0,300,Sell,234180538
2024-08-23 10:00:12,19700.0,200,Sell,234181106
2024-08-23 10:00:17,19700.0,3000,Sell,234181203
2024-08-23 10:00:38,19750.0,1000,Buy,234181697
2024-08-23 10:00:53,19700.0,300,Sell,234182047
2024-08-23 10:00:57,19700.0,300,Sell,234182130
2024-08-23 10:01:59,19700.0,300,Sell,234183421
2024-08-23 10:02:27,19700.0,100,Sell,234184361
2024-08-23 10:02:36,19750.0,500,Buy,234184649
2024-08-23 10:03:01,19700.0,300,Sell,234185275
2024-08-23 10:03:19,19700.0,3200,Sell,234185817
2024-08-23 10:03:19,19700.0,100,Sell,234185818
2024-08-23 10:03:23,19700.0,4000,Sell,234185936
2024-08-23 10:03:36,19750.0,400,Buy,234186405
2024-08-23 10:03:38,19700.0,5000,Sell,234186474
2024-08-23 10:03:38,19700.0,4100,Sell,234186475
2024-08-23 10:03:38,19700.0,900,Sell,234186473
2024-08-23 10:03:47,19700.0,1700,Sell,234186656
2024-08-23 10:03:47,19700.0,500,Sell,234186655
2024-08-23 10:03:47,19700.0,2000,Sell,234186654
2024-08-23 10:03:47,19700.0,1000,Sell,234186653
2024-08-23 10:03:47,19700.0,200,Sell,234186652
2024-08-23 10:03:47,19700.0,500,Sell,234186651
2024-08-23 10:03:47,19700.0,900,Sell,234186650
2024-08-23 10:03:47,19700.0,20000,Sell,234186649
2024-08-23 10:03:47,19700.0,100,Sell,234186648
2024-08-23 10:03:47,19700.0,5000,Sell,234186645
2024-08-23 10:03:47,19700.0,300,Sell,234186646
2024-08-23 10:03:47,19700.0,600,Sell,234186647
2024-08-23 10:03:47,19700.0,900,Sell,234186638
2024-08-23 10:03:47,19700.0,5000,Sell,234186639
2024-08-23 10:03:47,19700.0,5000,Sell,234186640
2024-08-23 10:03:47,19700.0,2000,Sell,234186644
2024-08-23 10:03:47,19700.0,100,Sell,234186642
2024-08-23 10:03:47,19700.0,5000,Sell,234186643
2024-08-23 10:03:47,19700.0,5000,Sell,234186641
2024-08-23 10:04:07,19700.0,300,Sell,234187222
2024-08-23 10:04:17,19700.0,100,Sell,234187426
2024-08-23 10:04:43,19700.0,200,Sell,234188026
2024-08-23 10:04:43,19700.0,200,Sell,234188027
2024-08-23 10:04:43,19700.0,600,Sell,234188025
2024-08-23 10:04:45,19700.0,1400,Buy,234188070
2024-08-23 10:04:54,19700.0,1000,Sell,234188219
2024-08-23 10:05:00,19700.0,100,Sell,234188364
2024-08-23 10:05:04,19700.0,3600,Sell,234188442
2024-08-23 10:05:04,19700.0,400,Sell,234188443
2024-08-23 10:05:13,19650.0,300,Sell,234188870
2024-08-23 10:06:08,19650.0,2100,Sell,234189886
2024-08-23 10:06:08,19650.0,100,Sell,234189885
2024-08-23 10:06:08,19650.0,1000,Sell,234189883
2024-08-23 10:06:08,19650.0,500,Sell,234189884
2024-08-23 10:06:08,19650.0,1300,Sell,234189882
2024-08-23 10:06:10,19650.0,500,Sell,234189944
2024-08-23 10:06:17,19650.0,300,Sell,234190130
2024-08-23 10:07:19,19650.0,100,Sell,234191446
2024-08-23 10:07:19,19650.0,200,Sell,234191447
2024-08-23 10:07:31,19650.0,100,Sell,234191671
2024-08-23 10:07:38,19650.0,700,Sell,234191796
2024-08-23 10:07:38,19650.0,3300,Sell,234191797
2024-08-23 10:07:39,19650.0,200,Sell,234191860
2024-08-23 10:07:39,19650.0,100,Sell,234191858
2024-08-23 10:07:39,19650.0,100,Sell,234191857
2024-08-23 10:07:39,19650.0,200,Sell,234191856
2024-08-23 10:07:39,19650.0,1000,Sell,234191859
2024-08-23 10:07:39,19650.0,1000,Sell,234191854
2024-08-23 10:07:39,19650.0,400,Sell,234191853
2024-08-23 10:07:39,19650.0,400,Sell,234191847
2024-08-23 10:07:39,19650.0,1700,Sell,234191846
2024-08-23 10:07:39,19650.0,2000,Sell,234191855
2024-08-23 10:07:43,19650.0,5000,Sell,234191935
2024-08-23 10:07:43,19650.0,10000,Sell,234191936
2024-08-23 10:07:43,19650.0,10000,Sell,234191937
2024-08-23 10:07:43,19650.0,10000,Sell,234191938
2024-08-23 10:07:43,19650.0,15000,Sell,234191939
2024-08-23 10:07:43,19650.0,200,Sell,234191941
2024-08-23 10:07:43,19650.0,300,Sell,234191942
2024-08-23 10:07:43,19650.0,500,Sell,234191943
2024-08-23 10:07:43,19650.0,500,Sell,234191944
2024-08-23 10:07:43,19650.0,500,Sell,234191945
2024-08-23 10:07:43,19650.0,600,Sell,234191946
2024-08-23 10:07:43,19650.0,100,Sell,234191934
2024-08-23 10:07:43,19650.0,1000,Sell,234191940
2024-08-23 10:07:43,19650.0,200,Sell,234191933
2024-08-23 10:07:43,19650.0,1000,Sell,234191925
2024-08-23 10:07:43,19650.0,5000,Sell,234191931
2024-08-23 10:07:43,19650.0,49800,Sell,234191918
2024-08-23 10:07:43,19650.0,1300,Sell,234191919
2024-08-23 10:07:43,19650.0,10000,Sell,234191920
2024-08-23 10:07:43,19650.0,1000,Sell,234191921
2024-08-23 10:07:43,19650.0,600,Sell,234191932
2024-08-23 10:07:43,19650.0,200,Sell,234191923
2024-08-23 10:07:43,19650.0,2000,Sell,234191922
2024-08-23 10:07:43,19650.0,600,Sell,234191926
2024-08-23 10:07:43,19650.0,1500,Sell,234191927
2024-08-23 10:07:43,19650.0,100,Sell,234191928
2024-08-23 10:07:43,19650.0,500,Sell,234191929
2024-08-23 10:07:43,19650.0,100000,Sell,234191930
2024-08-23 10:07:43,19650.0,100,Sell,234191924
2024-08-23 10:08:18,19650.0,100,Buy,234192767
2024-08-23 10:08:21,19600.0,300,Sell,234192830
2024-08-23 10:08:23,19600.0,1000,Sell,234192866
2024-08-23 10:08:24,19600.0,2000,Sell,234192915
2024-08-23 10:08:45,19600.0,1600,Sell,234193429
2024-08-23 10:08:57,19600.0,2000,Sell,234193667
2024-08-23 10:09:08,19600.0,5000,Sell,234193862
2024-08-23 10:09:13,19600.0,1000,Sell,234193949
2024-08-23 10:09:19,19650.0,100,Buy,234194082
2024-08-23 10:09:22,19600.0,100,Sell,234194157
2024-08-23 10:09:25,19600.0,3000,Sell,234194220
2024-08-23 10:09:27,19600.0,300,Sell,234194244
2024-08-23 10:09:30,19600.0,2500,Sell,234194296
2024-08-23 10:09:32,19600.0,5000,Sell,234194336
2024-08-23 10:09:46,19600.0,500,Sell,234194744
2024-08-23 10:09:50,19600.0,10000,Sell,234194808
2024-08-23 10:09:50,19600.0,500,Sell,234194809
2024-08-23 10:09:52,19650.0,200,Buy,234194853
2024-08-23 10:10:19,19600.0,5000,Sell,234195388
2024-08-23 10:10:28,19600.0,2500,Sell,234195668
2024-08-23 10:10:28,19600.0,300,Sell,234195683
2024-08-23 10:10:28,19600.0,23500,Sell,234195667
2024-08-23 10:10:34,19600.0,1200,Sell,234195921
2024-08-23 10:10:36,19600.0,200,Sell,234195937
2024-08-23 10:10:39,19600.0,500,Sell,234196022
2024-08-23 10:10:46,19600.0,100,Sell,234196114
2024-08-23 10:10:47,19600.0,1000,Sell,234196142
2024-08-23 10:10:47,19600.0,9700,Sell,234196146
2024-08-23 10:10:47,19600.0,100,Sell,234196145
2024-08-23 10:10:47,19600.0,10200,Sell,234196144
2024-08-23 10:10:47,19600.0,500,Sell,234196143
2024-08-23 10:10:47,19600.0,10000,Sell,234196141
2024-08-23 10:10:47,19600.0,100,Sell,234196140
2024-08-23 10:10:47,19600.0,200,Sell,234196132
2024-08-23 10:10:47,19600.0,100,Sell,234196138
2024-08-23 10:10:47,19600.0,200,Sell,234196137
2024-08-23 10:10:47,19600.0,5000,Sell,234196136
2024-08-23 10:10:47,19600.0,10000,Sell,234196135
2024-08-23 10:10:47,19600.0,100,Sell,234196134
2024-08-23 10:10:47,19600.0,2000,Sell,234196133
2024-08-23 10:10:47,19600.0,100,Sell,234196139
2024-08-23 10:10:48,19600.0,300,Sell,234196161
2024-08-23 10:10:53,19600.0,500,Sell,234196401
2024-08-23 10:10:53,19600.0,6800,Sell,234196393
2024-08-23 10:10:53,19600.0,1000,Sell,234196392
2024-08-23 10:10:53,19600.0,1100,Sell,234196391
2024-08-23 10:10:53,19600.0,100,Sell,234196390
2024-08-23 10:10:53,19600.0,1000,Sell,234196389
2024-08-23 10:10:56,19600.0,5000,Sell,234196450
2024-08-23 10:10:57,19600.0,3000,Sell,234196460
2024-08-23 10:10:59,19600.0,3000,Sell,234196504
2024-08-23 10:11:01,19600.0,700,Sell,234196560
2024-08-23 10:11:01,19600.0,100,Sell,234196561
2024-08-23 10:11:01,19600.0,100,Sell,234196562
2024-08-23 10:11:01,19600.0,200,Sell,234196563
2024-08-23 10:11:01,19600.0,200,Sell,234196564
2024-08-23 10:11:01,19600.0,100,Sell,234196559
2024-08-23 10:11:01,19600.0,1000,Sell,234196566
2024-08-23 10:11:01,19600.0,100,Sell,234196567
2024-08-23 10:11:01,19600.0,100,Sell,234196568
2024-08-23 10:11:01,19600.0,2300,Sell,234196569
2024-08-23 10:11:01,19600.0,1000,Sell,234196565
2024-08-23 10:11:01,19600.0,100,Sell,234196558
2024-08-23 10:11:01,19600.0,5000,Sell,234196549
2024-08-23 10:11:01,19600.0,3000,Sell,234196556
2024-08-23 10:11:01,19600.0,500,Sell,234196557
2024-08-23 10:11:01,19600.0,600,Sell,234196545
2024-08-23 10:11:01,19600.0,100,Sell,234196546
2024-08-23 10:11:01,19600.0,100,Sell,234196547
2024-08-23 10:11:01,19600.0,300,Sell,234196548
2024-08-23 10:11:01,19600.0,31700,Sell,234196544
2024-08-23 10:11:01,19600.0,1000,Sell,234196551
2024-08-23 10:11:01,19600.0,1000,Sell,234196552
2024-08-23 10:11:01,19600.0,100,Sell,234196553
2024-08-23 10:11:01,19600.0,100,Sell,234196554
2024-08-23 10:11:01,19600.0,200,Sell,234196555
2024-08-23 10:11:01,19600.0,300,Sell,234196550
2024-08-23 10:11:03,19600.0,400,Sell,234196599
2024-08-23 10:11:03,19600.0,1000,Sell,234196600
2024-08-23 10:11:03,19600.0,1000,Sell,234196601
2024-08-23 10:11:03,19600.0,100,Sell,234196602
2024-08-23 10:11:03,19600.0,100,Sell,234196603
2024-08-23 10:11:03,19600.0,200,Sell,234196604
2024-08-23 10:11:03,19600.0,3200,Sell,234196605
2024-08-23 10:11:03,19600.0,2800,Sell,234196612
2024-08-23 10:11:03,19600.0,200,Sell,234196613
2024-08-23 10:11:04,19600.0,2600,Sell,234196629
2024-08-23 10:11:04,19600.0,200,Sell,234196625
2024-08-23 10:11:04,19600.0,200,Sell,234196626
2024-08-23 10:11:04,19600.0,5100,Sell,234196627
2024-08-23 10:11:09,19600.0,500,Buy,234196744
2024-08-23 10:11:20,19650.0,4200,Buy,234197055
2024-08-23 10:11:20,19650.0,700,Buy,234197054
2024-08-23 10:11:20,19650.0,100,Buy,234197053
2024-08-23 10:11:20,19650.0,100,Buy,234197052
2024-08-23 10:11:20,19650.0,100,Buy,234197051
2024-08-23 10:11:20,19650.0,500,Buy,234197050
2024-08-23 10:11:20,19600.0,14100,Buy,234197048
2024-08-23 10:11:20,19600.0,100,Buy,234197047
2024-08-23 10:11:20,19600.0,1000,Buy,234197046
2024-08-23 10:11:20,19600.0,100,Buy,234197045
2024-08-23 10:11:20,19600.0,1000,Buy,234197044
2024-08-23 10:11:20,19600.0,29500,Buy,234197043
2024-08-23 10:11:20,19650.0,2000,Buy,234197049
2024-08-23 10:11:21,19650.0,400,Buy,234197075
2024-08-23 10:11:21,19650.0,100,Buy,234197074
2024-08-23 10:11:21,19650.0,300,Buy,234197073
2024-08-23 10:11:21,19650.0,100,Buy,234197072
2024-08-23 10:11:21,19650.0,13000,Buy,234197071
2024-08-23 10:11:21,19650.0,7000,Buy,234197069
2024-08-23 10:11:21,19650.0,200,Buy,234197065
2024-08-23 10:11:21,19650.0,2000,Buy,234197066
2024-08-23 10:11:21,19650.0,500,Buy,234197070
2024-08-23 10:11:21,19650.0,11500,Buy,234197068
2024-08-23 10:11:21,19650.0,2600,Buy,234197067
2024-08-23 10:11:22,19650.0,6800,Sell,234197118
2024-08-23 10:11:22,19650.0,2000,Sell,234197098
2024-08-23 10:11:27,19550.0,5000,Sell,234197242
2024-08-23 10:11:27,19550.0,500,Sell,234197243
2024-08-23 10:11:27,19550.0,1000,Sell,234197244
2024-08-23 10:11:27,19550.0,2900,Sell,234197245
2024-08-23 10:11:27,19550.0,2600,Sell,234197241
2024-08-23 10:11:30,19550.0,300,Sell,234197290
2024-08-23 10:11:31,19600.0,100,Buy,234197312
2024-08-23 10:11:50,19550.0,1800,Sell,234197621
2024-08-23 10:11:50,19550.0,3200,Sell,234197622
2024-08-23 10:12:16,19550.0,1800,Sell,234198383
2024-08-23 10:12:16,19550.0,100,Sell,234198384
2024-08-23 10:12:16,19550.0,1000,Sell,234198385
2024-08-23 10:12:16,19550.0,100,Sell,234198386
2024-08-23 10:12:20,19550.0,800,Sell,234198528
2024-08-23 10:12:20,19550.0,100,Sell,234198526
2024-08-23 10:12:20,19550.0,100,Sell,234198527
2024-08-23 10:12:23,19550.0,1000,Sell,234198629
2024-08-23 10:12:23,19550.0,900,Sell,234198642
2024-08-23 10:12:23,19550.0,100,Sell,234198641
2024-08-23 10:12:23,19550.0,1600,Sell,234198640
2024-08-23 10:12:23,19550.0,5000,Sell,234198639
2024-08-23 10:12:23,19550.0,2000,Sell,234198638
2024-08-23 10:12:23,19550.0,1600,Sell,234198637
2024-08-23 10:12:23,19550.0,500,Sell,234198636
2024-08-23 10:12:23,19550.0,200,Sell,234198634
2024-08-23 10:12:23,19550.0,100,Sell,234198633
2024-08-23 10:12:23,19550.0,200,Sell,234198632
2024-08-23 10:12:23,19550.0,900,Sell,234198631
2024-08-23 10:12:23,19550.0,1000,Sell,234198630
2024-08-23 10:12:23,19550.0,1800,Sell,234198628
2024-08-23 10:12:23,19550.0,1000,Sell,234198621
2024-08-23 10:12:23,19550.0,5000,Sell,234198626
2024-08-23 10:12:23,19550.0,4200,Sell,234198612
2024-08-23 10:12:23,19550.0,500,Sell,234198613
2024-08-23 10:12:23,19550.0,5000,Sell,234198614
2024-08-23 10:12:23,19550.0,2000,Sell,234198615
2024-08-23 10:12:23,19550.0,5000,Sell,234198616
2024-08-23 10:12:23,19550.0,1000,Sell,234198627
2024-08-23 10:12:23,19550.0,500,Sell,234198617
2024-08-23 10:12:23,19550.0,2000,Sell,234198619
2024-08-23 10:12:23,19550.0,1000,Sell,234198622
2024-08-23 10:12:23,19550.0,200,Sell,234198623
2024-08-23 10:12:23,19550.0,100,Sell,234198624
2024-08-23 10:12:23,19550.0,500,Sell,234198625
2024-08-23 10:12:23,19550.0,5000,Sell,234198618
2024-08-23 10:12:23,19550.0,100,Sell,234198620
2024-08-23 10:12:25,19550.0,1100,Sell,234198703
2024-08-23 10:12:25,19550.0,4900,Sell,234198704
2024-08-23 10:12:28,19550.0,1500,Sell,234198796
2024-08-23 10:12:28,19550.0,800,Sell,234198795
2024-08-23 10:12:28,19550.0,100,Sell,234198793
2024-08-23 10:12:28,19550.0,500,Sell,234198794
2024-08-23 10:12:30,19550.0,200,Buy,234198843
2024-08-23 10:12:32,19550.0,900,Buy,234198942
2024-08-23 10:12:32,19550.0,100,Buy,234198943
2024-08-23 10:12:34,19500.0,300,Sell,234198972
2024-08-23 10:12:35,19500.0,200,Sell,234199003
2024-08-23 10:12:35,19500.0,300,Sell,234199004
2024-08-23 10:12:35,19500.0,200,Sell,234199005
2024-08-23 10:12:35,19500.0,300,Sell,234199006
2024-08-23 10:12:35,19500.0,300,Sell,234199007
2024-08-23 10:12:37,19600.0,500,Buy,234199045
2024-08-23 10:12:40,19600.0,500,Buy,234199129
2024-08-23 10:12:48,19550.0,100,Sell,234199460
2024-08-23 10:12:48,19550.0,5000,Sell,234199459
2024-08-23 10:12:56,19550.0,2000,Buy,234199603
2024-08-23 10:12:59,19550.0,5000,Buy,234199686
2024-08-23 10:13:06,19550.0,1000,Buy,234199860
2024-08-23 10:13:06,19550.0,1000,Buy,234199863
2024-08-23 10:13:09,19550.0,1000,Buy,234199958
2024-08-23 10:13:09,19500.0,400,Sell,234199963
2024-08-23 10:13:09,19500.0,100,Sell,234199964
2024-08-23 10:13:10,19550.0,200,Buy,234199993
2024-08-23 10:13:22,19550.0,100,Buy,234200228
2024-08-23 10:13:26,19550.0,100,Buy,234200319
2024-08-23 10:13:29,19550.0,500,Buy,234200366
2024-08-23 10:13:34,19550.0,1000,Buy,234200501
2024-08-23 10:13:36,19550.0,200,Buy,234200530
2024-08-23 10:13:37,19500.0,300,Sell,234200592
2024-08-23 10:13:40,19550.0,300,Buy,234200665
2024-08-23 10:13:41,19550.0,100,Buy,234200677
2024-08-23 10:13:42,19550.0,300,Buy,234200704
2024-08-23 10:13:45,19550.0,7900,Buy,234200788
2024-08-23 10:13:45,19550.0,2100,Buy,234200787
2024-08-23 10:13:45,19500.0,400,Sell,234200786
2024-08-23 10:13:45,19500.0,1000,Sell,234200785
2024-08-23 10:13:45,19500.0,2000,Sell,234200784
2024-08-23 10:13:45,19500.0,100,Sell,234200783
2024-08-23 10:13:45,19500.0,300,Sell,234200780
2024-08-23 10:13:45,19500.0,500,Sell,234200779
2024-08-23 10:13:45,19500.0,10000,Sell,234200778
2024-08-23 10:13:45,19500.0,100,Sell,234200777
2024-08-23 10:13:45,19500.0,4000,Sell,234200776
2024-08-23 10:13:45,19500.0,500,Sell,234200775
2024-08-23 10:13:45,19500.0,1000,Sell,234200781
2024-08-23 10:13:45,19500.0,100,Sell,234200782
2024-08-23 10:13:48,19550.0,1000,Buy,234200924
2024-08-23 10:13:49,19550.0,500,Buy,234200948
2024-08-23 10:14:04,19550.0,5000,Buy,234201191
2024-08-23 10:14:06,19550.0,500,Buy,234201236
2024-08-23 10:14:15,19550.0,900,Buy,234201490
2024-08-23 10:14:17,19550.0,500,Buy,234201519
2024-08-23 10:14:19,19550.0,1400,Buy,234201550
2024-08-23 10:14:21,19550.0,1000,Buy,234201579
2024-08-23 10:14:24,19550.0,200,Buy,234201629
2024-08-23 10:14:29,19550.0,5000,Buy,234201752
2024-08-23 10:14:39,19550.0,10000,Buy,234201956
2024-08-23 10:14:40,19500.0,300,Sell,234202009
2024-08-23 10:14:42,19550.0,10000,Buy,234202058
2024-08-23 10:14:46,19550.0,5000,Buy,234202144
2024-08-23 10:14:48,19550.0,1100,Buy,234202165
2024-08-23 10:14:48,19550.0,1900,Buy,234202166
2024-08-23 10:14:50,19550.0,300,Buy,234202197
2024-08-23 10:14:51,19550.0,1000,Buy,234202222
2024-08-23 10:14:52,19550.0,100,Buy,234202268
2024-08-23 10:14:52,19550.0,300,Buy,234202247
2024-08-23 10:14:53,19550.0,3000,Buy,234202291
2024-08-23 10:15:01,19550.0,200,Buy,234202477
2024-08-23 10:15:03,19550.0,100,Buy,234202515
2024-08-23 10:15:03,19550.0,1500,Buy,234202516
2024-08-23 10:15:03,19550.0,100,Buy,234202517
2024-08-23 10:15:03,19550.0,1400,Buy,234202518
2024-08-23 10:15:04,19550.0,200,Buy,234202522
2024-08-23 10:15:08,19550.0,200,Buy,234202610
2024-08-23 10:15:08,19550.0,200,Buy,234202611
2024-08-23 10:15:08,19550.0,100,Buy,234202612
2024-08-23 10:15:08,19550.0,200,Buy,234202613
2024-08-23 10:15:10,19550.0,3800,Buy,234202637
2024-08-23 10:15:10,19550.0,1200,Buy,234202638
2024-08-23 10:15:15,19550.0,100,Buy,234202702
2024-08-23 10:15:16,19550.0,300,Buy,234202717
2024-08-23 10:15:23,19550.0,900,Buy,234202890
2024-08-23 10:15:26,19550.0,200,Buy,234202944
2024-08-23 10:15:28,19550.0,2300,Buy,234202991
2024-08-23 10:15:28,19550.0,1000,Buy,234202992
2024-08-23 10:15:28,19550.0,100,Buy,234202993
2024-08-23 10:15:28,19550.0,2500,Buy,234202994
2024-08-23 10:15:28,19550.0,400,Buy,234202995
2024-08-23 10:15:28,19550.0,300,Buy,234202996
2024-08-23 10:15:28,19550.0,3400,Buy,234202997
2024-08-23 10:15:29,19550.0,600,Buy,234203038
2024-08-23 10:15:29,19550.0,500,Buy,234203039
2024-08-23 10:15:36,19600.0,200,Buy,234203253
2024-08-23 10:15:45,19550.0,300,Sell,234203456
2024-08-23 10:15:57,19550.0,3600,Sell,234203827
2024-08-23 10:15:57,19550.0,6400,Sell,234203828
2024-08-23 10:15:58,19550.0,300,Sell,234203838
2024-08-23 10:16:34,19550.0,200,Sell,234204724
2024-08-23 10:16:37,19550.0,4300,Sell,234204777
2024-08-23 10:16:37,19550.0,2000,Sell,234204775
2024-08-23 10:16:37,19550.0,1600,Sell,234204774
2024-08-23 10:16:37,19550.0,100,Sell,234204776
2024-08-23 10:16:37,19550.0,1000,Sell,234204772
2024-08-23 10:16:37,19550.0,500,Sell,234204771
2024-08-23 10:16:37,19550.0,3100,Sell,234204770
2024-08-23 10:16:37,19550.0,100,Sell,234204773
2024-08-23 10:16:40,19550.0,700,Sell,234204807
2024-08-23 10:16:40,19550.0,400,Sell,234204808
2024-08-23 10:16:45,19550.0,300,Sell,234204941
2024-08-23 10:16:55,19550.0,100,Sell,234205198
2024-08-23 10:17:02,19550.0,1500,Sell,234205333
2024-08-23 10:17:09,19550.0,500,Sell,234205474
2024-08-23 10:17:09,19550.0,700,Sell,234205498
2024-08-23 10:17:12,19600.0,700,Buy,234205540
2024-08-23 10:17:12,19600.0,300,Buy,234205541
2024-08-23 10:17:15,19550.0,1500,Sell,234205597
2024-08-23 10:17:15,19550.0,500,Sell,234205598
2024-08-23 10:17:25,19550.0,10000,Sell,234205758
2024-08-23 10:17:48,19550.0,200,Sell,234206091
2024-08-23 10:17:48,19550.0,100,Sell,234206090
2024-08-23 10:18:13,19600.0,300,Buy,234206556
2024-08-23 10:18:42,19600.0,200,Buy,234207083
2024-08-23 10:18:49,19550.0,800,Sell,234207205
2024-08-23 10:18:49,19550.0,500,Sell,234207206
2024-08-23 10:18:49,19550.0,500,Sell,234207207
2024-08-23 10:18:49,19550.0,200,Sell,234207208
2024-08-23 10:18:51,19550.0,300,Sell,234207252
2024-08-23 10:18:58,19550.0,1600,Sell,234207360
2024-08-23 10:18:58,19550.0,100,Sell,234207361
2024-08-23 10:18:58,19550.0,100,Sell,234207362
2024-08-23 10:18:58,19550.0,500,Sell,234207365
2024-08-23 10:18:58,19550.0,10000,Sell,234207364
2024-08-23 10:18:58,19550.0,100,Sell,234207359
2024-08-23 10:18:58,19550.0,1600,Sell,234207366
2024-08-23 10:18:58,19550.0,1000,Sell,234207363
2024-08-23 10:18:58,19550.0,200,Sell,234207358
2024-08-23 10:18:58,19550.0,5000,Sell,234207350
2024-08-23 10:18:58,19550.0,400,Sell,234207356
2024-08-23 10:18:58,19550.0,100,Sell,234207355
2024-08-23 10:18:58,19550.0,5000,Sell,234207354
2024-08-23 10:18:58,19550.0,1000,Sell,234207353
2024-08-23 10:18:58,19550.0,1600,Sell,234207352
2024-08-23 10:18:58,19550.0,200,Sell,234207351
2024-08-23 10:18:58,19550.0,1000,Sell,234207349
2024-08-23 10:18:58,19550.0,500,Sell,234207348
2024-08-23 10:18:58,19550.0,10000,Sell,234207357
2024-08-23 10:19:13,19550.0,5000,Sell,234207615
2024-08-23 10:19:13,19550.0,1000,Sell,234207616
2024-08-23 10:19:13,19550.0,500,Sell,234207617
2024-08-23 10:19:13,19550.0,2000,Sell,234207614
2024-08-23 10:19:13,19550.0,200,Sell,234207619
2024-08-23 10:19:13,19550.0,5000,Sell,234207621
2024-08-23 10:19:13,19550.0,1800,Sell,234207622
2024-08-23 10:19:13,19550.0,300,Sell,234207618
2024-08-23 10:19:13,19550.0,1000,Sell,234207613
2024-08-23 10:19:13,19550.0,500,Sell,234207620
2024-08-23 10:19:13,19550.0,100,Sell,234207611
2024-08-23 10:19:13,19550.0,300,Sell,234207604
2024-08-23 10:19:13,19550.0,900,Sell,234207605
2024-08-23 10:19:13,19550.0,3400,Sell,234207603
2024-08-23 10:19:13,19550.0,5000,Sell,234207606
2024-08-23 10:19:13,19550.0,1000,Sell,234207612
2024-08-23 10:19:13,19550.0,300,Sell,234207608
2024-08-23 10:19:13,19550.0,100,Sell,234207609
2024-08-23 10:19:13,19550.0,5000,Sell,234207610
2024-08-23 10:19:13,19550.0,5000,Sell,234207607
2024-08-23 10:19:14,19550.0,600,Buy,234207635
2024-08-23 10:19:16,19550.0,100,Buy,234207659
2024-08-23 10:19:22,19550.0,200,Buy,234207836
2024-08-23 10:19:30,19550.0,100,Buy,234207986
2024-08-23 10:19:31,19550.0,600,Buy,234207995
2024-08-23 10:19:40,19550.0,1000,Sell,234208133
2024-08-23 10:19:48,19550.0,100,Sell,234208277
2024-08-23 10:19:49,19550.0,1000,Sell,234208287
2024-08-23 10:19:57,19600.0,1000,Buy,234208411
2024-08-23 10:19:57,19550.0,300,Sell,234208413
2024-08-23 10:19:58,19550.0,5000,Sell,234208425
2024-08-23 10:19:58,19550.0,5000,Sell,234208426
2024-08-23 10:20:00,19550.0,500,Sell,234208444
2024-08-23 10:20:00,19550.0,1000,Sell,234208442
2024-08-23 10:20:00,19550.0,7700,Sell,234208443
2024-08-23 10:20:00,19550.0,1200,Sell,234208440
2024-08-23 10:20:00,19550.0,5000,Sell,234208439
2024-08-23 10:20:00,19550.0,200,Sell,234208441
2024-08-23 10:20:04,19550.0,500,Buy,234208511
2024-08-23 10:20:05,19550.0,100,Buy,234208515
2024-08-23 10:20:05,19550.0,200,Buy,234208517
2024-08-23 10:20:18,19550.0,100,Buy,234208703
2024-08-23 10:20:20,19550.0,3500,Buy,234208753
2024-08-23 10:20:20,19550.0,1500,Buy,234208754
2024-08-23 10:20:21,19550.0,100,Buy,234208759
2024-08-23 10:20:22,19550.0,100,Buy,234208786
2024-08-23 10:20:26,19550.0,200,Buy,234208836
2024-08-23 10:20:27,19550.0,3200,Buy,234208864
2024-08-23 10:20:30,19550.0,200,Buy,234208936
2024-08-23 10:20:35,19550.0,200,Buy,234209035
2024-08-23 10:20:37,19550.0,100,Buy,234209072
2024-08-23 10:20:37,19500.0,100,Sell,234209070
2024-08-23 10:20:44,19550.0,500,Buy,234209204
2024-08-23 10:20:44,19550.0,500,Buy,234209205
2024-08-23 10:20:44,19550.0,1600,Buy,234209206
2024-08-23 10:20:47,19550.0,200,Buy,234209284
2024-08-23 10:20:54,19550.0,100,Buy,234209431
2024-08-23 10:20:55,19500.0,200,Sell,234209434
2024-08-23 10:20:55,19500.0,100,Sell,234209435
2024-08-23 10:20:55,19500.0,100,Sell,234209436
2024-08-23 10:20:59,19500.0,300,Sell,234209574
2024-08-23 10:21:03,19550.0,200,Buy,234209655
2024-08-23 10:21:32,19550.0,100,Buy,234210334
2024-08-23 10:21:33,19550.0,5000,Buy,234210344
2024-08-23 10:21:57,19550.0,100,Buy,234210903
2024-08-23 10:21:59,19550.0,200,Buy,234210946
2024-08-23 10:22:02,19550.0,100,Buy,234211013
2024-08-23 10:22:05,19500.0,300,Sell,234211050
2024-08-23 10:22:08,19500.0,300,Sell,234211102
2024-08-23 10:22:08,19500.0,100,Sell,234211103
2024-08-23 10:22:08,19500.0,600,Sell,234211104
2024-08-23 10:22:08,19500.0,4000,Sell,234211105
2024-08-23 10:22:25,19500.0,6000,Sell,234211463
2024-08-23 10:22:25,19500.0,9000,Sell,234211464
2024-08-23 10:22:34,19500.0,100,Sell,234211575
2024-08-23 10:22:34,19500.0,500,Sell,234211574
2024-08-23 10:22:34,19500.0,2000,Sell,234211573
2024-08-23 10:22:34,19500.0,300,Sell,234211571
2024-08-23 10:22:34,19500.0,1000,Sell,234211570
2024-08-23 10:22:34,19500.0,100,Sell,234211572
2024-08-23 10:22:35,19500.0,100,Sell,234211587
2024-08-23 10:22:43,19550.0,10000,Buy,234211775
2024-08-23 10:22:50,19550.0,12400,Buy,234211873
2024-08-23 10:22:50,19550.0,800,Buy,234211874
2024-08-23 10:22:50,19550.0,3000,Buy,234211875
2024-08-23 10:22:50,19550.0,100,Buy,234211876
2024-08-23 10:22:50,19550.0,3700,Buy,234211877
2024-08-23 10:22:56,19550.0,500,Buy,234211966
2024-08-23 10:23:06,19500.0,300,Sell,234212131
2024-08-23 10:23:12,19550.0,500,Buy,234212206
2024-08-23 10:23:12,19550.0,1000,Buy,234212218
2024-08-23 10:23:17,19550.0,200,Buy,234212287
2024-08-23 10:23:22,19550.0,4100,Buy,234212361
2024-08-23 10:23:22,19550.0,900,Buy,234212362
2024-08-23 10:23:23,19550.0,200,Buy,234212378
2024-08-23 10:23:25,19500.0,500,Sell,234212391
2024-08-23 10:23:26,19550.0,100,Buy,234212431
2024-08-23 10:23:28,19550.0,400,Buy,234212450
2024-08-23 10:23:28,19550.0,200,Buy,234212451
2024-08-23 10:23:28,19550.0,400,Buy,234212452
2024-08-23 10:23:33,19550.0,1000,Buy,234212568
2024-08-23 10:23:33,19550.0,1100,Buy,234212566
2024-08-23 10:23:33,19550.0,100,Buy,234212567
2024-08-23 10:23:45,19600.0,2000,Buy,234212771
2024-08-23 10:23:46,19550.0,1000,Sell,234212779
2024-08-23 10:24:07,19550.0,300,Sell,234213155
2024-08-23 10:24:33,19550.0,200,Sell,234213576
2024-08-23 10:24:49,19600.0,1000,Buy,234213803
2024-08-23 10:24:49,19600.0,3000,Buy,234213797
2024-08-23 10:24:49,19600.0,300,Buy,234213801
2024-08-23 10:24:49,19600.0,200,Buy,234213800
2024-08-23 10:24:49,19600.0,800,Buy,234213799
2024-08-23 10:24:49,19600.0,500,Buy,234213798
2024-08-23 10:24:49,19600.0,600,Buy,234213796
2024-08-23 10:24:49,19600.0,38200,Buy,234213802
2024-08-23 10:24:49,19600.0,600,Buy,234213794
2024-08-23 10:24:49,19600.0,97500,Buy,234213787
2024-08-23 10:24:49,19600.0,5000,Buy,234213788
2024-08-23 10:24:49,19600.0,2000,Buy,234213789
2024-08-23 10:24:49,19600.0,500,Buy,234213795
2024-08-23 10:24:49,19600.0,9900,Buy,234213791
2024-08-23 10:24:49,19600.0,200,Buy,234213793
2024-08-23 10:24:49,19600.0,5500,Buy,234213790
2024-08-23 10:24:49,19600.0,2000,Buy,234213792
2024-08-23 10:24:57,19600.0,100,Sell,234213919
2024-08-23 10:25:10,19600.0,300,Sell,234214124
2024-08-23 10:25:28,19600.0,5000,Sell,234214423
2024-08-23 10:25:57,19600.0,200,Sell,234215027
2024-08-23 10:26:04,19600.0,5000,Sell,234215255
2024-08-23 10:26:13,19600.0,300,Sell,234215449
2024-08-23 10:26:29,19600.0,1600,Sell,234215896
2024-08-23 10:26:29,19600.0,400,Sell,234215898
2024-08-23 10:26:29,19600.0,21300,Sell,234215894
2024-08-23 10:26:29,19600.0,1000,Sell,234215895
2024-08-23 10:26:29,19600.0,100,Sell,234215897
2024-08-23 10:26:43,19650.0,1600,Buy,234216422
2024-08-23 10:26:45,19650.0,1200,Buy,234216507
2024-08-23 10:27:13,19600.0,300,Sell,234217350
2024-08-23 10:28:14,19600.0,300,Sell,234218921
2024-08-23 10:28:40,19600.0,10000,Sell,234219521
2024-08-23 10:28:40,19600.0,400,Sell,234219522
2024-08-23 10:28:55,19650.0,10000,Buy,234219790
2024-08-23 10:29:18,19600.0,300,Sell,234220213
2024-08-23 10:29:27,19650.0,1000,Buy,234220405
2024-08-23 10:29:37,19600.0,3900,Sell,234220564
2024-08-23 10:30:04,19600.0,100,Sell,234221145
2024-08-23 10:30:12,19650.0,500,Buy,234221283
2024-08-23 10:30:16,19650.0,2200,Buy,234221364
2024-08-23 10:30:16,19650.0,200,Buy,234221365
2024-08-23 10:30:16,19650.0,100,Buy,234221366
2024-08-23 10:30:16,19650.0,200,Buy,234221367
2024-08-23 10:30:16,19650.0,100,Buy,234221368
2024-08-23 10:30:16,19650.0,500,Buy,234221369
2024-08-23 10:30:16,19650.0,100,Buy,234221370
2024-08-23 10:30:16,19650.0,400,Buy,234221371
2024-08-23 10:30:16,19650.0,100,Buy,234221372
2024-08-23 10:30:21,19650.0,300,Sell,234221481
2024-08-23 10:30:27,19650.0,100,Sell,234221586
2024-08-23 10:30:31,19650.0,700,Sell,234221641
2024-08-23 10:30:31,19650.0,5000,Sell,234221642
2024-08-23 10:30:48,19650.0,10000,Buy,234221970
2024-08-23 10:30:48,19650.0,100,Buy,234221977
2024-08-23 10:30:55,19650.0,100,Buy,234222103
2024-08-23 10:31:21,19650.0,400,Buy,234222699
2024-08-23 10:31:25,19650.0,3000,Buy,234222771
2024-08-23 10:31:25,19650.0,200,Buy,234222772
2024-08-23 10:31:26,19650.0,5000,Sell,234222795
2024-08-23 10:31:26,19650.0,300,Sell,234222796
2024-08-23 10:31:44,19650.0,10000,Sell,234223101
2024-08-23 10:31:51,19650.0,1500,Sell,234223245
2024-08-23 10:31:51,19650.0,40000,Sell,234223246
2024-08-23 10:31:58,19650.0,5000,Buy,234223376
2024-08-23 10:32:06,19650.0,100,Buy,234223525
2024-08-23 10:32:06,19650.0,3000,Buy,234223535
2024-08-23 10:32:31,19600.0,300,Sell,234223886
2024-08-23 10:32:44,19600.0,1600,Sell,234224127
2024-08-23 10:32:47,19650.0,400,Buy,234224163
2024-08-23 10:32:47,19650.0,100,Buy,234224164
2024-08-23 10:32:58,19650.0,800,Buy,234224358
2024-08-23 10:32:58,19600.0,200,Sell,234224365
2024-08-23 10:33:01,19650.0,200,Buy,234224397
2024-08-23 10:33:10,19650.0,400,Buy,234224540
2024-08-23 10:33:14,19650.0,300,Buy,234224601
2024-08-23 10:33:25,19650.0,300,Buy,234224754
2024-08-23 10:33:25,19650.0,100,Buy,234224755
2024-08-23 10:33:34,19650.0,200,Sell,234224915
2024-08-23 10:33:34,19650.0,100,Sell,234224916
2024-08-23 10:34:23,19650.0,100,Sell,234225609
2024-08-23 10:34:27,19650.0,500,Sell,234225668
2024-08-23 10:34:27,19650.0,200,Sell,234225667
2024-08-23 10:34:39,19650.0,300,Sell,234225815
2024-08-23 10:35:39,19700.0,100,Buy,234226667
2024-08-23 10:35:40,19700.0,100,Buy,234226681
2024-08-23 10:35:40,19700.0,100,Buy,234226682
2024-08-23 10:35:41,19650.0,2000,Sell,234226694
2024-08-23 10:35:44,19650.0,300,Sell,234226728
2024-08-23 10:35:51,19650.0,2000,Sell,234226872
2024-08-23 10:36:02,19650.0,500,Sell,234227035
2024-08-23 10:36:46,19650.0,200,Sell,234227764
2024-08-23 10:36:46,19650.0,100,Sell,234227765
2024-08-23 10:36:50,19700.0,100,Buy,234227852
2024-08-23 10:36:50,19700.0,900,Buy,234227853
2024-08-23 10:36:53,19650.0,200,Sell,234227950
2024-08-23 10:37:03,19650.0,3800,Sell,234228083
2024-08-23 10:37:03,19650.0,700,Sell,234228082
2024-08-23 10:37:09,19650.0,300,Sell,234228164
2024-08-23 10:37:09,19650.0,3000,Sell,234228165
2024-08-23 10:37:09,19650.0,200,Sell,234228166
2024-08-23 10:37:09,19650.0,200,Sell,234228167
2024-08-23 10:37:09,19650.0,100,Sell,234228168
2024-08-23 10:37:11,19700.0,100,Buy,234228202
2024-08-23 10:37:11,19700.0,100,Buy,234228203
2024-08-23 10:37:51,19600.0,300,Sell,234228848
2024-08-23 10:38:21,19650.0,400,Buy,234229279
2024-08-23 10:38:32,19600.0,300,Sell,234229425
2024-08-23 10:38:55,19600.0,300,Sell,234229770
2024-08-23 10:39:44,19650.0,200,Buy,234230391
2024-08-23 10:39:59,19600.0,300,Sell,234230547
2024-08-23 10:40:28,19600.0,100,Sell,234231041
2024-08-23 10:40:28,19600.0,500,Sell,234231045
2024-08-23 10:40:28,19600.0,300,Sell,234231042
2024-08-23 10:40:28,19600.0,800,Sell,234231043
2024-08-23 10:40:28,19600.0,2000,Sell,234231044
2024-08-23 10:40:28,19600.0,5000,Sell,234231046
2024-08-23 10:40:28,19600.0,100,Sell,234231052
2024-08-23 10:40:28,19600.0,600,Sell,234231048
2024-08-23 10:40:28,19600.0,300,Sell,234231049
2024-08-23 10:40:28,19600.0,5000,Sell,234231040
2024-08-23 10:40:28,19600.0,100,Sell,234231050
2024-08-23 10:40:28,19600.0,100,Sell,234231051
2024-08-23 10:40:28,19600.0,2100,Sell,234231053
2024-08-23 10:40:28,19600.0,800,Sell,234231047
2024-08-23 10:40:28,19600.0,200,Sell,234231039
2024-08-23 10:40:28,19600.0,1000,Sell,234231026
2024-08-23 10:40:28,19600.0,300,Sell,234231037
2024-08-23 10:40:28,19600.0,500,Sell,234231038
2024-08-23 10:40:28,19600.0,1500,Sell,234231022
2024-08-23 10:40:28,19600.0,2000,Sell,234231023
2024-08-23 10:40:28,19600.0,1000,Sell,234231025
2024-08-23 10:40:28,19600.0,1600,Sell,234231027
2024-08-23 10:40:28,19600.0,100,Sell,234231028
2024-08-23 10:40:28,19600.0,100000,Sell,234231029
2024-08-23 10:40:28,19600.0,1600,Sell,234231024
2024-08-23 10:40:28,19600.0,5000,Sell,234231031
2024-08-23 10:40:28,19600.0,400,Sell,234231035
2024-08-23 10:40:28,19600.0,5000,Sell,234231034
2024-08-23 10:40:28,19600.0,5000,Sell,234231036
2024-08-23 10:40:28,19600.0,1600,Sell,234231033
2024-08-23 10:40:28,19600.0,5000,Sell,234231030
2024-08-23 10:40:28,19600.0,400,Sell,234231032
2024-08-23 10:40:29,19600.0,1900,Sell,234231069
2024-08-23 10:40:29,19600.0,200,Sell,234231070
2024-08-23 10:40:45,19650.0,5200,Buy,234231336
2024-08-23 10:40:45,19650.0,400,Buy,234231333
2024-08-23 10:40:45,19650.0,700,Buy,234231335
2024-08-23 10:40:45,19650.0,2400,Buy,234231331
2024-08-23 10:40:45,19600.0,100,Buy,234231330
2024-08-23 10:40:45,19600.0,100,Buy,234231329
2024-08-23 10:40:45,19650.0,100,Buy,234231332
2024-08-23 10:40:45,19650.0,1000,Buy,234231334
2024-08-23 10:40:59,19650.0,900,Buy,234231571
2024-08-23 10:41:01,19550.0,300,Sell,234231605
2024-08-23 10:41:56,19550.0,100,Sell,234232275
2024-08-23 10:42:06,19550.0,300,Sell,234232395
2024-08-23 10:43:03,19550.0,600,Sell,234233129
2024-08-23 10:43:03,19550.0,200,Sell,234233127
2024-08-23 10:43:03,19550.0,400,Sell,234233128
2024-08-23 10:43:12,19550.0,300,Sell,234233310
2024-08-23 10:43:18,19550.0,200,Sell,234233372
2024-08-23 10:43:34,19600.0,300,Buy,234233582
2024-08-23 10:43:39,19600.0,1700,Buy,234233648
2024-08-23 10:43:39,19600.0,300,Buy,234233649
2024-08-23 10:43:59,19600.0,1000,Buy,234233895
2024-08-23 10:44:03,19600.0,700,Buy,234233963
2024-08-23 10:44:10,19600.0,300,Sell,234234046
2024-08-23 10:44:17,19550.0,300,Sell,234234161
2024-08-23 10:44:40,19600.0,100,Buy,234234425
2024-08-23 10:45:09,19600.0,4000,Buy,234234750
2024-08-23 10:45:11,19600.0,200,Buy,234234771
2024-08-23 10:45:19,19550.0,300,Sell,234234917
2024-08-23 10:45:25,19600.0,2000,Buy,234234985
2024-08-23 10:46:24,19550.0,300,Sell,234235805
2024-08-23 10:47:29,19550.0,300,Sell,234237096
2024-08-23 10:47:55,19550.0,2700,Sell,234237528
2024-08-23 10:47:55,19550.0,3300,Sell,234237529
2024-08-23 10:48:31,19550.0,300,Sell,234238035
2024-08-23 10:49:10,19550.0,1400,Sell,234238512
2024-08-23 10:49:10,19550.0,3600,Sell,234238513
2024-08-23 10:49:33,19550.0,300,Sell,234238827
2024-08-23 10:50:38,19550.0,300,Sell,234239605
2024-08-23 10:51:02,19550.0,1200,Sell,234239913
2024-08-23 10:51:02,19550.0,800,Sell,234239912
2024-08-23 10:51:17,19600.0,1800,Buy,234240118
2024-08-23 10:51:21,19550.0,100,Sell,234240146
2024-08-23 10:51:39,19550.0,300,Sell,234240392
2024-08-23 10:51:41,19550.0,3000,Sell,234240433
2024-08-23 10:51:41,19600.0,600,Buy,234240444
2024-08-23 10:51:41,19600.0,500,Buy,234240445
2024-08-23 10:51:41,19600.0,400,Buy,234240446
2024-08-23 10:51:41,19600.0,100,Buy,234240447
2024-08-23 10:51:49,19550.0,400,Sell,234240544
2024-08-23 10:51:49,19550.0,1000,Sell,234240545
2024-08-23 10:52:37,19550.0,300,Sell,234241232
2024-08-23 10:52:44,19550.0,300,Sell,234241328
2024-08-23 10:52:56,19600.0,200,Buy,234241433
2024-08-23 10:53:35,19600.0,200,Buy,234241863
2024-08-23 10:53:35,19600.0,100,Buy,234241864
2024-08-23 10:53:45,19550.0,300,Sell,234242000
2024-08-23 10:54:38,19600.0,100,Buy,234242572
2024-08-23 10:54:38,19600.0,200,Buy,234242573
2024-08-23 10:54:49,19550.0,300,Sell,234242694
2024-08-23 10:55:51,19550.0,300,Sell,234243570
2024-08-23 10:56:04,19600.0,900,Buy,234243723
2024-08-23 10:56:28,19600.0,1000,Buy,234244002
2024-08-23 10:56:33,19600.0,200,Buy,234244071
2024-08-23 10:56:54,19550.0,300,Sell,234244303
2024-08-23 10:57:09,19600.0,100,Buy,234244494
2024-08-23 10:57:18,19600.0,1600,Buy,234244644
2024-08-23 10:57:35,19600.0,700,Buy,234244866
2024-08-23 10:57:51,19600.0,4300,Buy,234245089
2024-08-23 10:57:51,19600.0,700,Buy,234245090
2024-08-23 10:57:59,19550.0,300,Sell,234245173
2024-08-23 10:58:58,19550.0,1000,Sell,234246104
2024-08-23 10:59:02,19550.0,300,Sell,234246159
2024-08-23 10:59:37,19550.0,200,Sell,234246617
2024-08-23 11:00:05,19550.0,300,Sell,234246914
2024-08-23 11:01:01,19550.0,100,Sell,234247869
2024-08-23 11:01:09,19550.0,100,Sell,234247932
2024-08-23 11:01:09,19550.0,200,Sell,234247931
2024-08-23 11:01:56,19600.0,4300,Buy,234248480
2024-08-23 11:01:56,19600.0,4000,Buy,234248481
2024-08-23 11:02:06,19600.0,500,Buy,234248618
2024-08-23 11:02:06,19600.0,2000,Buy,234248617
2024-08-23 11:02:06,19600.0,100,Buy,234248616
2024-08-23 11:02:06,19600.0,5200,Buy,234248615
2024-08-23 11:02:06,19600.0,3000,Buy,234248614
2024-08-23 11:02:06,19600.0,500,Buy,234248613
2024-08-23 11:02:06,19600.0,10000,Buy,234248611
2024-08-23 11:02:06,19600.0,1500,Buy,234248610
2024-08-23 11:02:06,19600.0,1000,Buy,234248612
2024-08-23 11:02:06,19600.0,200,Buy,234248608
2024-08-23 11:02:06,19600.0,5600,Buy,234248601
2024-08-23 11:02:06,19600.0,100,Buy,234248602
2024-08-23 11:02:06,19600.0,800,Buy,234248603
2024-08-23 11:02:06,19600.0,800,Buy,234248609
2024-08-23 11:02:06,19600.0,300,Buy,234248605
2024-08-23 11:02:06,19600.0,2200,Buy,234248606
2024-08-23 11:02:06,19600.0,1000,Buy,234248607
2024-08-23 11:02:06,19600.0,200,Buy,234248604
2024-08-23 11:02:12,19600.0,1500,Sell,234248680
2024-08-23 11:02:13,19600.0,300,Sell,234248691
2024-08-23 11:02:54,19600.0,2000,Sell,234249134
2024-08-23 11:03:15,19600.0,300,Sell,234249509
2024-08-23 11:03:18,19600.0,30000,Sell,234249540
2024-08-23 11:03:20,19600.0,900,Sell,234249567
2024-08-23 11:03:20,19600.0,200,Sell,234249569
2024-08-23 11:03:20,19600.0,200,Sell,234249570
2024-08-23 11:03:20,19600.0,100,Sell,234249568
2024-08-23 11:03:37,19650.0,100,Buy,234249789
2024-08-23 11:04:17,19600.0,100,Sell,234250395
2024-08-23 11:04:17,19600.0,100,Sell,234250396
2024-08-23 11:04:31,19600.0,2000,Sell,234250703
2024-08-23 11:04:40,19600.0,2000,Sell,234250862
2024-08-23 11:05:13,19600.0,200,Sell,234251177
2024-08-23 11:05:18,19600.0,300,Sell,234251228
2024-08-23 11:05:20,19600.0,500,Sell,234251277
2024-08-23 11:05:20,19600.0,1100,Sell,234251278
2024-08-23 11:05:20,19600.0,400,Sell,234251276
2024-08-23 11:05:23,19600.0,300,Sell,234251306
2024-08-23 11:05:33,19600.0,500,Sell,234251472
2024-08-23 11:05:41,19600.0,100,Sell,234251597
2024-08-23 11:05:41,19600.0,300,Sell,234251598
2024-08-23 11:06:04,19550.0,100,Sell,234251900
2024-08-23 11:06:22,19550.0,300,Sell,234252171
2024-08-23 11:06:54,19550.0,1000,Sell,234252808
2024-08-23 11:07:26,19550.0,300,Sell,234253633
2024-08-23 11:08:07,19550.0,1000,Sell,234254254
2024-08-23 11:08:26,19550.0,1600,Sell,234254665
2024-08-23 11:08:26,19550.0,5000,Sell,234254664
2024-08-23 11:08:26,19550.0,100,Sell,234254663
2024-08-23 11:08:26,19550.0,100,Sell,234254662
2024-08-23 11:08:26,19550.0,200,Sell,234254661
2024-08-23 11:08:26,19550.0,500,Sell,234254660
2024-08-23 11:08:26,19550.0,100,Sell,234254659
2024-08-23 11:08:26,19550.0,3000,Sell,234254656
2024-08-23 11:08:26,19550.0,1100,Sell,234254666
2024-08-23 11:08:26,19550.0,2500,Sell,234254654
2024-08-23 11:08:26,19550.0,1000,Sell,234254655
2024-08-23 11:08:26,19550.0,5000,Sell,234254652
2024-08-23 11:08:26,19550.0,200,Sell,234254651
2024-08-23 11:08:26,19550.0,5000,Sell,234254650
2024-08-23 11:08:26,19550.0,500,Sell,234254649
2024-08-23 11:08:26,19550.0,100,Sell,234254648
2024-08-23 11:08:26,19550.0,100,Sell,234254647
2024-08-23 11:08:26,19550.0,5000,Sell,234254646
2024-08-23 11:08:26,19550.0,100,Sell,234254645
2024-08-23 11:08:26,19550.0,1000,Sell,234254644
2024-08-23 11:08:26,19550.0,900,Sell,234254643
2024-08-23 11:08:26,19550.0,2200,Sell,234254642
2024-08-23 11:08:26,19550.0,1000,Sell,234254653
2024-08-23 11:08:31,19550.0,200,Sell,234254780
2024-08-23 11:08:55,19550.0,700,Sell,234255247
2024-08-23 11:08:55,19550.0,6600,Sell,234255246
2024-08-23 11:08:55,19550.0,2200,Sell,234255244
2024-08-23 11:08:55,19550.0,1800,Sell,234255245
2024-08-23 11:08:55,19550.0,28700,Sell,234255240
2024-08-23 11:08:55,19550.0,8800,Sell,234255242
2024-08-23 11:08:55,19550.0,1000,Sell,234255241
2024-08-23 11:08:55,19550.0,200,Sell,234255243
2024-08-23 11:09:09,19550.0,3300,Sell,234255520
2024-08-23 11:09:09,19550.0,3700,Sell,234255521
2024-08-23 11:09:13,19550.0,100,Sell,234255587
2024-08-23 11:09:13,19550.0,5000,Sell,234255588
2024-08-23 11:09:13,19550.0,8000,Sell,234255589
2024-08-23 11:09:13,19550.0,500,Sell,234255590
2024-08-23 11:09:13,19550.0,1000,Sell,234255591
2024-08-23 11:09:13,19550.0,3700,Sell,234255586
2024-08-23 11:09:13,19550.0,100,Sell,234255593
2024-08-23 11:09:13,19550.0,2000,Sell,234255594
2024-08-23 11:09:13,19550.0,200,Sell,234255595
2024-08-23 11:09:13,19550.0,12200,Sell,234255596
2024-08-23 11:09:13,19550.0,500,Sell,234255592
2024-08-23 11:09:13,19550.0,100,Sell,234255585
2024-08-23 11:09:13,19550.0,3400,Sell,234255574
2024-08-23 11:09:13,19550.0,300,Sell,234255583
2024-08-23 11:09:13,19550.0,200,Sell,234255582
2024-08-23 11:09:13,19550.0,100,Sell,234255581
2024-08-23 11:09:13,19550.0,500,Sell,234255580
2024-08-23 11:09:13,19550.0,500,Sell,234255579
2024-08-23 11:09:13,19550.0,3200,Sell,234255578
2024-08-23 11:09:13,19550.0,200,Sell,234255577
2024-08-23 11:09:13,19550.0,100,Sell,234255576
2024-08-23 11:09:13,19550.0,400,Sell,234255575
2024-08-23 11:09:13,19550.0,5600,Sell,234255573
2024-08-23 11:09:13,19550.0,300,Sell,234255572
2024-08-23 11:09:13,19550.0,1300,Sell,234255571
2024-08-23 11:09:13,19550.0,500,Sell,234255584
2024-08-23 11:09:18,19600.0,9600,Buy,234255664
2024-08-23 11:09:18,19600.0,400,Buy,234255665
2024-08-23 11:09:21,19550.0,3800,Sell,234255732
2024-08-23 11:09:21,19550.0,7800,Sell,234255729
2024-08-23 11:09:21,19550.0,300,Sell,234255730
2024-08-23 11:09:21,19550.0,100,Sell,234255731
2024-08-23 11:09:22,19550.0,100,Sell,234255751
2024-08-23 11:09:22,19550.0,1600,Sell,234255750
2024-08-23 11:09:22,19550.0,200,Sell,234255749
2024-08-23 11:09:22,19550.0,1000,Sell,234255748
2024-08-23 11:09:22,19550.0,4100,Sell,234255742
2024-08-23 11:09:22,19550.0,1600,Sell,234255746
2024-08-23 11:09:22,19550.0,100,Sell,234255743
2024-08-23 11:09:22,19550.0,1600,Sell,234255747
2024-08-23 11:09:22,19550.0,1000,Sell,234255745
2024-08-23 11:09:22,19550.0,200,Sell,234255744
2024-08-23 11:09:32,19500.0,200,Sell,234255901
2024-08-23 11:09:46,19550.0,500,Buy,234256156
2024-08-23 11:09:51,19550.0,500,Buy,234256260
2024-08-23 11:10:13,19550.0,100,Buy,234256649
2024-08-23 11:10:25,19550.0,1000,Buy,234256918
2024-08-23 11:10:32,19500.0,100,Sell,234257014
2024-08-23 11:10:32,19500.0,200,Sell,234257015
2024-08-23 11:10:35,19550.0,6000,Buy,234257068
2024-08-23 11:10:39,19500.0,200,Sell,234257110
2024-08-23 11:11:24,19550.0,100,Buy,234257863
2024-08-23 11:11:27,19500.0,2400,Sell,234257941
2024-08-23 11:11:27,19500.0,1000,Sell,234257940
2024-08-23 11:11:27,19500.0,1000,Sell,234257939
2024-08-23 11:11:27,19500.0,10000,Sell,234257937
2024-08-23 11:11:27,19500.0,1000,Sell,234257936
2024-08-23 11:11:27,19500.0,9600,Sell,234257935
2024-08-23 11:11:27,19500.0,100,Sell,234257938
2024-08-23 11:11:28,19550.0,200,Buy,234257947
2024-08-23 11:11:35,19500.0,300,Sell,234258034
2024-08-23 11:12:40,19500.0,300,Sell,234259160
2024-08-23 11:12:48,19500.0,500,Sell,234259300
2024-08-23 11:12:55,19550.0,100,Buy,234259514
2024-08-23 11:13:07,19500.0,100,Sell,234259779
2024-08-23 11:13:10,19550.0,100,Buy,234259837
2024-08-23 11:13:44,19500.0,300,Sell,234260477
2024-08-23 11:13:48,19550.0,1000,Buy,234260645
2024-08-23 11:13:48,19550.0,100,Buy,234260644
2024-08-23 11:13:48,19550.0,900,Buy,234260643
2024-08-23 11:14:24,19500.0,100,Sell,234261367
2024-08-23 11:14:36,19500.0,1500,Sell,234261679
2024-08-23 11:14:36,19500.0,1000,Sell,234261678
2024-08-23 11:14:48,19500.0,200,Sell,234261934
2024-08-23 11:14:57,19550.0,8200,Buy,234262233
2024-08-23 11:14:57,19550.0,500,Buy,234262234
2024-08-23 11:14:57,19550.0,100,Buy,234262235
2024-08-23 11:14:57,19550.0,10000,Buy,234262236
2024-08-23 11:14:57,19550.0,10000,Buy,234262237
2024-08-23 11:14:57,19550.0,500,Buy,234262238
2024-08-23 11:14:57,19550.0,700,Buy,234262239
2024-08-23 11:14:59,19550.0,100,Buy,234262289
2024-08-23 11:15:23,19550.0,100,Buy,234262726
2024-08-23 11:15:28,19500.0,100,Sell,234262903
2024-08-23 11:15:30,19550.0,300,Buy,234262934
2024-08-23 11:15:30,19550.0,100,Buy,234262933
2024-08-23 11:15:30,19550.0,500,Buy,234262931
2024-08-23 11:15:30,19550.0,1000,Buy,234262932
2024-08-23 11:15:30,19550.0,1000,Buy,234262930
2024-08-23 11:15:31,19550.0,100,Sell,234262983
2024-08-23 11:15:32,19500.0,4000,Sell,234262988
2024-08-23 11:15:39,19500.0,500,Sell,234263123
2024-08-23 11:15:39,19550.0,500,Buy,234263133
2024-08-23 11:15:49,19500.0,300,Sell,234263431
2024-08-23 11:16:07,19550.0,100,Buy,234263849
2024-08-23 11:16:23,19550.0,800,Buy,234264617
2024-08-23 11:16:23,19550.0,200,Buy,234264618
2024-08-23 11:16:23,19550.0,100,Buy,234264619
2024-08-23 11:16:28,19550.0,2000,Sell,234264717
2024-08-23 11:16:31,19500.0,18000,Sell,234264775
2024-08-23 11:16:31,19550.0,100,Sell,234264774
2024-08-23 11:16:31,19550.0,1900,Sell,234264773
2024-08-23 11:16:33,19550.0,1600,Sell,234264798
2024-08-23 11:16:35,19550.0,100,Buy,234264816
2024-08-23 11:16:46,19550.0,200,Buy,234265056
2024-08-23 11:16:54,19500.0,300,Sell,234265352
2024-08-23 11:17:03,19500.0,200,Sell,234265518
2024-08-23 11:17:29,19500.0,5700,Sell,234266078
2024-08-23 11:17:31,19500.0,1000,Sell,234266106
2024-08-23 11:17:46,19500.0,15000,Sell,234266418
2024-08-23 11:17:54,19500.0,700,Sell,234266595
2024-08-23 11:17:59,19500.0,300,Sell,234266726
2024-08-23 11:18:03,19500.0,2000,Sell,234266873
2024-08-23 11:18:03,19500.0,500,Sell,234266856
2024-08-23 11:18:03,19500.0,1000,Sell,234266874
2024-08-23 11:18:03,19500.0,200,Sell,234266872
2024-08-23 11:18:03,19500.0,5000,Sell,234266875
2024-08-23 11:18:03,19500.0,2400,Sell,234266879
2024-08-23 11:18:03,19500.0,200,Sell,234266877
2024-08-23 11:18:03,19500.0,4000,Sell,234266878
2024-08-23 11:18:03,19500.0,500,Sell,234266871
2024-08-23 11:18:03,19500.0,200,Sell,234266876
2024-08-23 11:18:03,19500.0,3500,Sell,234266870
2024-08-23 11:18:03,19500.0,100,Sell,234266864
2024-08-23 11:18:03,19500.0,200,Sell,234266868
2024-08-23 11:18:03,19500.0,5000,Sell,234266867
2024-08-23 11:18:03,19500.0,100,Sell,234266866
2024-08-23 11:18:03,19500.0,200,Sell,234266865
2024-08-23 11:18:03,19500.0,10000,Sell,234266880
2024-08-23 11:18:03,19500.0,1000,Sell,234266863
2024-08-23 11:18:03,19500.0,5000,Sell,234266862
2024-08-23 11:18:03,19500.0,5000,Sell,234266861
2024-08-23 11:18:03,19500.0,500,Sell,234266860
2024-08-23 11:18:03,19500.0,5000,Sell,234266859
2024-08-23 11:18:03,19500.0,100,Sell,234266858
2024-08-23 11:18:03,19500.0,30000,Sell,234266857
2024-08-23 11:18:03,19500.0,500,Sell,234266869
2024-08-23 11:18:03,19500.0,1000,Sell,234266881
2024-08-23 11:18:03,19500.0,300,Sell,234266886
2024-08-23 11:18:03,19500.0,100,Sell,234266883
2024-08-23 11:18:03,19500.0,1100,Sell,234266908
2024-08-23 11:18:03,19500.0,2000,Sell,234266907
2024-08-23 11:18:03,19500.0,100,Sell,234266906
2024-08-23 11:18:03,19500.0,5000,Sell,234266905
2024-08-23 11:18:03,19500.0,10000,Sell,234266904
2024-08-23 11:18:03,19500.0,4000,Sell,234266903
2024-08-23 11:18:03,19500.0,500,Sell,234266902
2024-08-23 11:18:03,19500.0,200,Sell,234266901
2024-08-23 11:18:03,19500.0,100,Sell,234266900
2024-08-23 11:18:03,19500.0,2000,Sell,234266899
2024-08-23 11:18:03,19500.0,200,Sell,234266898
2024-08-23 11:18:03,19500.0,1000,Sell,234266897
2024-08-23 11:18:03,19500.0,100,Sell,234266896
2024-08-23 11:18:03,19500.0,2000,Sell,234266895
2024-08-23 11:18:03,19500.0,5000,Sell,234266894
2024-08-23 11:18:03,19500.0,10000,Sell,234266892
2024-08-23 11:18:03,19500.0,100,Sell,234266891
2024-08-23 11:18:03,19500.0,1500,Sell,234266890
2024-08-23 11:18:03,19500.0,2000,Sell,234266889
2024-08-23 11:18:03,19500.0,2000,Sell,234266888
2024-08-23 11:18:03,19500.0,2200,Sell,234266887
2024-08-23 11:18:03,19500.0,3400,Sell,234266885
2024-08-23 11:18:03,19500.0,1000,Sell,234266884
2024-08-23 11:18:03,19500.0,5000,Sell,234266882
2024-08-23 11:18:03,19500.0,100,Sell,234266855
2024-08-23 11:18:03,19500.0,100,Sell,234266823
2024-08-23 11:18:03,19500.0,100,Sell,234266853
2024-08-23 11:18:03,19500.0,5000,Sell,234266824
2024-08-23 11:18:03,19500.0,5000,Sell,234266822
2024-08-23 11:18:03,19500.0,200,Sell,234266821
2024-08-23 11:18:03,19500.0,500,Sell,234266854
2024-08-23 11:18:03,19500.0,300,Sell,234266818
2024-08-23 11:18:03,19500.0,700,Sell,234266817
2024-08-23 11:18:03,19500.0,1000,Sell,234266816
2024-08-23 11:18:03,19500.0,1000,Sell,234266815
2024-08-23 11:18:03,19500.0,5000,Sell,234266814
2024-08-23 11:18:03,19500.0,1000,Sell,234266813
2024-08-23 11:18:03,19500.0,200,Sell,234266812
2024-08-23 11:18:03,19500.0,2000,Sell,234266811
2024-08-23 11:18:03,19500.0,100,Sell,234266810
2024-08-23 11:18:03,19500.0,200,Sell,234266809
2024-08-23 11:18:03,19500.0,300,Sell,234266808
2024-08-23 11:18:03,19500.0,4200,Sell,234266807
2024-08-23 11:18:03,19500.0,5000,Sell,234266806
2024-08-23 11:18:03,19500.0,100,Sell,234266805
2024-08-23 11:18:03,19500.0,5000,Sell,234266804
2024-08-23 11:18:03,19500.0,2000,Sell,234266803
2024-08-23 11:18:03,19500.0,2000,Sell,234266802
2024-08-23 11:18:03,19500.0,1000,Sell,234266801
2024-08-23 11:18:03,19500.0,70100,Sell,234266800
2024-08-23 11:18:03,19500.0,1000,Sell,234266825
2024-08-23 11:18:03,19500.0,100,Sell,234266826
2024-08-23 11:18:03,19500.0,100,Sell,234266820
2024-08-23 11:18:03,19500.0,3100,Sell,234266828
2024-08-23 11:18:03,19500.0,500,Sell,234266852
2024-08-23 11:18:03,19500.0,1000,Sell,234266851
2024-08-23 11:18:03,19500.0,1000,Sell,234266850
2024-08-23 11:18:03,19500.0,200,Sell,234266849
2024-08-23 11:18:03,19500.0,1000,Sell,234266848
2024-08-23 11:18:03,19500.0,300,Sell,234266847
2024-08-23 11:18:03,19500.0,200,Sell,234266827
2024-08-23 11:18:03,19500.0,100,Sell,234266845
2024-08-23 11:18:03,19500.0,100,Sell,234266844
2024-08-23 11:18:03,19500.0,200,Sell,234266843
2024-08-23 11:18:03,19500.0,1000,Sell,234266842
2024-08-23 11:18:03,19500.0,200,Sell,234266841
2024-08-23 11:18:03,19500.0,500,Sell,234266846
2024-08-23 11:18:03,19500.0,900,Sell,234266839
2024-08-23 11:18:03,19500.0,5000,Sell,234266840
2024-08-23 11:18:03,19500.0,100,Sell,234266829
2024-08-23 11:18:03,19500.0,100,Sell,234266830
2024-08-23 11:18:03,19500.0,3000,Sell,234266831
2024-08-23 11:18:03,19500.0,5000,Sell,234266832
2024-08-23 11:18:03,19500.0,1000,Sell,234266833
2024-08-23 11:18:03,19500.0,5000,Sell,234266819
2024-08-23 11:18:03,19500.0,1000,Sell,234266834
2024-08-23 11:18:03,19500.0,3000,Sell,234266835
2024-08-23 11:18:03,19500.0,1000,Sell,234266836
2024-08-23 11:18:03,19500.0,5000,Sell,234266837
2024-08-23 11:18:03,19500.0,3000,Sell,234266838
2024-08-23 11:18:05,19550.0,100,Buy,234266925
2024-08-23 11:18:20,19550.0,100,Buy,234267135
2024-08-23 11:18:32,19550.0,100,Buy,234267457
2024-08-23 11:18:34,19500.0,900,Sell,234267486
2024-08-23 11:18:34,19500.0,300,Sell,234267488
2024-08-23 11:18:34,19500.0,1000,Sell,234267489
2024-08-23 11:18:34,19500.0,200,Sell,234267490
2024-08-23 11:18:34,19500.0,100,Sell,234267491
2024-08-23 11:18:34,19500.0,100,Sell,234267487
2024-08-23 11:18:40,19500.0,100,Sell,234267624
2024-08-23 11:18:40,19500.0,200,Sell,234267622
2024-08-23 11:18:40,19500.0,1000,Sell,234267623
2024-08-23 11:18:40,19500.0,1600,Sell,234267625
2024-08-23 11:18:40,19500.0,2100,Sell,234267626
2024-08-23 11:18:45,19500.0,1400,Sell,234267695
2024-08-23 11:19:05,19500.0,300,Sell,234268092
2024-08-23 11:19:14,19500.0,1200,Sell,234268287
2024-08-23 11:19:14,19500.0,800,Sell,234268288
2024-08-23 11:19:26,19500.0,4200,Sell,234268526
2024-08-23 11:19:26,19500.0,20800,Sell,234268540
2024-08-23 11:19:26,19500.0,5000,Sell,234268538
2024-08-23 11:19:26,19500.0,1000,Sell,234268537
2024-08-23 11:19:26,19500.0,1600,Sell,234268536
2024-08-23 11:19:26,19500.0,300,Sell,234268535
2024-08-23 11:19:26,19500.0,100,Sell,234268534
2024-08-23 11:19:26,19500.0,200,Sell,234268539
2024-08-23 11:19:26,19500.0,100,Sell,234268532
2024-08-23 11:19:26,19500.0,1000,Sell,234268531
2024-08-23 11:19:26,19500.0,200,Sell,234268530
2024-08-23 11:19:26,19500.0,1600,Sell,234268529
2024-08-23 11:19:26,19500.0,300,Sell,234268527
2024-08-23 11:19:26,19500.0,100,Sell,234268528
2024-08-23 11:19:26,19500.0,1600,Sell,234268533
2024-08-23 11:19:38,19500.0,20000,Sell,234268839
2024-08-23 11:19:40,19500.0,10000,Sell,234268863
2024-08-23 11:19:47,19500.0,1000,Sell,234268952
2024-08-23 11:19:53,19500.0,2000,Sell,234269035
2024-08-23 11:20:01,19500.0,2000,Sell,234269140
2024-08-23 11:20:04,19500.0,4200,Sell,234269235
2024-08-23 11:20:04,19500.0,100,Sell,234269240
2024-08-23 11:20:04,19500.0,200,Sell,234269239
2024-08-23 11:20:04,19500.0,1000,Sell,234269238
2024-08-23 11:20:04,19500.0,600,Sell,234269237
2024-08-23 11:20:04,19500.0,3000,Sell,234269236
2024-08-23 11:20:04,19500.0,1000,Sell,234269234
2024-08-23 11:20:04,19500.0,300,Sell,234269231
2024-08-23 11:20:04,19500.0,1600,Sell,234269232
2024-08-23 11:20:04,19500.0,44200,Sell,234269225
2024-08-23 11:20:04,19500.0,100,Sell,234269230
2024-08-23 11:20:04,19500.0,200,Sell,234269229
2024-08-23 11:20:04,19500.0,100,Sell,234269228
2024-08-23 11:20:04,19500.0,100,Sell,234269227
2024-08-23 11:20:04,19500.0,1600,Sell,234269226
2024-08-23 11:20:04,19500.0,300,Sell,234269233
2024-08-23 11:20:11,19450.0,100,Sell,234269373
2024-08-23 11:20:11,19450.0,200,Sell,234269374
2024-08-23 11:20:12,19500.0,100,Buy,234269447
2024-08-23 11:20:24,19500.0,300,Buy,234269670
2024-08-23 11:20:25,19500.0,1000,Buy,234269703
2024-08-23 11:21:05,19500.0,2600,Buy,234270560
2024-08-23 11:21:07,19500.0,100,Buy,234270590
2024-08-23 11:21:08,19500.0,200,Buy,234270606
2024-08-23 11:21:14,19450.0,200,Sell,234270809
2024-08-23 11:21:53,19450.0,100,Sell,234271790
2024-08-23 11:21:57,19450.0,1000,Sell,234271984
2024-08-23 11:21:57,19450.0,4000,Sell,234271990
2024-08-23 11:21:57,19450.0,400,Sell,234271989
2024-08-23 11:21:57,19450.0,5000,Sell,234271986
2024-08-23 11:21:57,19450.0,300,Sell,234271985
2024-08-23 11:21:57,19450.0,2000,Sell,234271983
2024-08-23 11:21:57,19450.0,100,Sell,234271979
2024-08-23 11:21:57,19450.0,500,Sell,234271981
2024-08-23 11:21:57,19450.0,3000,Sell,234271980
2024-08-23 11:21:57,19450.0,100,Sell,234271976
2024-08-23 11:21:57,19450.0,2000,Sell,234271978
2024-08-23 11:21:57,19450.0,1600,Sell,234271977
2024-08-23 11:21:57,19450.0,1000,Sell,234271982
2024-08-23 11:22:14,19450.0,200,Sell,234272407
2024-08-23 11:22:14,19450.0,100,Sell,234272408
2024-08-23 11:22:21,19500.0,100,Buy,234272550
2024-08-23 11:22:21,19450.0,1300,Sell,234272561
2024-08-23 11:22:24,19450.0,1800,Sell,234272635
2024-08-23 11:22:24,19450.0,400,Sell,234272636
2024-08-23 11:22:24,19450.0,100,Sell,234272637
2024-08-23 11:22:24,19450.0,200,Sell,234272645
2024-08-23 11:22:24,19450.0,2000,Sell,234272639
2024-08-23 11:22:24,19450.0,5000,Sell,234272640
2024-08-23 11:22:24,19450.0,5000,Sell,234272641
2024-08-23 11:22:24,19450.0,2000,Sell,234272633
2024-08-23 11:22:24,19450.0,1000,Sell,234272638
2024-08-23 11:22:24,19450.0,200,Sell,234272632
2024-08-23 11:22:24,19450.0,500,Sell,234272634
2024-08-23 11:22:24,19450.0,500,Sell,234272630
2024-08-23 11:22:24,19450.0,200,Sell,234272629
2024-08-23 11:22:24,19450.0,5000,Sell,234272628
2024-08-23 11:22:24,19450.0,200,Sell,234272627
2024-08-23 11:22:24,19450.0,100,Sell,234272626
2024-08-23 11:22:24,19450.0,5000,Sell,234272625
2024-08-23 11:22:24,19450.0,6500,Sell,234272624
2024-08-23 11:22:24,19450.0,2000,Sell,234272623
2024-08-23 11:22:24,19450.0,200,Sell,234272622
2024-08-23 11:22:24,19450.0,1600,Sell,234272621
2024-08-23 11:22:24,19450.0,500,Sell,234272631
2024-08-23 11:22:37,19450.0,3000,Sell,234272922
2024-08-23 11:22:37,19450.0,5600,Sell,234272911
2024-08-23 11:22:37,19450.0,4300,Sell,234272909
2024-08-23 11:22:37,19450.0,500,Sell,234272908
2024-08-23 11:22:37,19450.0,100,Sell,234272910
2024-08-23 11:22:41,19450.0,10000,Sell,234273029
2024-08-23 11:22:41,19450.0,20000,Sell,234273035
2024-08-23 11:22:49,19450.0,100,Sell,234273290
2024-08-23 11:22:49,19450.0,100,Sell,234273289
2024-08-23 11:22:49,19450.0,5000,Sell,234273288
2024-08-23 11:22:49,19450.0,100,Sell,234273287
2024-08-23 11:22:49,19450.0,200,Sell,234273284
2024-08-23 11:22:49,19450.0,1100,Sell,234273283
2024-08-23 11:22:49,19450.0,100,Sell,234273286
2024-08-23 11:22:49,19450.0,200,Sell,234273281
2024-08-23 11:22:49,19450.0,1600,Sell,234273282
2024-08-23 11:22:49,19450.0,11400,Sell,234273275
2024-08-23 11:22:49,19450.0,5000,Sell,234273276
2024-08-23 11:22:49,19450.0,27500,Sell,234273277
2024-08-23 11:22:49,19450.0,200,Sell,234273285
2024-08-23 11:22:49,19450.0,5000,Sell,234273279
2024-08-23 11:22:49,19450.0,1600,Sell,234273280
2024-08-23 11:22:49,19450.0,300,Sell,234273278
2024-08-23 11:23:00,19450.0,1000,Buy,234273613
2024-08-23 11:23:04,19450.0,400,Buy,234273751
2024-08-23 11:23:09,19450.0,1300,Sell,234273813
2024-08-23 11:23:09,19450.0,1500,Sell,234273824
2024-08-23 11:23:12,19450.0,200,Sell,234273867
2024-08-23 11:23:20,19450.0,6600,Sell,234274026
2024-08-23 11:23:20,19450.0,1600,Sell,234274027
2024-08-23 11:23:20,19450.0,100,Sell,234274028
2024-08-23 11:23:20,19450.0,500,Sell,234274029
2024-08-23 11:23:23,19450.0,200,Buy,234274216
2024-08-23 11:23:29,19450.0,100,Buy,234274385
2024-08-23 11:23:30,19450.0,100,Buy,234274462
2024-08-23 11:23:32,19450.0,500,Buy,234274532
2024-08-23 11:23:34,19450.0,300,Buy,234274631
2024-08-23 11:23:34,19450.0,3900,Buy,234274632
2024-08-23 11:23:34,19450.0,300,Buy,234274633
2024-08-23 11:23:35,19450.0,500,Sell,234274665
2024-08-23 11:23:35,19400.0,400,Sell,234274666
2024-08-23 11:23:43,19450.0,500,Sell,234274863
2024-08-23 11:23:43,19450.0,2000,Sell,234274864
2024-08-23 11:23:43,19400.0,500,Sell,234274865
2024-08-23 11:23:53,19450.0,100,Buy,234275090
2024-08-23 11:24:00,19400.0,100,Sell,234275219
2024-08-23 11:24:00,19450.0,100,Sell,234275218
2024-08-23 11:24:00,19400.0,300,Sell,234275220
2024-08-23 11:24:10,19450.0,2000,Buy,234275365
2024-08-23 11:24:10,19450.0,300,Buy,234275366
2024-08-23 11:24:14,19500.0,100,Buy,234275421
2024-08-23 11:24:20,19450.0,100,Sell,234275531
2024-08-23 11:24:23,19450.0,200,Sell,234275597
2024-08-23 11:24:38,19450.0,100,Sell,234276072
2024-08-23 11:24:50,19450.0,3000,Sell,234276352
2024-08-23 11:24:51,19450.0,200,Sell,234276400
2024-08-23 11:24:52,19500.0,700,Buy,234276429
2024-08-23 11:25:02,19450.0,5000,Sell,234276582
2024-08-23 11:25:04,19450.0,1000,Sell,234276617
2024-08-23 11:25:04,19450.0,100,Sell,234276618
2024-08-23 11:25:04,19450.0,6400,Sell,234276619
2024-08-23 11:25:04,19450.0,39100,Sell,234276616
2024-08-23 11:25:25,19450.0,300,Sell,234277075
2024-08-23 11:25:42,19450.0,3900,Sell,234277375
2024-08-23 11:25:53,19450.0,2000,Sell,234277625
2024-08-23 11:26:05,19450.0,300,Sell,234277837
2024-08-23 11:26:22,19450.0,5000,Sell,234278250
2024-08-23 11:26:27,19450.0,3200,Sell,234278361
2024-08-23 11:26:28,19450.0,300,Sell,234278387
2024-08-23 11:26:56,19450.0,1600,Sell,234279379
2024-08-23 11:26:56,19450.0,1800,Sell,234279378
2024-08-23 11:26:56,19450.0,800,Sell,234279385
2024-08-23 11:26:56,19450.0,200,Sell,234279384
2024-08-23 11:26:56,19450.0,5000,Sell,234279380
2024-08-23 11:26:56,19450.0,200,Sell,234279382
2024-08-23 11:26:56,19450.0,10000,Sell,234279381
2024-08-23 11:26:56,19450.0,400,Sell,234279383
2024-08-23 11:26:58,19450.0,200,Sell,234279517
2024-08-23 11:26:58,19450.0,1600,Sell,234279518
2024-08-23 11:26:58,19450.0,1000,Sell,234279519
2024-08-23 11:26:58,19450.0,300,Sell,234279520
2024-08-23 11:26:58,19450.0,1900,Sell,234279521
2024-08-23 11:27:15,19450.0,3100,Sell,234279781
2024-08-23 11:27:15,19450.0,1900,Sell,234279782
2024-08-23 11:27:19,19500.0,6200,Buy,234279872
2024-08-23 11:27:32,19450.0,200,Sell,234280136
2024-08-23 11:27:32,19450.0,3100,Sell,234280112
2024-08-23 11:27:32,19450.0,200,Sell,234280113
2024-08-23 11:28:07,19450.0,1200,Sell,234280781
2024-08-23 11:28:07,19450.0,900,Sell,234280782
2024-08-23 11:28:07,19450.0,800,Sell,234280783
2024-08-23 11:28:07,19450.0,100,Sell,234280784
2024-08-23 11:28:13,19450.0,200,Sell,234280981
2024-08-23 11:28:13,19450.0,100,Sell,234280982
2024-08-23 11:28:59,19450.0,4000,Sell,234282083
2024-08-23 11:28:59,19450.0,8200,Sell,234282082
2024-08-23 11:28:59,19450.0,200,Sell,234282081
2024-08-23 11:28:59,19450.0,2600,Sell,234282080
2024-08-23 11:28:59,19450.0,1600,Sell,234282079
2024-08-23 11:28:59,19450.0,500,Sell,234282076
2024-08-23 11:28:59,19450.0,1000,Sell,234282077
2024-08-23 11:28:59,19450.0,2000,Sell,234282078
2024-08-23 11:28:59,19450.0,600,Sell,234282072
2024-08-23 11:28:59,19450.0,10000,Sell,234282074
2024-08-23 11:28:59,19450.0,100,Sell,234282075
2024-08-23 11:28:59,19450.0,1600,Sell,234282073
2024-08-23 11:29:18,19450.0,1000,Sell,234282527
2024-08-23 11:29:18,19450.0,2000,Sell,234282528
2024-08-23 11:29:18,19450.0,500,Sell,234282529
2024-08-23 11:29:18,19450.0,1500,Sell,234282530
2024-08-23 12:59:36,19450.0,200,Sell,234283110
2024-08-23 12:59:36,19450.0,300,Sell,234283246
2024-08-23 12:59:36,19450.0,1100,Buy,234283114
2024-08-23 12:59:36,19450.0,200,Buy,234283113
2024-08-23 12:59:36,19450.0,300,Sell,234283108
2024-08-23 12:59:36,19450.0,5000,Sell,234283111
2024-08-23 12:59:36,19450.0,1700,Sell,234283109
2024-08-23 12:59:36,19450.0,100,Sell,234283107
2024-08-23 12:59:36,19450.0,100,Sell,234283112
2024-08-23 12:59:37,19450.0,100,Sell,234283737
2024-08-23 12:59:37,19450.0,100,Sell,234283736
2024-08-23 12:59:37,19450.0,4200,Sell,234283735
2024-08-23 12:59:37,19450.0,100,Sell,234283615
2024-08-23 12:59:37,19450.0,200,Sell,234283399
2024-08-23 12:59:37,19450.0,1000,Sell,234283397
2024-08-23 12:59:37,19450.0,2000,Sell,234283616
2024-08-23 12:59:37,19500.0,100,Buy,234283398
2024-08-23 12:59:38,19450.0,100,Sell,234283965
2024-08-23 12:59:38,19450.0,200,Sell,234283962
2024-08-23 12:59:38,19450.0,200,Sell,234283963
2024-08-23 12:59:38,19450.0,500,Sell,234283964
2024-08-23 12:59:39,19500.0,500,Buy,234284272
2024-08-23 12:59:39,19450.0,100,Sell,234284474
2024-08-23 12:59:39,19450.0,100,Sell,234284540
2024-08-23 12:59:40,19450.0,600,Sell,234284775
2024-08-23 12:59:40,19450.0,100,Sell,234284776
2024-08-23 12:59:40,19450.0,300,Sell,234284777
2024-08-23 12:59:41,19450.0,300,Buy,234285049
2024-08-23 12:59:41,19450.0,500,Buy,234285003
2024-08-23 12:59:41,19450.0,100,Sell,234285002
2024-08-23 12:59:41,19450.0,100,Sell,234285001
2024-08-23 12:59:41,19450.0,100,Sell,234284972
2024-08-23 12:59:41,19450.0,100,Sell,234284970
2024-08-23 12:59:41,19450.0,200,Sell,234284969
2024-08-23 12:59:41,19450.0,100,Sell,234284968
2024-08-23 12:59:41,19450.0,100,Sell,234284967
2024-08-23 12:59:41,19450.0,600,Sell,234284971
2024-08-23 12:59:42,19450.0,2100,Buy,234285335
2024-08-23 12:59:42,19450.0,1000,Buy,234285336
2024-08-23 12:59:42,19450.0,7200,Buy,234285337
2024-08-23 12:59:49,19450.0,5000,Buy,234286695
2024-08-23 12:59:49,19450.0,4900,Buy,234286644
2024-08-23 12:59:49,19450.0,10000,Buy,234286643
2024-08-23 12:59:49,19450.0,1000,Buy,234286642
2024-08-23 12:59:49,19450.0,1000,Buy,234286640
2024-08-23 12:59:49,19450.0,2800,Buy,234286639
2024-08-23 12:59:49,19450.0,300,Buy,234286641
2024-08-23 12:59:49,19400.0,200,Sell,234286580
2024-08-23 12:59:49,19400.0,700,Sell,234286579
2024-08-23 13:00:03,19400.0,3000,Sell,234287684
2024-08-23 13:00:03,19400.0,100,Sell,234287691
2024-08-23 13:00:16,19400.0,1700,Sell,234288674
2024-08-23 13:00:16,19400.0,100,Sell,234288675
2024-08-23 13:00:16,19400.0,100,Sell,234288676
2024-08-23 13:00:16,19400.0,100,Sell,234288677
2024-08-23 13:00:17,19450.0,900,Buy,234288814
2024-08-23 13:00:17,19450.0,100,Buy,234288808
2024-08-23 13:00:32,19450.0,100,Buy,234289357
2024-08-23 13:00:32,19450.0,100,Buy,234289356
2024-08-23 13:00:37,19400.0,300,Sell,234289633
2024-08-23 13:00:37,19450.0,1000,Buy,234289634
2024-08-23 13:00:37,19450.0,4400,Buy,234289635
2024-08-23 13:00:39,19400.0,100,Sell,234289715
2024-08-23 13:00:39,19400.0,1000,Sell,234289716
2024-08-23 13:00:39,19400.0,200,Sell,234289717
2024-08-23 13:00:39,19400.0,1700,Sell,234289718
2024-08-23 13:00:47,19400.0,500,Sell,234289931
2024-08-23 13:00:56,19450.0,500,Buy,234290213
2024-08-23 13:00:59,19450.0,300,Buy,234290341
2024-08-23 13:00:59,19450.0,4000,Buy,234290339
2024-08-23 13:00:59,19450.0,100,Buy,234290340
2024-08-23 13:01:09,19450.0,1200,Buy,234290690
2024-08-23 13:01:09,19450.0,2300,Buy,234290691
2024-08-23 13:01:09,19450.0,900,Buy,234290692
2024-08-23 13:01:12,19450.0,1100,Buy,234290855
2024-08-23 13:01:16,19450.0,2100,Buy,234290985
2024-08-23 13:01:16,19450.0,3700,Buy,234290983
2024-08-23 13:01:16,19450.0,500,Buy,234290982
2024-08-23 13:01:16,19450.0,100,Buy,234290984
2024-08-23 13:01:16,19450.0,100,Buy,234290980
2024-08-23 13:01:16,19450.0,200,Buy,234290979
2024-08-23 13:01:16,19450.0,5300,Buy,234290978
2024-08-23 13:01:16,19450.0,2000,Buy,234290981
2024-08-23 13:01:17,19450.0,900,Buy,234291047
2024-08-23 13:01:17,19450.0,1000,Buy,234291048
2024-08-23 13:01:17,19450.0,2000,Buy,234291049
2024-08-23 13:01:17,19450.0,500,Buy,234291050
2024-08-23 13:01:19,19450.0,500,Buy,234291107
2024-08-23 13:01:34,19450.0,100,Sell,234291627
2024-08-23 13:01:35,19450.0,100,Sell,234291651
2024-08-23 13:01:37,19450.0,100,Sell,234291733
2024-08-23 13:01:37,19450.0,100,Sell,234291764
2024-08-23 13:01:37,19450.0,300,Sell,234291731
2024-08-23 13:01:37,19450.0,100,Sell,234291732
2024-08-23 13:01:40,19450.0,200,Sell,234291793
2024-08-23 13:01:41,19450.0,600,Sell,234291822
2024-08-23 13:01:46,19450.0,200,Buy,234291932
2024-08-23 13:01:47,19450.0,100,Buy,234291954
2024-08-23 13:02:14,19450.0,200,Buy,234292692
2024-08-23 13:02:15,19450.0,100,Buy,234292720
2024-08-23 13:02:15,19450.0,900,Buy,234292721
2024-08-23 13:02:19,19450.0,100,Buy,234292823
2024-08-23 13:02:20,19450.0,100,Sell,234292857
2024-08-23 13:02:20,19450.0,200,Buy,234292858
2024-08-23 13:02:38,19450.0,200,Buy,234293313
2024-08-23 13:02:41,19400.0,200,Sell,234293370
2024-08-23 13:02:47,19450.0,400,Buy,234293528
2024-08-23 13:02:57,19450.0,100,Buy,234293789
2024-08-23 13:02:57,19450.0,100,Buy,234293811
2024-08-23 13:03:15,19450.0,300,Sell,234294348
2024-08-23 13:03:33,19450.0,1600,Sell,234294867
2024-08-23 13:03:33,19450.0,100,Sell,234294868
2024-08-23 13:03:33,19450.0,1800,Sell,234294869
2024-08-23 13:03:36,19450.0,100,Sell,234294923
2024-08-23 13:03:43,19450.0,100,Sell,234295155
2024-08-23 13:03:43,19450.0,200,Sell,234295156
2024-08-23 13:04:25,19450.0,300,Sell,234296498
2024-08-23 13:04:25,19450.0,700,Sell,234296499
2024-08-23 13:04:43,19450.0,900,Sell,234297116
2024-08-23 13:04:43,19450.0,600,Sell,234297117
2024-08-23 13:04:45,19450.0,200,Sell,234297186
2024-08-23 13:04:47,19450.0,300,Sell,234297268
2024-08-23 13:05:09,19450.0,900,Sell,234298260
2024-08-23 13:05:14,19500.0,1000,Buy,234298419
2024-08-23 13:05:19,19500.0,300,Buy,234298716
2024-08-23 13:05:30,19500.0,3100,Buy,234299133
2024-08-23 13:05:30,19500.0,1700,Buy,234299134
2024-08-23 13:05:46,19450.0,200,Sell,234299672
2024-08-23 13:05:48,19500.0,100,Buy,234299728
2024-08-23 13:06:05,19500.0,900,Buy,234300397
2024-08-23 13:06:09,19500.0,500,Buy,234300517
2024-08-23 13:06:21,19500.0,1000,Buy,234300899
2024-08-23 13:06:21,19500.0,1000,Buy,234300904
2024-08-23 13:06:21,19500.0,1800,Buy,234300900
2024-08-23 13:06:21,19500.0,100,Buy,234300901
2024-08-23 13:06:21,19500.0,1000,Buy,234300902
2024-08-23 13:06:21,19500.0,500,Buy,234300903
2024-08-23 13:06:21,19500.0,5000,Buy,234300898
2024-08-23 13:06:21,19500.0,1000,Buy,234300905
2024-08-23 13:06:21,19500.0,1000,Buy,234300909
2024-08-23 13:06:21,19500.0,1000,Buy,234300907
2024-08-23 13:06:21,19500.0,500,Buy,234300908
2024-08-23 13:06:21,19500.0,100,Buy,234300897
2024-08-23 13:06:21,19500.0,100,Buy,234300910
2024-08-23 13:06:21,19500.0,100,Buy,234300911
2024-08-23 13:06:21,19500.0,1000,Buy,234300912
2024-08-23 13:06:21,19500.0,1000,Buy,234300913
2024-08-23 13:06:21,19500.0,2900,Buy,234300914
2024-08-23 13:06:21,19500.0,1000,Buy,234300906
2024-08-23 13:06:21,19500.0,1000,Buy,234300896
2024-08-23 13:06:21,19500.0,100,Buy,234300891
2024-08-23 13:06:21,19500.0,1900,Buy,234300894
2024-08-23 13:06:21,19500.0,19800,Buy,234300876
2024-08-23 13:06:21,19500.0,100,Buy,234300877
2024-08-23 13:06:21,19500.0,10000,Buy,234300878
2024-08-23 13:06:21,19500.0,1000,Buy,234300879
2024-08-23 13:06:21,19500.0,100,Buy,234300880
2024-08-23 13:06:21,19500.0,10000,Buy,234300881
2024-08-23 13:06:21,19500.0,10000,Buy,234300882
2024-08-23 13:06:21,19500.0,200,Buy,234300883
2024-08-23 13:06:21,19500.0,10000,Buy,234300884
2024-08-23 13:06:21,19500.0,200,Buy,234300885
2024-08-23 13:06:21,19500.0,1500,Buy,234300886
2024-08-23 13:06:21,19500.0,2500,Buy,234300887
2024-08-23 13:06:21,19500.0,1000,Buy,234300888
2024-08-23 13:06:21,19500.0,5000,Buy,234300889
2024-08-23 13:06:21,19500.0,2600,Buy,234300915
2024-08-23 13:06:21,19500.0,1500,Buy,234300892
2024-08-23 13:06:21,19500.0,100,Buy,234300893
2024-08-23 13:06:21,19500.0,300,Buy,234300895
2024-08-23 13:06:21,19500.0,1000,Buy,234300890
2024-08-23 13:06:28,19500.0,200,Buy,234301178
2024-08-23 13:06:30,19500.0,1700,Buy,234301209
2024-08-23 13:06:30,19500.0,1000,Buy,234301210
2024-08-23 13:06:30,19500.0,100,Buy,234301211
2024-08-23 13:06:30,19500.0,2200,Buy,234301212
2024-08-23 13:06:30,19500.0,500,Buy,234301208
2024-08-23 13:06:36,19500.0,800,Buy,234301366
2024-08-23 13:06:36,19500.0,1000,Buy,234301367
2024-08-23 13:06:36,19500.0,100,Buy,234301368
2024-08-23 13:06:36,19500.0,1000,Buy,234301369
2024-08-23 13:06:36,19500.0,2000,Buy,234301370
2024-08-23 13:06:36,19500.0,100,Buy,234301371
2024-08-23 13:06:37,19500.0,300,Buy,234301399
2024-08-23 13:06:37,19500.0,900,Buy,234301400
2024-08-23 13:06:47,19450.0,300,Sell,234301770
2024-08-23 13:06:47,19500.0,100,Buy,234301739
2024-08-23 13:06:52,19500.0,800,Buy,234301908
2024-08-23 13:06:52,19500.0,4200,Buy,234301909
2024-08-23 13:06:52,19500.0,3000,Buy,234301924
2024-08-23 13:06:52,19500.0,200,Buy,234301927
2024-08-23 13:06:59,19500.0,300,Buy,234302152
2024-08-23 13:07:00,19500.0,2300,Buy,234302179
2024-08-23 13:07:00,19500.0,300,Buy,234302180
2024-08-23 13:07:01,19500.0,200,Buy,234302191
2024-08-23 13:07:02,19500.0,500,Buy,234302258
2024-08-23 13:07:04,19500.0,500,Buy,234302300
2024-08-23 13:07:06,19550.0,1000,Buy,234302352
2024-08-23 13:07:06,19500.0,200,Buy,234302351
2024-08-23 13:07:06,19500.0,100,Buy,234302347
2024-08-23 13:07:06,19500.0,200,Buy,234302349
2024-08-23 13:07:06,19500.0,900,Buy,234302348
2024-08-23 13:07:06,19500.0,200,Buy,234302350
2024-08-23 13:07:53,19500.0,200,Sell,234303728
2024-08-23 13:07:58,19550.0,500,Buy,234303858
2024-08-23 13:08:06,19500.0,200,Sell,234304067
2024-08-23 13:08:06,19550.0,1300,Buy,234304072
2024-08-23 13:08:06,19550.0,300,Buy,234304073
2024-08-23 13:08:19,19550.0,200,Buy,234304725
2024-08-23 13:08:28,19500.0,100,Sell,234305088
2024-08-23 13:08:29,19550.0,100,Buy,234305106
2024-08-23 13:08:43,19500.0,200,Sell,234305643
2024-08-23 13:08:53,19500.0,300,Sell,234306233
2024-08-23 13:08:56,19500.0,200,Sell,234306319
2024-08-23 13:08:56,19500.0,700,Sell,234306320
2024-08-23 13:09:07,19550.0,900,Buy,234306655
2024-08-23 13:09:07,19550.0,500,Buy,234306654
2024-08-23 13:09:07,19550.0,10000,Buy,234306653
2024-08-23 13:09:07,19550.0,900,Buy,234306652
2024-08-23 13:09:07,19550.0,400,Buy,234306651
2024-08-23 13:09:07,19550.0,300,Buy,234306650
2024-08-23 13:09:07,19550.0,2000,Buy,234306647
2024-08-23 13:09:07,19550.0,200,Buy,234306649
2024-08-23 13:09:07,19550.0,2000,Buy,234306648
2024-08-23 13:09:07,19550.0,600,Buy,234306639
2024-08-23 13:09:07,19550.0,200,Buy,234306640
2024-08-23 13:09:07,19550.0,200,Buy,234306641
2024-08-23 13:09:07,19550.0,500,Buy,234306646
