time,price,volume,match_type,id
2024-08-29 09:14:58,19500.0,97800,ATO/ATC,235599693
2024-08-29 09:14:59,19500.0,900,Sell,235599744
2024-08-29 09:15:06,19500.0,200,Sell,235599850
2024-08-29 09:15:06,19500.0,100,Sell,235599863
2024-08-29 09:15:06,19500.0,500,Sell,235599862
2024-08-29 09:15:06,19500.0,200,Sell,235599861
2024-08-29 09:15:06,19500.0,500,Sell,235599860
2024-08-29 09:15:06,19500.0,600,Sell,235599859
2024-08-29 09:15:06,19500.0,200,Sell,235599858
2024-08-29 09:15:06,19500.0,3200,Sell,235599849
2024-08-29 09:15:06,19500.0,200,Sell,235599856
2024-08-29 09:15:06,19500.0,100,Sell,235599851
2024-08-29 09:15:06,19500.0,100,Sell,235599852
2024-08-29 09:15:06,19500.0,500,Sell,235599857
2024-08-29 09:15:06,19500.0,1000,Sell,235599854
2024-08-29 09:15:06,19500.0,100,Sell,235599853
2024-08-29 09:15:06,19500.0,800,Sell,235599855
2024-08-29 09:15:25,19450.0,100,Sell,235600088
2024-08-29 09:15:25,19450.0,100,Sell,235600089
2024-08-29 09:15:25,19450.0,200,Sell,235600090
2024-08-29 09:15:25,19450.0,2000,Sell,235600091
2024-08-29 09:15:25,19450.0,100,Sell,235600092
2024-08-29 09:15:26,19450.0,200,Sell,235600097
2024-08-29 09:15:26,19450.0,100,Sell,235600098
2024-08-29 09:15:26,19450.0,200,Sell,235600099
2024-08-29 09:15:26,19450.0,100,Buy,235600100
2024-08-29 09:15:30,19450.0,200,Buy,235600165
2024-08-29 09:15:37,19450.0,300,Buy,235600242
2024-08-29 09:15:43,19500.0,1700,Buy,235600308
2024-08-29 09:15:43,19500.0,3300,Buy,235600309
2024-08-29 09:16:03,19450.0,200,Sell,235600633
2024-08-29 09:16:03,19450.0,100,Sell,235600634
2024-08-29 09:16:16,19500.0,200,Buy,235600854
2024-08-29 09:16:20,19500.0,2900,Buy,235600933
2024-08-29 09:16:20,19500.0,2100,Buy,235600932
2024-08-29 09:16:35,19500.0,1500,Buy,235601216
2024-08-29 09:17:12,19550.0,200,Buy,235601853
2024-08-29 09:17:12,19550.0,300,Buy,235601854
2024-08-29 09:17:24,19550.0,700,Buy,235602071
2024-08-29 09:17:35,19600.0,500,Buy,235602343
2024-08-29 09:17:46,19600.0,9500,Buy,235602540
2024-08-29 09:17:46,19600.0,200,Buy,235602541
2024-08-29 09:17:46,19600.0,300,Buy,235602542
2024-08-29 09:17:51,19600.0,700,Buy,235602627
2024-08-29 09:17:51,19600.0,100,Buy,235602628
2024-08-29 09:17:51,19600.0,2800,Buy,235602629
2024-08-29 09:17:51,19600.0,2200,Buy,235602630
2024-08-29 09:17:51,19600.0,4200,Buy,235602631
2024-08-29 09:17:56,19600.0,200,Buy,235602721
2024-08-29 09:18:00,19600.0,600,Buy,235602775
2024-08-29 09:18:01,19600.0,500,Sell,235602791
2024-08-29 09:18:10,19650.0,200,Buy,235602979
2024-08-29 09:18:10,19650.0,100,Buy,235602980
2024-08-29 09:18:10,19650.0,4700,Buy,235602981
2024-08-29 09:18:19,19650.0,200,Buy,235603142
2024-08-29 09:18:28,19650.0,100,Buy,235603334
2024-08-29 09:18:28,19650.0,4900,Buy,235603335
2024-08-29 09:18:30,19600.0,100,Sell,235603373
2024-08-29 09:18:30,19600.0,200,Sell,235603374
2024-08-29 09:18:30,19600.0,200,Sell,235603375
2024-08-29 09:18:31,19600.0,100,Sell,235603389
2024-08-29 09:18:31,19600.0,200,Sell,235603388
2024-08-29 09:18:31,19600.0,200,Sell,235603387
2024-08-29 09:18:32,19650.0,500,Buy,235603402
2024-08-29 09:18:32,19650.0,500,Buy,235603403
2024-08-29 09:18:32,19650.0,1000,Buy,235603404
2024-08-29 09:18:32,19650.0,100,Buy,235603405
2024-08-29 09:18:33,19650.0,2800,Sell,235603413
2024-08-29 09:18:41,19650.0,500,Buy,235603599
2024-08-29 09:18:42,19600.0,2800,Sell,235603613
2024-08-29 09:18:42,19600.0,800,Sell,235603612
2024-08-29 09:18:42,19600.0,900,Sell,235603609
2024-08-29 09:18:42,19600.0,5000,Sell,235603610
2024-08-29 09:18:42,19600.0,500,Sell,235603611
2024-08-29 09:18:51,19600.0,100,Sell,235603761
2024-08-29 09:19:39,19600.0,7100,Sell,235604836
2024-08-29 09:19:39,19600.0,22900,Sell,235604837
2024-08-29 09:19:39,19600.0,3900,Sell,235604841
2024-08-29 09:19:44,19600.0,3200,Sell,235604997
2024-08-29 09:19:44,19600.0,2000,Sell,235604998
2024-08-29 09:19:44,19600.0,1000,Sell,235604999
2024-08-29 09:19:44,19600.0,1000,Sell,235605000
2024-08-29 09:19:44,19600.0,200,Sell,235605001
2024-08-29 09:19:44,19600.0,100,Sell,235605002
2024-08-29 09:19:44,19600.0,200,Sell,235605003
2024-08-29 09:19:44,19600.0,100,Sell,235605004
2024-08-29 09:19:44,19600.0,100,Sell,235605005
2024-08-29 09:19:44,19600.0,1000,Sell,235605006
2024-08-29 09:19:59,19600.0,200,Buy,235605336
2024-08-29 09:20:22,19600.0,2700,Buy,235605888
2024-08-29 09:20:22,19600.0,1400,Buy,235605889
2024-08-29 09:20:22,19600.0,900,Buy,235605887
2024-08-29 09:20:48,19600.0,500,Buy,235606453
2024-08-29 09:21:02,19600.0,300,Buy,235606727
2024-08-29 09:21:23,19550.0,500,Sell,235607109
2024-08-29 09:21:35,19550.0,500,Sell,235607398
2024-08-29 09:21:35,19600.0,100,Buy,235607402
2024-08-29 09:21:38,19550.0,500,Sell,235607454
2024-08-29 09:21:44,19600.0,100,Buy,235607604
2024-08-29 09:22:06,19600.0,100,Buy,235608106
2024-08-29 09:22:17,19600.0,100,Buy,235608348
2024-08-29 09:22:18,19600.0,700,Buy,235608356
2024-08-29 09:22:18,19600.0,1000,Buy,235608357
2024-08-29 09:22:18,19600.0,4700,Buy,235608358
2024-08-29 09:22:20,19600.0,100,Buy,235608393
2024-08-29 09:22:55,19600.0,300,Buy,235609157
2024-08-29 09:23:21,19600.0,3000,Buy,235609978
2024-08-29 09:23:24,19600.0,100,Buy,235610034
2024-08-29 09:23:56,19600.0,1800,Buy,235610797
2024-08-29 09:23:56,19600.0,10000,Buy,235610798
2024-08-29 09:23:56,19600.0,1000,Buy,235610799
2024-08-29 09:23:56,19600.0,7200,Buy,235610800
2024-08-29 09:23:59,19550.0,100,Sell,235610871
2024-08-29 09:24:15,19550.0,4800,Sell,235611442
2024-08-29 09:24:27,19600.0,100,Buy,235611776
2024-08-29 09:24:33,19550.0,3000,Sell,235612016
2024-08-29 09:24:38,19550.0,4800,Sell,235612197
2024-08-29 09:24:42,19600.0,4800,Buy,235612262
2024-08-29 09:24:42,19600.0,1600,Buy,235612264
2024-08-29 09:24:42,19600.0,4800,Buy,235612263
2024-08-29 09:24:42,19600.0,3500,Buy,235612261
2024-08-29 09:24:42,19600.0,2500,Buy,235612265
2024-08-29 09:24:42,19600.0,3000,Buy,235612259
2024-08-29 09:24:42,19600.0,2700,Buy,235612255
2024-08-29 09:24:42,19600.0,10000,Buy,235612256
2024-08-29 09:24:42,19600.0,4500,Buy,235612260
2024-08-29 09:24:42,19600.0,1600,Buy,235612258
2024-08-29 09:24:42,19600.0,11000,Buy,235612257
2024-08-29 09:24:55,19600.0,2000,Buy,235612695
2024-08-29 09:24:59,19600.0,100,Buy,235612810
2024-08-29 09:25:32,19600.0,100,Buy,235613861
2024-08-29 09:25:35,19550.0,1600,Sell,235613931
2024-08-29 09:25:40,19550.0,4800,Sell,235614152
2024-08-29 09:25:55,19600.0,6400,Buy,235614538
2024-08-29 09:25:55,19600.0,4800,Buy,235614537
2024-08-29 09:25:55,19600.0,500,Buy,235614536
2024-08-29 09:25:55,19600.0,5000,Buy,235614534
2024-08-29 09:25:55,19600.0,1600,Buy,235614533
2024-08-29 09:25:55,19600.0,1600,Buy,235614535
2024-08-29 09:25:55,19600.0,100,Buy,235614532
2024-08-29 09:25:57,19550.0,500,Sell,235614589
2024-08-29 09:26:06,19600.0,100,Buy,235614888
2024-08-29 09:26:06,19550.0,500,Sell,235614898
2024-08-29 09:26:14,19550.0,200,Sell,235615091
2024-08-29 09:26:27,19550.0,4800,Sell,235615542
2024-08-29 09:26:31,19550.0,3100,Sell,235615625
2024-08-29 09:26:39,19600.0,3500,Buy,235615848
2024-08-29 09:26:39,19600.0,2800,Buy,235615849
2024-08-29 09:26:39,19600.0,2200,Buy,235615850
2024-08-29 09:26:39,19600.0,200,Buy,235615851
2024-08-29 09:26:39,19600.0,1300,Buy,235615852
2024-08-29 09:27:02,19550.0,19600,Sell,235616327
2024-08-29 09:27:02,19550.0,400,Sell,235616328
2024-08-29 09:27:06,19600.0,8700,Buy,235616465
2024-08-29 09:27:06,19600.0,4400,Buy,235616464
2024-08-29 09:27:06,19600.0,5600,Buy,235616463
2024-08-29 09:27:06,19600.0,3700,Buy,235616461
2024-08-29 09:27:06,19600.0,1600,Buy,235616462
2024-08-29 09:27:08,19550.0,100,Sell,235616497
2024-08-29 09:27:08,19550.0,1000,Sell,235616502
2024-08-29 09:27:08,19550.0,3000,Sell,235616501
2024-08-29 09:27:08,19550.0,100,Sell,235616500
2024-08-29 09:27:08,19550.0,300,Sell,235616499
2024-08-29 09:27:08,19550.0,400,Sell,235616498
2024-08-29 09:27:08,19550.0,3000,Sell,235616496
2024-08-29 09:27:08,19550.0,7100,Sell,235616493
2024-08-29 09:27:08,19550.0,200,Sell,235616494
2024-08-29 09:27:08,19550.0,100,Sell,235616488
2024-08-29 09:27:08,19550.0,500,Sell,235616489
2024-08-29 09:27:08,19550.0,1000,Sell,235616490
2024-08-29 09:27:08,19550.0,1000,Sell,235616495
2024-08-29 09:27:08,19550.0,2000,Sell,235616492
2024-08-29 09:27:08,19550.0,100,Sell,235616491
2024-08-29 09:27:08,19550.0,100,Sell,235616487
2024-08-29 09:27:09,19550.0,700,Sell,235616513
2024-08-29 09:27:09,19550.0,900,Sell,235616514
2024-08-29 09:27:09,19550.0,600,Sell,235616515
2024-08-29 09:27:09,19550.0,100,Sell,235616516
2024-08-29 09:27:09,19550.0,100,Sell,235616517
2024-08-29 09:27:09,19550.0,700,Sell,235616518
2024-08-29 09:27:09,19550.0,100,Sell,235616520
2024-08-29 09:27:09,19550.0,100,Sell,235616521
2024-08-29 09:27:09,19550.0,10000,Sell,235616522
2024-08-29 09:27:09,19550.0,100,Sell,235616519
2024-08-29 09:27:26,19550.0,6600,Buy,235616919
2024-08-29 09:27:26,19550.0,13400,Buy,235616920
2024-08-29 09:27:28,19550.0,5000,Buy,235616970
2024-08-29 09:27:30,19550.0,500,Buy,235617008
2024-08-29 09:27:33,19550.0,300,Buy,235617078
2024-08-29 09:27:47,19500.0,2000,Sell,235617464
2024-08-29 09:27:47,19500.0,400,Sell,235617463
2024-08-29 09:27:47,19500.0,50000,Sell,235617462
2024-08-29 09:27:47,19500.0,300,Sell,235617461
2024-08-29 09:27:47,19500.0,500,Sell,235617460
2024-08-29 09:27:47,19500.0,100,Sell,235617459
2024-08-29 09:27:47,19500.0,500,Sell,235617458
2024-08-29 09:27:47,19500.0,1000,Sell,235617457
2024-08-29 09:27:47,19500.0,500,Sell,235617456
2024-08-29 09:27:47,19500.0,100,Sell,235617454
2024-08-29 09:27:47,19500.0,3000,Sell,235617453
2024-08-29 09:27:47,19500.0,100,Sell,235617452
2024-08-29 09:27:47,19500.0,100,Sell,235617451
2024-08-29 09:27:47,19500.0,3000,Sell,235617450
2024-08-29 09:27:47,19500.0,600,Sell,235617465
2024-08-29 09:27:47,19500.0,2000,Sell,235617448
2024-08-29 09:27:47,19500.0,2000,Sell,235617449
2024-08-29 09:27:47,19500.0,500,Sell,235617446
2024-08-29 09:27:47,19500.0,100,Sell,235617447
2024-08-29 09:27:47,19500.0,18500,Sell,235617431
2024-08-29 09:27:47,19500.0,500,Sell,235617432
2024-08-29 09:27:47,19500.0,1000,Sell,235617433
2024-08-29 09:27:47,19500.0,100,Sell,235617434
2024-08-29 09:27:47,19500.0,5000,Sell,235617435
2024-08-29 09:27:47,19500.0,200,Sell,235617436
2024-08-29 09:27:47,19500.0,1000,Sell,235617437
2024-08-29 09:27:47,19500.0,500,Sell,235617439
2024-08-29 09:27:47,19500.0,500,Sell,235617440
2024-08-29 09:27:47,19500.0,5000,Sell,235617441
2024-08-29 09:27:47,19500.0,100,Sell,235617442
2024-08-29 09:27:47,19500.0,300,Sell,235617443
2024-08-29 09:27:47,19500.0,100,Sell,235617444
2024-08-29 09:27:47,19500.0,300,Sell,235617445
2024-08-29 09:27:47,19500.0,100,Sell,235617438
2024-08-29 09:27:50,19500.0,100,Sell,235617536
2024-08-29 09:27:50,19500.0,900,Sell,235617537
2024-08-29 09:27:50,19500.0,100,Sell,235617535
2024-08-29 09:27:50,19500.0,200,Sell,235617531
2024-08-29 09:27:50,19500.0,1400,Sell,235617533
2024-08-29 09:27:50,19500.0,700,Sell,235617532
2024-08-29 09:27:50,19500.0,400,Sell,235617517
2024-08-29 09:27:50,19500.0,1000,Sell,235617534
2024-08-29 09:27:52,19550.0,300,Buy,235617604
2024-08-29 09:28:25,19550.0,500,Buy,235618299
2024-08-29 09:28:25,19550.0,5600,Buy,235618300
2024-08-29 09:28:25,19550.0,3900,Buy,235618301
2024-08-29 09:28:26,19550.0,500,Buy,235618306
2024-08-29 09:28:58,19550.0,1500,Sell,235619085
2024-08-29 09:28:58,19550.0,7400,Sell,235619086
2024-08-29 09:28:58,19550.0,11100,Sell,235619087
2024-08-29 09:29:13,19600.0,1000,Buy,235619380
2024-08-29 09:29:35,19600.0,300,Buy,235620007
2024-08-29 09:29:35,19600.0,500,Buy,235620008
2024-08-29 09:29:40,19550.0,1000,Sell,235620139
2024-08-29 09:30:45,19550.0,10000,Sell,235621279
2024-08-29 09:30:51,19550.0,5600,Sell,235621490
2024-08-29 09:30:51,19550.0,4400,Sell,235621491
2024-08-29 09:31:06,19550.0,10000,Sell,235621908
2024-08-29 09:31:07,19550.0,500,Sell,235621934
2024-08-29 09:31:07,19550.0,2900,Sell,235621935
2024-08-29 09:31:08,19550.0,5100,Sell,235621971
2024-08-29 09:31:08,19550.0,3800,Sell,235621972
2024-08-29 09:31:08,19550.0,11100,Sell,235621975
2024-08-29 09:31:10,19550.0,900,Sell,235622008
2024-08-29 09:31:10,19550.0,100,Sell,235622009
2024-08-29 09:31:10,19550.0,100,Sell,235622010
2024-08-29 09:31:10,19550.0,200,Sell,235622011
2024-08-29 09:31:10,19550.0,5100,Sell,235622007
2024-08-29 09:31:31,19550.0,2000,Buy,235622629
2024-08-29 09:31:31,19550.0,1000,Buy,235622630
2024-08-29 09:31:36,19550.0,2000,Sell,235622797
2024-08-29 09:31:56,19500.0,5800,Sell,235623273
2024-08-29 09:31:56,19500.0,4100,Sell,235623271
2024-08-29 09:31:56,19500.0,100,Sell,235623272
2024-08-29 09:32:06,19500.0,1300,Sell,235623533
2024-08-29 09:32:06,19500.0,100,Sell,235623532
2024-08-29 09:32:06,19500.0,500,Sell,235623531
2024-08-29 09:32:06,19500.0,500,Sell,235623530
2024-08-29 09:32:06,19500.0,200,Sell,235623529
2024-08-29 09:32:06,19500.0,300,Sell,235623528
2024-08-29 09:32:06,19500.0,100,Sell,235623527
2024-08-29 09:32:06,19500.0,100,Sell,235623526
2024-08-29 09:32:06,19500.0,2300,Sell,235623524
2024-08-29 09:32:06,19500.0,200,Sell,235623523
2024-08-29 09:32:06,19500.0,200,Sell,235623522
2024-08-29 09:32:06,19500.0,500,Sell,235623521
2024-08-29 09:32:06,19500.0,300,Sell,235623520
2024-08-29 09:32:06,19500.0,100,Sell,235623519
2024-08-29 09:32:06,19500.0,4200,Sell,235623518
2024-08-29 09:32:06,19500.0,500,Sell,235623525
2024-08-29 09:32:12,19500.0,1100,Buy,235623688
2024-08-29 09:32:22,19500.0,2500,Buy,235623897
2024-08-29 09:32:22,19500.0,7500,Buy,235623895
2024-08-29 09:32:22,19500.0,10000,Buy,235623896
2024-08-29 09:32:25,19500.0,100,Buy,235623952
2024-08-29 09:32:30,19500.0,200,Buy,235624130
2024-08-29 09:32:30,19500.0,300,Buy,235624129
2024-08-29 09:33:02,19500.0,9500,Sell,235624911
2024-08-29 09:33:02,19500.0,1000,Sell,235624912
2024-08-29 09:33:02,19500.0,100,Sell,235624913
2024-08-29 09:33:02,19500.0,100,Sell,235624914
2024-08-29 09:33:02,19500.0,4400,Sell,235624915
2024-08-29 09:33:02,19500.0,100,Buy,235624929
2024-08-29 09:33:02,19500.0,1000,Sell,235624916
2024-08-29 09:33:07,19500.0,3800,Buy,235625124
2024-08-29 09:33:12,19500.0,3000,Sell,235625266
2024-08-29 09:33:20,19500.0,3200,Sell,235625401
2024-08-29 09:33:20,19500.0,4000,Sell,235625402
2024-08-29 09:33:20,19500.0,1000,Sell,235625403
2024-08-29 09:33:22,19500.0,100,Buy,235625447
2024-08-29 09:33:24,19500.0,1700,Buy,235625466
2024-08-29 09:33:33,19500.0,100,Sell,235625640
2024-08-29 09:33:35,19500.0,800,Sell,235625696
2024-08-29 09:35:28,19500.0,3600,Sell,235628430
2024-08-29 09:35:36,19500.0,3800,Sell,235628588
2024-08-29 09:35:36,19500.0,300,Sell,235628589
2024-08-29 09:35:36,19500.0,300,Sell,235628590
2024-08-29 09:35:36,19500.0,1000,Sell,235628591
2024-08-29 09:35:36,19500.0,100,Sell,235628592
2024-08-29 09:35:36,19500.0,100,Sell,235628593
2024-08-29 09:35:36,19500.0,100,Sell,235628597
2024-08-29 09:35:36,19500.0,100,Sell,235628598
2024-08-29 09:35:36,19500.0,4200,Sell,235628599
2024-08-29 09:35:57,19500.0,700,Sell,235629071
2024-08-29 09:35:58,19500.0,5000,Sell,235629076
2024-08-29 09:36:00,19500.0,100,Sell,235629098
2024-08-29 09:36:31,19500.0,100,Sell,235629787
2024-08-29 09:36:31,19500.0,100,Sell,235629786
2024-08-29 09:36:31,19500.0,100,Sell,235629788
2024-08-29 09:36:31,19500.0,500,Sell,235629784
2024-08-29 09:36:31,19500.0,100,Sell,235629785
2024-08-29 09:36:31,19500.0,500,Sell,235629783
2024-08-29 09:36:33,19500.0,1000,Buy,235629839
2024-08-29 09:36:37,19500.0,100,Buy,235629981
2024-08-29 09:36:41,19500.0,500,Buy,235630045
2024-08-29 09:36:41,19500.0,1000,Buy,235630046
2024-08-29 09:36:52,19500.0,500,Sell,235630303
2024-08-29 09:36:56,19500.0,400,Sell,235630370
2024-08-29 09:37:51,19500.0,2500,Sell,235631505
2024-08-29 09:38:00,19500.0,500,Sell,235631689
2024-08-29 09:38:07,19500.0,1000,Sell,235631842
2024-08-29 09:38:08,19500.0,100,Sell,235631863
2024-08-29 09:38:08,19500.0,100,Sell,235631862
2024-08-29 09:38:08,19500.0,100,Sell,235631861
2024-08-29 09:38:08,19500.0,100,Sell,235631860
2024-08-29 09:38:08,19500.0,100,Sell,235631858
2024-08-29 09:38:08,19500.0,1800,Sell,235631857
2024-08-29 09:38:08,19500.0,100,Sell,235631856
2024-08-29 09:38:08,19500.0,4400,Sell,235631855
2024-08-29 09:38:08,19500.0,1400,Sell,235631859
2024-08-29 09:39:09,19450.0,300,Sell,235633046
2024-08-29 09:39:09,19450.0,1000,Sell,235633045
2024-08-29 09:39:09,19450.0,1000,Sell,235633044
2024-08-29 09:39:09,19450.0,1800,Sell,235633042
2024-08-29 09:39:09,19450.0,100,Sell,235633040
2024-08-29 09:39:09,19450.0,100,Sell,235633043
2024-08-29 09:39:09,19450.0,100,Sell,235633041
2024-08-29 09:39:35,19450.0,200,Sell,235633516
2024-08-29 09:40:02,19450.0,100,Sell,235634110
2024-08-29 09:40:43,19450.0,2400,Sell,235635213
2024-08-29 09:40:43,19450.0,400,Sell,235635205
2024-08-29 09:40:43,19450.0,500,Sell,235635206
2024-08-29 09:40:43,19450.0,200,Sell,235635207
2024-08-29 09:40:43,19450.0,100,Sell,235635208
2024-08-29 09:40:43,19450.0,100,Sell,235635209
2024-08-29 09:40:43,19450.0,100,Sell,235635210
2024-08-29 09:40:43,19450.0,100,Sell,235635211
2024-08-29 09:40:43,19450.0,100,Sell,235635212
2024-08-29 09:40:54,19450.0,300,Sell,235635492
2024-08-29 09:40:54,19450.0,1600,Sell,235635487
2024-08-29 09:40:54,19450.0,100,Sell,235635491
2024-08-29 09:40:58,19450.0,300,Sell,235635561
2024-08-29 09:40:58,19450.0,900,Sell,235635562
2024-08-29 09:40:58,19450.0,400,Sell,235635560
2024-08-29 09:41:05,19500.0,1800,Buy,235635750
2024-08-29 09:41:05,19500.0,5600,Buy,235635767
2024-08-29 09:41:05,19500.0,2600,Buy,235635768
2024-08-29 09:41:06,19450.0,100,Sell,235635801
2024-08-29 09:41:06,19450.0,100,Sell,235635802
2024-08-29 09:41:06,19450.0,300,Sell,235635803
2024-08-29 09:41:09,19500.0,1800,Buy,235635848
2024-08-29 09:41:09,19500.0,5000,Buy,235635849
2024-08-29 09:41:09,19500.0,3200,Buy,235635850
2024-08-29 09:41:20,19500.0,5000,Buy,235636166
2024-08-29 09:41:21,19500.0,2000,Buy,235636192
2024-08-29 09:41:23,19500.0,9100,Buy,235636237
2024-08-29 09:41:23,19500.0,500,Buy,235636239
2024-08-29 09:41:23,19500.0,100,Buy,235636238
2024-08-29 09:41:23,19500.0,100,Buy,235636229
2024-08-29 09:41:23,19500.0,900,Buy,235636230
2024-08-29 09:41:29,19500.0,10300,Sell,235636534
2024-08-29 09:41:41,19500.0,100,Buy,235636759
2024-08-29 09:41:54,19500.0,9600,Buy,235637063
2024-08-29 09:41:54,19500.0,400,Buy,235637064
2024-08-29 09:42:03,19500.0,100,Buy,235637258
2024-08-29 09:42:04,19500.0,100,Buy,235637290
2024-08-29 09:42:07,19500.0,400,Buy,235637356
2024-08-29 09:42:09,19500.0,600,Sell,235637387
2024-08-29 09:42:09,19500.0,100,Sell,235637388
2024-08-29 09:42:18,19500.0,100,Buy,235637525
2024-08-29 09:42:20,19500.0,300,Buy,235637551
2024-08-29 09:42:20,19500.0,700,Buy,235637552
2024-08-29 09:42:24,19500.0,100,Buy,235637665
2024-08-29 09:42:31,19500.0,200,Buy,235637822
2024-08-29 09:42:31,19500.0,800,Buy,235637823
2024-08-29 09:42:42,19500.0,200,Buy,235638160
2024-08-29 09:42:53,19500.0,9800,Sell,235638678
2024-08-29 09:42:53,19500.0,200,Sell,235638677
2024-08-29 09:42:57,19500.0,300,Sell,235638880
2024-08-29 09:42:57,19500.0,200,Sell,235638878
2024-08-29 09:42:57,19500.0,100,Sell,235638879
2024-08-29 09:43:07,19500.0,600,Buy,235639254
2024-08-29 09:43:07,19500.0,1000,Buy,235639255
2024-08-29 09:43:32,19500.0,400,Sell,235640073
2024-08-29 09:43:56,19500.0,8000,Sell,235640915
2024-08-29 09:43:56,19500.0,100,Sell,235640916
2024-08-29 09:43:56,19500.0,100,Sell,235640917
2024-08-29 09:43:56,19500.0,1400,Sell,235640918
2024-08-29 09:43:56,19500.0,100,Sell,235640919
2024-08-29 09:43:56,19500.0,200,Sell,235640920
2024-08-29 09:43:56,19500.0,300,Sell,235640921
2024-08-29 09:43:56,19500.0,1000,Sell,235640922
2024-08-29 09:43:56,19500.0,1800,Sell,235640923
2024-08-29 09:43:56,19500.0,2500,Sell,235640924
2024-08-29 09:43:58,19500.0,6000,Sell,235641009
2024-08-29 09:44:07,19500.0,10000,Sell,235641287
2024-08-29 09:44:17,19500.0,1000,Sell,235641488
2024-08-29 09:44:17,19500.0,1000,Sell,235641487
2024-08-29 09:44:17,19500.0,1000,Sell,235641485
2024-08-29 09:44:17,19500.0,500,Sell,235641486
2024-08-29 09:44:17,19500.0,6500,Sell,235641484
2024-08-29 09:44:21,19500.0,5600,Sell,235641627
2024-08-29 09:44:21,19500.0,3400,Sell,235641628
2024-08-29 09:44:21,19500.0,100,Sell,235641629
2024-08-29 09:44:21,19500.0,900,Sell,235641630
2024-08-29 09:44:30,19500.0,1500,Sell,235641842
2024-08-29 09:44:45,19500.0,100,Sell,235642291
2024-08-29 09:44:48,19550.0,2600,Buy,235642418
2024-08-29 09:44:48,19550.0,5600,Buy,235642411
2024-08-29 09:44:48,19550.0,4400,Buy,235642412
2024-08-29 09:44:48,19550.0,1000,Buy,235642413
2024-08-29 09:44:48,19550.0,700,Buy,235642414
2024-08-29 09:44:48,19550.0,180000,Buy,235642415
2024-08-29 09:44:48,19550.0,900,Buy,235642416
2024-08-29 09:44:48,19550.0,100,Buy,235642417
2024-08-29 09:44:48,19550.0,4700,Buy,235642410
2024-08-29 09:44:54,19550.0,6300,Buy,235642640
2024-08-29 09:44:54,19550.0,3700,Buy,235642641
2024-08-29 09:44:55,19550.0,500,Buy,235642700
2024-08-29 09:44:56,19550.0,6900,Buy,235642721
2024-08-29 09:44:56,19550.0,1200,Buy,235642722
2024-08-29 09:44:59,19550.0,1900,Sell,235642807
2024-08-29 09:44:59,19550.0,100,Sell,235642808
2024-08-29 09:45:01,19550.0,100,Buy,235642841
2024-08-29 09:45:09,19550.0,300,Buy,235643074
2024-08-29 09:45:17,19500.0,5200,Sell,235643306
2024-08-29 09:45:39,19550.0,500,Sell,235643956
2024-08-29 09:45:39,19550.0,100,Sell,235643957
2024-08-29 09:45:43,19600.0,200,Buy,235644071
2024-08-29 09:46:04,19550.0,500,Sell,235644629
2024-08-29 09:46:04,19550.0,2300,Sell,235644630
2024-08-29 09:46:04,19550.0,2200,Sell,235644631
2024-08-29 09:46:12,19550.0,1000,Sell,235644841
2024-08-29 09:46:12,19550.0,300,Sell,235644842
2024-08-29 09:46:12,19550.0,2900,Sell,235644839
2024-08-29 09:46:12,19550.0,500,Sell,235644838
2024-08-29 09:46:12,19550.0,100,Sell,235644840
2024-08-29 09:46:36,19550.0,900,Sell,235645415
2024-08-29 09:46:41,19550.0,100,Sell,235645525
2024-08-29 09:46:49,19550.0,7500,Sell,235645698
2024-08-29 09:46:58,19550.0,10000,Sell,235645893
2024-08-29 09:47:43,19550.0,500,Sell,235646940
2024-08-29 09:48:40,19550.0,900,Sell,235648227
2024-08-29 09:48:40,19550.0,2000,Sell,235648226
2024-08-29 09:48:40,19550.0,200,Sell,235648224
2024-08-29 09:48:40,19550.0,700,Sell,235648223
2024-08-29 09:48:40,19550.0,1000,Sell,235648225
2024-08-29 09:48:53,19600.0,300,Buy,235648575
2024-08-29 09:48:53,19600.0,200,Buy,235648576
2024-08-29 09:49:26,19600.0,500,Buy,235649406
2024-08-29 09:49:35,19550.0,100,Sell,235649603
2024-08-29 09:49:35,19550.0,600,Sell,235649604
2024-08-29 09:49:59,19550.0,400,Sell,235650146
2024-08-29 09:49:59,19550.0,300,Sell,235650147
2024-08-29 09:50:08,19550.0,8000,Sell,235650351
2024-08-29 09:50:08,19550.0,1000,Sell,235650349
2024-08-29 09:50:08,19550.0,200,Sell,235650346
2024-08-29 09:50:08,19550.0,800,Sell,235650350
2024-08-29 09:50:51,19550.0,700,Sell,235651422
2024-08-29 09:50:51,19550.0,300,Sell,235651423
2024-08-29 09:50:51,19550.0,200,Sell,235651424
2024-08-29 09:50:51,19550.0,2500,Sell,235651425
2024-08-29 09:50:51,19550.0,600,Sell,235651426
2024-08-29 09:50:51,19550.0,1200,Sell,235651427
2024-08-29 09:50:54,19550.0,100,Sell,235651505
2024-08-29 09:50:54,19550.0,600,Sell,235651504
2024-08-29 09:50:54,19550.0,200,Sell,235651503
2024-08-29 09:50:54,19550.0,100,Sell,235651502
2024-08-29 09:50:54,19550.0,5000,Sell,235651501
2024-08-29 09:50:54,19550.0,100,Sell,235651498
2024-08-29 09:50:54,19550.0,200,Sell,235651499
2024-08-29 09:50:54,19550.0,10000,Sell,235651497
2024-08-29 09:50:54,19550.0,300,Sell,235651496
2024-08-29 09:50:54,19550.0,10000,Sell,235651495
2024-08-29 09:50:54,19550.0,12800,Sell,235651494
2024-08-29 09:50:54,19550.0,200,Sell,235651500
2024-08-29 09:51:04,19500.0,500,Sell,235651674
2024-08-29 09:51:13,19500.0,900,Sell,235651823
2024-08-29 09:51:13,19500.0,3200,Sell,235651824
2024-08-29 09:51:13,19500.0,1000,Sell,235651822
2024-08-29 09:51:13,19500.0,1800,Sell,235651818
2024-08-29 09:51:13,19500.0,1000,Sell,235651820
2024-08-29 09:51:13,19500.0,10000,Sell,235651819
2024-08-29 09:51:13,19500.0,100,Sell,235651821
2024-08-29 09:51:35,19500.0,1800,Sell,235652274
2024-08-29 09:51:35,19500.0,900,Sell,235652275
2024-08-29 09:51:35,19500.0,200,Sell,235652276
2024-08-29 09:51:35,19500.0,3800,Sell,235652277
2024-08-29 09:51:35,19500.0,2000,Sell,235652278
2024-08-29 09:51:35,19500.0,200,Sell,235652279
2024-08-29 09:51:35,19500.0,1100,Sell,235652280
2024-08-29 09:51:44,19500.0,6300,Sell,235652456
2024-08-29 09:51:44,19500.0,100,Sell,235652455
2024-08-29 09:51:44,19500.0,1400,Sell,235652454
2024-08-29 09:51:44,19500.0,1000,Sell,235652452
2024-08-29 09:51:44,19500.0,1000,Sell,235652453
2024-08-29 09:51:44,19500.0,2400,Sell,235652451
2024-08-29 09:51:44,19500.0,1000,Sell,235652446
2024-08-29 09:51:44,19500.0,100,Sell,235652449
2024-08-29 09:51:44,19500.0,100,Sell,235652448
2024-08-29 09:51:44,19500.0,900,Sell,235652447
2024-08-29 09:51:44,19500.0,100,Sell,235652445
2024-08-29 09:51:44,19500.0,1000,Sell,235652444
2024-08-29 09:51:44,19500.0,900,Sell,235652443
2024-08-29 09:51:44,19500.0,500,Sell,235652450
2024-08-29 09:51:50,19500.0,1700,Sell,235652585
2024-08-29 09:51:50,19500.0,500,Sell,235652586
2024-08-29 09:51:50,19500.0,500,Sell,235652587
2024-08-29 09:51:55,19500.0,400,Buy,235652694
2024-08-29 09:52:10,19500.0,300,Buy,235652973
2024-08-29 09:52:11,19500.0,5500,Buy,235652990
2024-08-29 09:52:14,19500.0,100,Buy,235653022
2024-08-29 09:52:15,19500.0,700,Buy,235653054
2024-08-29 09:52:15,19500.0,700,Buy,235653053
2024-08-29 09:52:15,19500.0,5600,Buy,235653051
2024-08-29 09:52:15,19500.0,1000,Buy,235653050
2024-08-29 09:52:15,19500.0,4400,Buy,235653052
2024-08-29 09:52:19,19500.0,100,Sell,235653162
2024-08-29 09:52:30,19500.0,3000,Sell,235653309
2024-08-29 09:52:37,19500.0,1000,Buy,235653511
2024-08-29 09:52:37,19500.0,100,Sell,235653487
2024-08-29 09:52:37,19500.0,200,Sell,235653488
2024-08-29 09:52:37,19500.0,600,Sell,235653485
2024-08-29 09:52:37,19500.0,1400,Sell,235653484
2024-08-29 09:52:37,19500.0,100,Sell,235653486
2024-08-29 09:52:58,19500.0,500,Buy,235653961
2024-08-29 09:53:05,19500.0,200,Buy,235654159
2024-08-29 09:53:07,19500.0,1500,Buy,235654236
2024-08-29 09:53:07,19500.0,3500,Buy,235654237
2024-08-29 09:53:18,19450.0,100,Sell,235654409
2024-08-29 09:53:40,19500.0,700,Buy,235654938
2024-08-29 09:53:40,19500.0,2700,Buy,235654939
2024-08-29 09:53:40,19500.0,1100,Buy,235654931
2024-08-29 09:53:40,19500.0,900,Buy,235654930
2024-08-29 09:53:40,19500.0,1900,Buy,235654937
2024-08-29 09:54:01,19500.0,900,Buy,235655396
2024-08-29 09:54:13,19500.0,500,Buy,235655598
2024-08-29 09:54:20,19500.0,500,Buy,235655783
2024-08-29 09:54:22,19500.0,200,Buy,235655831
2024-08-29 09:54:41,19500.0,1000,Buy,235656208
2024-08-29 09:54:42,19500.0,600,Buy,235656231
2024-08-29 09:54:51,19500.0,100,Buy,235656556
2024-08-29 09:54:56,19500.0,100,Buy,235656604
2024-08-29 09:55:44,19500.0,300,Buy,235657538
2024-08-29 09:56:03,19500.0,500,Buy,235657916
2024-08-29 09:56:03,19500.0,700,Buy,235657921
2024-08-29 09:56:03,19500.0,1000,Buy,235657920
2024-08-29 09:56:03,19500.0,700,Buy,235657919
2024-08-29 09:56:03,19500.0,3000,Buy,235657917
2024-08-29 09:56:03,19500.0,100,Buy,235657915
2024-08-29 09:56:03,19500.0,4700,Buy,235657918
2024-08-29 09:56:03,19500.0,1200,Buy,235657913
2024-08-29 09:56:03,19500.0,500,Buy,235657912
2024-08-29 09:56:03,19500.0,3100,Buy,235657908
2024-08-29 09:56:03,19500.0,700,Buy,235657911
2024-08-29 09:56:03,19500.0,500,Buy,235657910
2024-08-29 09:56:03,19500.0,10000,Buy,235657909
2024-08-29 09:56:03,19500.0,700,Buy,235657914
2024-08-29 09:56:11,19500.0,1800,Sell,235658101
2024-08-29 09:56:44,19500.0,200,Sell,235658691
2024-08-29 09:57:37,19500.0,7000,Sell,235659655
2024-08-29 09:57:43,19550.0,500,Buy,235659713
2024-08-29 09:58:08,19550.0,200,Buy,235660156
2024-08-29 09:59:31,19550.0,28000,Buy,235661534
2024-08-29 09:59:31,19550.0,4400,Buy,235661533
2024-08-29 09:59:31,19550.0,5600,Buy,235661532
2024-08-29 09:59:31,19550.0,5600,Buy,235661529
2024-08-29 09:59:31,19550.0,4400,Buy,235661530
2024-08-29 09:59:31,19550.0,7300,Buy,235661528
2024-08-29 09:59:31,19550.0,700,Buy,235661531
2024-08-29 09:59:42,19550.0,100,Buy,235661699
2024-08-29 09:59:48,19500.0,1400,Sell,235661825
2024-08-29 09:59:51,19550.0,200,Buy,235661922
2024-08-29 09:59:51,19550.0,2000,Buy,235661925
2024-08-29 09:59:51,19550.0,1000,Buy,235661924
2024-08-29 09:59:51,19550.0,800,Buy,235661921
2024-08-29 09:59:51,19550.0,6900,Buy,235661916
2024-08-29 09:59:51,19550.0,700,Buy,235661919
2024-08-29 09:59:51,19550.0,5000,Buy,235661917
2024-08-29 09:59:51,19550.0,10000,Buy,235661920
2024-08-29 09:59:51,19550.0,400,Buy,235661918
2024-08-29 09:59:57,19550.0,5000,Sell,235662005
2024-08-29 10:00:04,19550.0,4600,Sell,235662110
2024-08-29 10:00:27,19550.0,1400,Sell,235662534
2024-08-29 10:00:50,19550.0,10000,Sell,235662869
2024-08-29 10:01:46,19550.0,2000,Sell,235663772
2024-08-29 10:01:46,19550.0,400,Sell,235663774
2024-08-29 10:01:46,19550.0,100,Sell,235663773
2024-08-29 10:01:57,19550.0,100,Sell,235663928
2024-08-29 10:02:01,19550.0,5600,Sell,235663977
2024-08-29 10:02:01,19550.0,4400,Sell,235663980
2024-08-29 10:02:12,19550.0,11000,Sell,235664163
2024-08-29 10:02:52,19550.0,1400,Sell,235664892
2024-08-29 10:02:54,19550.0,3900,Sell,235664932
2024-08-29 10:02:54,19550.0,200,Sell,235664931
2024-08-29 10:02:54,19550.0,1100,Sell,235664930
2024-08-29 10:03:02,19550.0,1100,Sell,235665062
2024-08-29 10:03:02,19550.0,300,Sell,235665063
2024-08-29 10:03:02,19550.0,10000,Sell,235665064
2024-08-29 10:03:32,19550.0,2000,Buy,235665481
2024-08-29 10:03:46,19550.0,100,Buy,235665740
2024-08-29 10:04:00,19550.0,10000,Buy,235666061
2024-08-29 10:04:04,19550.0,100,Buy,235666106
2024-08-29 10:04:18,19550.0,6400,Buy,235666400
2024-08-29 10:04:18,19550.0,5600,Buy,235666401
2024-08-29 10:04:18,19550.0,4400,Buy,235666402
2024-08-29 10:04:18,19550.0,600,Buy,235666403
2024-08-29 10:04:33,19550.0,1000,Buy,235666672
2024-08-29 10:04:41,19550.0,700,Sell,235666839
2024-08-29 10:05:28,19550.0,100,Sell,235667909
2024-08-29 10:05:28,19550.0,100,Sell,235667908
2024-08-29 10:05:28,19550.0,100,Sell,235667907
2024-08-29 10:05:28,19550.0,1900,Sell,235667906
2024-08-29 10:05:28,19550.0,200,Sell,235667905
2024-08-29 10:05:28,19550.0,300,Sell,235667904
2024-08-29 10:05:46,19550.0,200,Buy,235668147
2024-08-29 10:05:51,19550.0,100,Buy,235668266
2024-08-29 10:05:55,19550.0,3000,Buy,235668324
2024-08-29 10:06:01,19550.0,1000,Buy,235668416
2024-08-29 10:06:06,19500.0,5000,Sell,235668537
2024-08-29 10:06:26,19550.0,12500,Buy,235668869
2024-08-29 10:06:26,19550.0,3500,Buy,235668870
2024-08-29 10:07:04,19550.0,1000,Buy,235669921
2024-08-29 10:07:14,19500.0,1900,Sell,235670099
2024-08-29 10:07:58,19550.0,100,Buy,235670897
2024-08-29 10:08:26,19500.0,1000,Sell,235671424
2024-08-29 10:08:38,19550.0,400,Buy,235671568
2024-08-29 10:08:38,19550.0,100,Buy,235671569
2024-08-29 10:08:38,19550.0,1400,Buy,235671570
2024-08-29 10:08:38,19550.0,400,Buy,235671571
2024-08-29 10:08:38,19550.0,1600,Buy,235671572
2024-08-29 10:08:40,19550.0,100,Sell,235671591
2024-08-29 10:09:12,19550.0,1800,Sell,235672222
2024-08-29 10:09:19,19550.0,48200,Sell,235672357
2024-08-29 10:09:19,19600.0,100,Buy,235672372
2024-08-29 10:09:27,19550.0,200,Sell,235672517
2024-08-29 10:09:40,19550.0,3200,Sell,235672865
2024-08-29 10:09:55,19550.0,4400,Sell,235673187
2024-08-29 10:09:55,19550.0,5600,Sell,235673186
2024-08-29 10:10:26,19550.0,3200,Sell,235674030
2024-08-29 10:10:32,19550.0,1400,Sell,235674302
2024-08-29 10:10:59,19550.0,1600,Sell,235674829
2024-08-29 10:10:59,19550.0,4700,Sell,235674850
2024-08-29 10:11:25,19550.0,1400,Sell,235675426
2024-08-29 10:11:35,19550.0,500,Sell,235675642
2024-08-29 10:11:39,19550.0,4700,Sell,235675684
2024-08-29 10:11:40,19550.0,100,Sell,235675713
2024-08-29 10:12:00,19550.0,1600,Sell,235676127
2024-08-29 10:12:00,19550.0,200,Sell,235676126
2024-08-29 10:12:00,19550.0,100,Sell,235676125
2024-08-29 10:12:00,19550.0,500,Sell,235676124
2024-08-29 10:12:00,19550.0,1000,Sell,235676123
2024-08-29 10:12:00,19550.0,15000,Sell,235676122
2024-08-29 10:12:00,19550.0,8000,Sell,235676120
2024-08-29 10:12:00,19550.0,15000,Sell,235676115
2024-08-29 10:12:00,19550.0,300,Sell,235676116
2024-08-29 10:12:00,19550.0,200,Sell,235676121
2024-08-29 10:12:00,19550.0,5000,Sell,235676118
2024-08-29 10:12:00,19550.0,3000,Sell,235676119
2024-08-29 10:12:00,19550.0,100,Sell,235676117
2024-08-29 10:12:02,19550.0,5600,Sell,235676173
2024-08-29 10:12:02,19550.0,2800,Sell,235676178
2024-08-29 10:12:21,19550.0,100,Buy,235676608
2024-08-29 10:12:28,19550.0,200,Buy,235676705
2024-08-29 10:12:44,19550.0,1300,Buy,235676974
2024-08-29 10:12:44,19550.0,8700,Buy,235676975
2024-08-29 10:12:46,19600.0,6200,Buy,235677064
2024-08-29 10:12:46,19600.0,1000,Buy,235677063
2024-08-29 10:12:46,19600.0,100,Buy,235677062
2024-08-29 10:12:46,19600.0,2000,Buy,235677061
2024-08-29 10:12:46,19600.0,2200,Buy,235677060
2024-08-29 10:12:46,19600.0,100,Buy,235677059
2024-08-29 10:12:46,19600.0,1000,Buy,235677058
2024-08-29 10:12:46,19600.0,4400,Buy,235677056
2024-08-29 10:12:46,19600.0,5600,Buy,235677055
2024-08-29 10:12:46,19600.0,5600,Buy,235677053
2024-08-29 10:12:46,19600.0,5000,Buy,235677052
2024-08-29 10:12:46,19600.0,4000,Buy,235677051
2024-08-29 10:12:46,19550.0,2300,Buy,235677050
2024-08-29 10:12:46,19550.0,1300,Buy,235677049
2024-08-29 10:12:46,19600.0,4800,Buy,235677057
2024-08-29 10:12:46,19600.0,4400,Buy,235677054
2024-08-29 10:12:50,19500.0,3800,Sell,235677124
2024-08-29 10:13:10,19550.0,1000,Sell,235677445
2024-08-29 10:13:22,19550.0,100,Buy,235677720
2024-08-29 10:13:25,19550.0,200,Buy,235677764
2024-08-29 10:13:30,19500.0,400,Sell,235677854
2024-08-29 10:13:32,19550.0,200,Buy,235677880
2024-08-29 10:13:39,19550.0,100,Buy,235678047
2024-08-29 10:13:58,19550.0,1000,Buy,235678307
2024-08-29 10:14:07,19550.0,1200,Buy,235678464
2024-08-29 10:14:08,19550.0,100,Sell,235678496
2024-08-29 10:14:17,19550.0,100,Sell,235678630
2024-08-29 10:15:38,19550.0,1000,Sell,235679969
2024-08-29 10:16:09,19550.0,1400,Sell,235680484
2024-08-29 10:16:11,19600.0,200,Buy,235680521
2024-08-29 10:17:19,19600.0,2000,Buy,235681478
2024-08-29 10:18:05,19600.0,100,Buy,235682310
2024-08-29 10:18:44,19550.0,500,Sell,235682955
2024-08-29 10:18:51,19550.0,2000,Sell,235683094
2024-08-29 10:18:55,19550.0,100,Sell,235683194
2024-08-29 10:19:36,19550.0,4700,Sell,235683943
2024-08-29 10:19:41,19550.0,2000,Sell,235683995
2024-08-29 10:19:41,19550.0,8000,Sell,235683996
2024-08-29 10:19:43,19550.0,1400,Sell,235684033
2024-08-29 10:19:44,19550.0,5300,Sell,235684048
2024-08-29 10:19:44,19550.0,1000,Sell,235684047
2024-08-29 10:19:44,19550.0,1000,Sell,235684046
2024-08-29 10:19:44,19550.0,100,Sell,235684045
2024-08-29 10:19:44,19550.0,600,Sell,235684044
2024-08-29 10:19:53,19550.0,2700,Sell,235684159
2024-08-29 10:19:53,19550.0,100,Sell,235684160
2024-08-29 10:19:53,19550.0,900,Sell,235684161
2024-08-29 10:19:53,19550.0,100,Sell,235684162
2024-08-29 10:19:53,19550.0,1000,Sell,235684163
2024-08-29 10:19:53,19550.0,200,Sell,235684164
2024-08-29 10:20:29,19550.0,300,Sell,235684765
2024-08-29 10:21:45,19550.0,100,Buy,235686192
2024-08-29 10:21:50,19500.0,100,Sell,235686284
2024-08-29 10:21:50,19500.0,600,Sell,235686285
2024-08-29 10:23:01,19550.0,9000,Buy,235687602
2024-08-29 10:23:01,19550.0,5100,Buy,235687600
2024-08-29 10:23:01,19550.0,4700,Buy,235687599
2024-08-29 10:23:01,19550.0,1400,Buy,235687601
2024-08-29 10:23:01,19550.0,10000,Buy,235687597
2024-08-29 10:23:01,19550.0,4400,Buy,235687596
2024-08-29 10:23:01,19550.0,5200,Buy,235687595
2024-08-29 10:23:01,19550.0,1400,Buy,235687598
2024-08-29 10:23:11,19550.0,1900,Sell,235687746
2024-08-29 10:23:13,19550.0,700,Sell,235687760
2024-08-29 10:23:41,19550.0,200,Sell,235688117
2024-08-29 10:24:35,19550.0,1000,Sell,235688917
2024-08-29 10:25:10,19550.0,700,Sell,235689438
2024-08-29 10:25:24,19550.0,500,Sell,235689624
2024-08-29 10:26:52,19550.0,700,Sell,235690983
2024-08-29 10:27:02,19600.0,200,Buy,235691121
2024-08-29 10:27:24,19600.0,200,Buy,235691487
2024-08-29 10:27:26,19600.0,1100,Buy,235691547
2024-08-29 10:27:26,19600.0,500,Buy,235691548
2024-08-29 10:27:50,19600.0,2000,Buy,235691940
2024-08-29 10:27:51,19600.0,2000,Buy,235691945
2024-08-29 10:27:51,19600.0,300,Buy,235691947
2024-08-29 10:27:51,19600.0,700,Buy,235691948
2024-08-29 10:27:58,19600.0,300,Buy,235692095
2024-08-29 10:27:58,19600.0,100,Buy,235692096
2024-08-29 10:27:58,19600.0,300,Buy,235692094
2024-08-29 10:27:58,19600.0,700,Buy,235692083
2024-08-29 10:27:58,19600.0,200,Buy,235692092
2024-08-29 10:27:58,19600.0,100,Buy,235692085
2024-08-29 10:27:58,19600.0,200,Buy,235692084
2024-08-29 10:27:58,19600.0,200,Buy,235692093
2024-08-29 10:27:59,19600.0,500,Buy,235692122
2024-08-29 10:27:59,19600.0,1000,Buy,235692131
2024-08-29 10:27:59,19600.0,10000,Buy,235692129
2024-08-29 10:27:59,19600.0,10000,Buy,235692128
2024-08-29 10:27:59,19600.0,4400,Buy,235692127
2024-08-29 10:27:59,19600.0,5600,Buy,235692126
2024-08-29 10:27:59,19600.0,10000,Buy,235692125
2024-08-29 10:27:59,19600.0,34800,Buy,235692124
2024-08-29 10:27:59,19600.0,400,Buy,235692123
2024-08-29 10:27:59,19600.0,10000,Buy,235692121
2024-08-29 10:27:59,19600.0,100,Buy,235692130
2024-08-29 10:27:59,19600.0,2000,Buy,235692119
2024-08-29 10:27:59,19600.0,100,Buy,235692111
2024-08-29 10:27:59,19600.0,300,Buy,235692110
2024-08-29 10:27:59,19600.0,100,Buy,235692112
2024-08-29 10:27:59,19600.0,300,Buy,235692113
2024-08-29 10:27:59,19600.0,500,Buy,235692120
2024-08-29 10:27:59,19600.0,1400,Buy,235692115
2024-08-29 10:27:59,19600.0,3000,Buy,235692116
2024-08-29 10:27:59,19600.0,100,Buy,235692117
2024-08-29 10:27:59,19600.0,200,Buy,235692118
2024-08-29 10:27:59,19600.0,2000,Buy,235692114
2024-08-29 10:28:07,19600.0,3200,Sell,235692233
2024-08-29 10:28:07,19600.0,1000,Sell,235692234
2024-08-29 10:28:07,19600.0,1000,Sell,235692235
2024-08-29 10:28:08,19600.0,3000,Buy,235692251
2024-08-29 10:28:11,19600.0,1000,Buy,235692290
2024-08-29 10:28:11,19600.0,800,Buy,235692291
2024-08-29 10:28:12,19600.0,200,Sell,235692296
2024-08-29 10:28:12,19600.0,1300,Buy,235692299
2024-08-29 10:28:13,19600.0,5000,Buy,235692314
2024-08-29 10:28:14,19600.0,1200,Buy,235692346
2024-08-29 10:28:21,19600.0,500,Buy,235692426
2024-08-29 10:28:23,19600.0,1800,Buy,235692454
2024-08-29 10:28:23,19600.0,1500,Buy,235692455
2024-08-29 10:28:29,19600.0,100,Buy,235692522
2024-08-29 10:28:30,19600.0,200,Buy,235692533
2024-08-29 10:28:33,19600.0,400,Buy,235692577
2024-08-29 10:28:33,19600.0,200,Buy,235692576
2024-08-29 10:28:33,19600.0,8200,Buy,235692575
2024-08-29 10:28:36,19600.0,500,Sell,235692606
2024-08-29 10:29:29,19600.0,700,Sell,235693295
2024-08-29 10:29:29,19600.0,200,Sell,235693296
2024-08-29 10:29:29,19600.0,6900,Sell,235693297
2024-08-29 10:29:31,19600.0,300,Sell,235693327
2024-08-29 10:29:47,19650.0,200,Buy,235693575
2024-08-29 10:30:03,19650.0,1000,Buy,235693789
2024-08-29 10:30:07,19650.0,3700,Buy,235693854
2024-08-29 10:30:07,19650.0,1300,Buy,235693852
2024-08-29 10:30:07,19650.0,5000,Buy,235693853
2024-08-29 10:30:13,19600.0,700,Sell,235693904
2024-08-29 10:30:38,19650.0,1000,Buy,235694335
2024-08-29 10:31:07,19600.0,2700,Sell,235694686
2024-08-29 10:31:07,19600.0,600,Sell,235694690
2024-08-29 10:31:07,19600.0,1100,Sell,235694689
2024-08-29 10:31:07,19600.0,1000,Sell,235694688
2024-08-29 10:31:07,19600.0,2000,Sell,235694687
2024-08-29 10:31:07,19600.0,5000,Sell,235694685
2024-08-29 10:31:07,19600.0,500,Sell,235694680
2024-08-29 10:31:07,19600.0,2000,Sell,235694683
2024-08-29 10:31:07,19600.0,2000,Sell,235694684
2024-08-29 10:31:07,19600.0,5000,Sell,235694678
2024-08-29 10:31:07,19600.0,2100,Sell,235694677
2024-08-29 10:31:07,19600.0,1000,Sell,235694681
2024-08-29 10:31:07,19600.0,5000,Sell,235694679
2024-08-29 10:31:07,19600.0,2000,Sell,235694682
2024-08-29 10:31:08,19650.0,100,Buy,235694710
2024-08-29 10:31:18,19600.0,400,Sell,235694852
2024-08-29 10:31:18,19600.0,2000,Sell,235694853
2024-08-29 10:31:18,19600.0,400,Sell,235694854
2024-08-29 10:31:18,19600.0,2200,Sell,235694856
2024-08-29 10:31:25,19650.0,600,Buy,235694940
2024-08-29 10:31:26,19550.0,1000,Sell,235694949
2024-08-29 10:31:26,19550.0,100,Sell,235694947
2024-08-29 10:31:26,19550.0,200,Sell,235694948
2024-08-29 10:31:26,19600.0,2000,Sell,235694945
2024-08-29 10:31:26,19600.0,3600,Sell,235694944
2024-08-29 10:31:26,19550.0,3100,Sell,235694946
2024-08-29 10:31:43,19650.0,2200,Buy,235695143
2024-08-29 10:31:46,19650.0,2100,Buy,235695190
2024-08-29 10:32:58,19650.0,300,Buy,235696295
2024-08-29 10:32:58,19650.0,700,Buy,235696296
2024-08-29 10:33:09,19650.0,500,Buy,235696466
2024-08-29 10:33:09,19650.0,500,Buy,235696467
2024-08-29 10:33:09,19650.0,500,Buy,235696469
2024-08-29 10:33:09,19650.0,500,Buy,235696470
2024-08-29 10:33:09,19650.0,200,Buy,235696471
2024-08-29 10:33:09,19650.0,500,Buy,235696472
2024-08-29 10:33:09,19650.0,100,Buy,235696473
2024-08-29 10:33:09,19650.0,2100,Buy,235696474
2024-08-29 10:33:09,19650.0,100,Buy,235696468
2024-08-29 10:33:14,19650.0,100,Buy,235696530
2024-08-29 10:33:19,19650.0,4500,Buy,235696619
2024-08-29 10:33:26,19650.0,1000,Buy,235696674
2024-08-29 10:33:28,19650.0,2300,Buy,235696724
2024-08-29 10:33:28,19650.0,7700,Buy,235696725
2024-08-29 10:33:30,19600.0,100,Sell,235696758
2024-08-29 10:33:31,19650.0,1000,Buy,235696782
2024-08-29 10:33:31,19650.0,2000,Buy,235696781
2024-08-29 10:33:31,19650.0,5000,Buy,235696780
2024-08-29 10:33:31,19650.0,100,Buy,235696779
2024-08-29 10:33:31,19650.0,100,Buy,235696778
2024-08-29 10:33:31,19650.0,100,Buy,235696777
2024-08-29 10:33:31,19650.0,100,Buy,235696776
2024-08-29 10:33:31,19650.0,700,Buy,235696775
2024-08-29 10:33:31,19650.0,11100,Buy,235696774
2024-08-29 10:33:31,19650.0,8900,Buy,235696773
2024-08-29 10:33:31,19650.0,100,Buy,235696772
2024-08-29 10:33:31,19650.0,1000,Buy,235696771
2024-08-29 10:33:31,19650.0,12300,Buy,235696770
2024-08-29 10:33:32,19700.0,100,Buy,235696796
2024-08-29 10:33:32,19700.0,100,Buy,235696795
2024-08-29 10:33:32,19700.0,100,Buy,235696797
2024-08-29 10:33:32,19700.0,700,Buy,235696793
2024-08-29 10:33:32,19700.0,2000,Buy,235696792
2024-08-29 10:33:32,19700.0,2000,Buy,235696794
2024-08-29 10:33:49,19700.0,3500,Buy,235697039
2024-08-29 10:34:09,19700.0,6400,Buy,235697250
2024-08-29 10:34:09,19700.0,23600,Buy,235697251
2024-08-29 10:34:09,19700.0,1000,Buy,235697253
2024-08-29 10:34:16,19700.0,400,Buy,235697349
2024-08-29 10:34:16,19700.0,100,Buy,235697350
2024-08-29 10:34:16,19700.0,500,Buy,235697351
2024-08-29 10:34:16,19700.0,5600,Buy,235697352
2024-08-29 10:34:16,19700.0,3400,Buy,235697353
2024-08-29 10:34:17,19700.0,1000,Buy,235697370
2024-08-29 10:34:19,19650.0,500,Sell,235697393
2024-08-29 10:34:49,19700.0,1100,Buy,235697729
2024-08-29 10:34:49,19700.0,500,Buy,235697728
2024-08-29 10:34:49,19700.0,100,Buy,235697727
2024-08-29 10:34:49,19700.0,100,Buy,235697726
2024-08-29 10:34:49,19700.0,100,Buy,235697725
2024-08-29 10:34:49,19700.0,100,Buy,235697724
2024-08-29 10:34:49,19700.0,500,Buy,235697721
2024-08-29 10:34:49,19700.0,100,Buy,235697723
2024-08-29 10:34:49,19700.0,200,Buy,235697722
2024-08-29 10:34:49,19700.0,2000,Buy,235697720
2024-08-29 10:34:49,19700.0,500,Buy,235697713
2024-08-29 10:34:49,19700.0,100,Buy,235697718
2024-08-29 10:34:49,19700.0,100,Buy,235697717
2024-08-29 10:34:49,19700.0,200,Buy,235697716
2024-08-29 10:34:49,19700.0,500,Buy,235697712
2024-08-29 10:34:49,19700.0,2000,Buy,235697711
2024-08-29 10:34:49,19700.0,100,Buy,235697710
2024-08-29 10:34:49,19700.0,100,Buy,235697709
2024-08-29 10:34:49,19700.0,100,Buy,235697708
2024-08-29 10:34:49,19700.0,1000,Buy,235697707
2024-08-29 10:34:49,19700.0,500,Buy,235697719
2024-08-29 10:34:56,19700.0,100,Buy,235697802
2024-08-29 10:35:00,19700.0,1000,Buy,235697852
2024-08-29 10:35:06,19700.0,100,Buy,235697928
2024-08-29 10:35:29,19700.0,3000,Buy,235698206
2024-08-29 10:35:29,19700.0,2000,Buy,235698205
2024-08-29 10:35:29,19700.0,5000,Buy,235698207
2024-08-29 10:35:29,19700.0,2000,Buy,235698203
2024-08-29 10:35:29,19700.0,700,Buy,235698202
2024-08-29 10:35:29,19700.0,4000,Buy,235698204
2024-08-29 10:35:44,19700.0,2000,Sell,235698376
2024-08-29 10:35:49,19700.0,1300,Sell,235698450
2024-08-29 10:35:49,19700.0,100,Sell,235698451
2024-08-29 10:35:49,19700.0,1400,Sell,235698452
2024-08-29 10:35:49,19700.0,200,Sell,235698453
2024-08-29 10:35:49,19700.0,2000,Sell,235698454
2024-08-29 10:35:57,19700.0,100,Sell,235698563
2024-08-29 10:35:58,19700.0,600,Buy,235698573
2024-08-29 10:35:58,19700.0,900,Sell,235698564
2024-08-29 10:35:58,19700.0,500,Sell,235698565
2024-08-29 10:36:44,19700.0,5000,Sell,235698988
2024-08-29 10:36:50,19700.0,5000,Sell,235699071
2024-08-29 10:37:38,19700.0,500,Sell,235699521
2024-08-29 10:37:43,19700.0,100,Sell,235699592
2024-08-29 10:37:45,19750.0,5000,Buy,235699633
2024-08-29 10:37:45,19750.0,2000,Buy,235699631
2024-08-29 10:37:45,19750.0,1000,Buy,235699634
2024-08-29 10:37:45,19750.0,500,Buy,235699629
2024-08-29 10:37:45,19750.0,500,Buy,235699630
2024-08-29 10:37:45,19750.0,2000,Buy,235699627
2024-08-29 10:37:45,19750.0,800,Buy,235699632
2024-08-29 10:37:45,19750.0,200,Buy,235699628
2024-08-29 10:38:42,19700.0,500,Sell,235700229
2024-08-29 10:39:01,19700.0,3000,Sell,235700449
2024-08-29 10:39:05,19700.0,20000,Sell,235700517
2024-08-29 10:39:10,19700.0,100,Sell,235700573
2024-08-29 10:39:18,19700.0,21500,Sell,235700691
2024-08-29 10:39:18,19700.0,100,Sell,235700692
2024-08-29 10:39:18,19700.0,1000,Sell,235700693
2024-08-29 10:39:18,19700.0,100,Sell,235700694
2024-08-29 10:39:18,19700.0,1100,Sell,235700696
2024-08-29 10:39:18,19700.0,200,Sell,235700695
2024-08-29 10:39:27,19700.0,500,Buy,235700788
2024-08-29 10:40:13,19650.0,8900,Sell,235701647
2024-08-29 10:40:13,19650.0,11100,Sell,235701648
2024-08-29 10:40:36,19700.0,500,Buy,235701895
2024-08-29 10:41:11,19650.0,100,Sell,235702310
2024-08-29 10:41:37,19650.0,5000,Sell,235702592
2024-08-29 10:41:47,19650.0,500,Sell,235702695
2024-08-29 10:42:55,19650.0,100,Sell,235703469
2024-08-29 10:43:18,19650.0,31300,Sell,235703752
2024-08-29 10:43:18,19650.0,10000,Sell,235703753
2024-08-29 10:43:18,19650.0,500,Sell,235703754
2024-08-29 10:43:18,19650.0,8200,Sell,235703755
2024-08-29 10:43:19,19650.0,1000,Sell,235703766
2024-08-29 10:43:24,19650.0,8900,Sell,235703805
2024-08-29 10:43:24,19650.0,11100,Sell,235703806
2024-08-29 10:43:45,19650.0,100,Sell,235704081
2024-08-29 10:43:45,19650.0,100,Sell,235704086
2024-08-29 10:43:46,19650.0,600,Sell,235704098
2024-08-29 10:43:46,19650.0,1600,Sell,235704101
2024-08-29 10:43:46,19650.0,100,Sell,235704100
2024-08-29 10:43:46,19650.0,100,Sell,235704099
2024-08-29 10:43:46,19650.0,1000,Sell,235704097
2024-08-29 10:43:46,19650.0,8000,Sell,235704094
2024-08-29 10:43:46,19650.0,100,Sell,235704095
2024-08-29 10:43:46,19650.0,600,Sell,235704091
2024-08-29 10:43:46,19650.0,1000,Sell,235704093
2024-08-29 10:43:46,19650.0,1000,Sell,235704092
2024-08-29 10:43:46,19650.0,100,Sell,235704096
2024-08-29 10:43:58,19600.0,4900,Sell,235704202
2024-08-29 10:43:58,19600.0,200,Sell,235704203
2024-08-29 10:43:58,19600.0,50000,Sell,235704204
2024-08-29 10:43:58,19600.0,20000,Sell,235704205
2024-08-29 10:43:58,19600.0,5000,Sell,235704206
2024-08-29 10:43:58,19600.0,1000,Sell,235704207
2024-08-29 10:43:58,19600.0,18900,Sell,235704208
2024-08-29 10:44:20,19600.0,25000,Sell,235704452
2024-08-29 10:44:30,19600.0,1000,Sell,235704601
2024-08-29 10:44:33,19600.0,1400,Sell,235704642
2024-08-29 10:44:33,19600.0,800,Sell,235704641
2024-08-29 10:44:33,19600.0,5600,Sell,235704638
2024-08-29 10:44:33,19600.0,2100,Sell,235704639
2024-08-29 10:44:33,19600.0,100,Sell,235704640
2024-08-29 10:44:38,19600.0,900,Sell,235704699
2024-08-29 10:44:47,19550.0,1600,Sell,235704777
2024-08-29 10:45:16,19550.0,200,Sell,235705074
2024-08-29 10:45:16,19550.0,9900,Sell,235705079
2024-08-29 10:45:16,19550.0,1000,Sell,235705078
2024-08-29 10:45:16,19550.0,2000,Sell,235705076
2024-08-29 10:45:16,19550.0,200,Sell,235705075
2024-08-29 10:45:16,19550.0,1800,Sell,235705073
2024-08-29 10:45:16,19550.0,1000,Sell,235705077
2024-08-29 10:45:16,19550.0,200,Sell,235705071
2024-08-29 10:45:16,19550.0,1000,Sell,235705067
2024-08-29 10:45:16,19550.0,200,Sell,235705068
2024-08-29 10:45:16,19550.0,1000,Sell,235705072
2024-08-29 10:45:16,19550.0,100,Sell,235705069
2024-08-29 10:45:16,19550.0,1000,Sell,235705070
2024-08-29 10:45:16,19550.0,400,Sell,235705066
2024-08-29 10:45:19,19550.0,100,Sell,235705121
2024-08-29 10:45:19,19550.0,1900,Sell,235705122
2024-08-29 10:45:20,19550.0,1000,Sell,235705141
2024-08-29 10:45:48,19550.0,100,Sell,235705434
2024-08-29 10:45:48,19550.0,20000,Sell,235705432
2024-08-29 10:45:48,19550.0,4400,Sell,235705430
2024-08-29 10:45:48,19550.0,1800,Sell,235705429
2024-08-29 10:45:48,19550.0,5000,Sell,235705433
2024-08-29 10:45:48,19550.0,2600,Sell,235705427
2024-08-29 10:45:48,19550.0,100,Sell,235705428
2024-08-29 10:45:48,19550.0,100,Sell,235705423
2024-08-29 10:45:48,19550.0,100,Sell,235705424
2024-08-29 10:45:48,19550.0,1000,Sell,235705431
2024-08-29 10:45:48,19550.0,200,Sell,235705426
2024-08-29 10:45:48,19550.0,500,Sell,235705425
2024-08-29 10:45:51,19550.0,100,Buy,235705479
2024-08-29 10:45:53,19550.0,500,Buy,235705504
2024-08-29 10:45:55,19550.0,100,Buy,235705522
2024-08-29 10:45:57,19550.0,5000,Buy,235705545
2024-08-29 10:46:03,19550.0,100,Buy,235705597
2024-08-29 10:46:12,19550.0,200,Buy,235705684
2024-08-29 10:46:32,19550.0,100,Buy,235705901
2024-08-29 10:46:46,19550.0,1000,Buy,235706025
2024-08-29 10:46:49,19550.0,1000,Buy,235706041
2024-08-29 10:46:56,19550.0,100,Buy,235706111
2024-08-29 10:46:57,19550.0,400,Buy,235706136
2024-08-29 10:48:08,19550.0,100,Buy,235706897
2024-08-29 10:48:10,19550.0,500,Buy,235706915
2024-08-29 10:48:19,19550.0,1700,Buy,235707029
2024-08-29 10:48:22,19500.0,300,Sell,235707134
2024-08-29 10:48:22,19500.0,1000,Sell,235707102
2024-08-29 10:48:22,19500.0,100,Sell,235707103
2024-08-29 10:48:22,19500.0,500,Sell,235707104
2024-08-29 10:48:22,19500.0,200,Sell,235707105
2024-08-29 10:48:22,19500.0,100,Sell,235707106
2024-08-29 10:48:22,19500.0,12000,Sell,235707107
2024-08-29 10:48:22,19500.0,500,Sell,235707108
2024-08-29 10:48:22,19500.0,500,Sell,235707109
2024-08-29 10:48:22,19500.0,3000,Sell,235707110
2024-08-29 10:48:22,19500.0,500,Sell,235707111
2024-08-29 10:48:22,19500.0,100,Sell,235707112
2024-08-29 10:48:22,19500.0,3000,Sell,235707113
2024-08-29 10:48:22,19500.0,300,Sell,235707114
2024-08-29 10:48:22,19500.0,500,Sell,235707115
2024-08-29 10:48:22,19500.0,100,Sell,235707116
2024-08-29 10:48:22,19500.0,100,Sell,235707117
2024-08-29 10:48:22,19500.0,1000,Sell,235707118
2024-08-29 10:48:22,19500.0,200,Sell,235707133
2024-08-29 10:48:22,19500.0,100,Sell,235707132
2024-08-29 10:48:22,19500.0,200,Sell,235707131
2024-08-29 10:48:22,19500.0,100,Sell,235707130
2024-08-29 10:48:22,19500.0,3000,Sell,235707129
2024-08-29 10:48:22,19500.0,2500,Sell,235707128
2024-08-29 10:48:22,19500.0,7100,Sell,235707135
2024-08-29 10:48:22,19500.0,6000,Sell,235707127
2024-08-29 10:48:22,19500.0,200,Sell,235707125
2024-08-29 10:48:22,19500.0,300,Sell,235707124
2024-08-29 10:48:22,19500.0,500,Sell,235707123
2024-08-29 10:48:22,19500.0,1000,Sell,235707101
2024-08-29 10:48:22,19500.0,100,Sell,235707121
2024-08-29 10:48:22,19500.0,1000,Sell,235707119
2024-08-29 10:48:22,19500.0,100,Sell,235707126
2024-08-29 10:48:22,19500.0,200,Sell,235707100
2024-08-29 10:48:22,19500.0,100,Sell,235707122
2024-08-29 10:48:22,19500.0,1000,Sell,235707098
2024-08-29 10:48:22,19500.0,2000,Sell,235707077
2024-08-29 10:48:22,19500.0,200,Sell,235707076
2024-08-29 10:48:22,19500.0,300,Sell,235707075
2024-08-29 10:48:22,19500.0,5000,Sell,235707074
2024-08-29 10:48:22,19500.0,500,Sell,235707073
2024-08-29 10:48:22,19500.0,1000,Sell,235707072
2024-08-29 10:48:22,19500.0,200,Sell,235707071
2024-08-29 10:48:22,19500.0,100,Sell,235707070
2024-08-29 10:48:22,19500.0,1000,Sell,235707069
2024-08-29 10:48:22,19500.0,100,Sell,235707068
2024-08-29 10:48:22,19500.0,400,Sell,235707067
2024-08-29 10:48:22,19500.0,3000,Sell,235707066
2024-08-29 10:48:22,19500.0,1300,Sell,235707065
2024-08-29 10:48:22,19500.0,1400,Sell,235707064
2024-08-29 10:48:22,19500.0,100,Sell,235707099
2024-08-29 10:48:22,19500.0,100,Sell,235707078
2024-08-29 10:48:22,19500.0,200,Sell,235707079
2024-08-29 10:48:22,19500.0,1500,Sell,235707120
2024-08-29 10:48:22,19500.0,100,Sell,235707081
2024-08-29 10:48:22,19500.0,10000,Sell,235707097
2024-08-29 10:48:22,19500.0,2000,Sell,235707095
2024-08-29 10:48:22,19500.0,100,Sell,235707094
2024-08-29 10:48:22,19500.0,300,Sell,235707093
2024-08-29 10:48:22,19500.0,300,Sell,235707092
2024-08-29 10:48:22,19500.0,100,Sell,235707091
2024-08-29 10:48:22,19500.0,500,Sell,235707090
2024-08-29 10:48:22,19500.0,3000,Sell,235707089
2024-08-29 10:48:22,19500.0,10200,Sell,235707096
2024-08-29 10:48:22,19500.0,3000,Sell,235707087
2024-08-29 10:48:22,19500.0,100,Sell,235707086
2024-08-29 10:48:22,19500.0,3000,Sell,235707085
2024-08-29 10:48:22,19500.0,200,Sell,235707084
2024-08-29 10:48:22,19500.0,200,Sell,235707083
2024-08-29 10:48:22,19500.0,100,Sell,235707082
2024-08-29 10:48:22,19500.0,200,Sell,235707080
2024-08-29 10:48:22,19500.0,700,Sell,235707088
2024-08-29 10:48:31,19500.0,2900,Sell,235707277
2024-08-29 10:48:31,19500.0,3200,Sell,235707278
2024-08-29 10:48:33,19500.0,1000,Sell,235707329
2024-08-29 10:48:45,19550.0,2800,Buy,235707495
2024-08-29 10:48:45,19550.0,4400,Buy,235707494
2024-08-29 10:48:45,19550.0,10000,Buy,235707492
2024-08-29 10:48:45,19550.0,13200,Buy,235707491
2024-08-29 10:48:45,19550.0,5600,Buy,235707493
2024-08-29 10:49:04,19550.0,500,Buy,235707748
2024-08-29 10:50:14,19550.0,3000,Buy,235708761
2024-08-29 10:50:14,19550.0,2000,Buy,235708762
2024-08-29 10:50:20,19500.0,100,Sell,235708847
2024-08-29 10:50:22,19500.0,2000,Sell,235708871
2024-08-29 10:50:22,19500.0,2500,Sell,235708872
2024-08-29 10:50:22,19500.0,100,Sell,235708870
2024-08-29 10:50:22,19500.0,200,Sell,235708869
2024-08-29 10:50:22,19500.0,200,Sell,235708868
2024-08-29 10:50:22,19500.0,100,Sell,235708867
2024-08-29 10:50:22,19500.0,100,Sell,235708866
2024-08-29 10:50:22,19500.0,900,Sell,235708865
2024-08-29 10:50:30,19550.0,1600,Buy,235709045
2024-08-29 10:50:31,19550.0,1600,Buy,235709080
2024-08-29 10:50:39,19500.0,5600,Sell,235709253
2024-08-29 10:50:39,19500.0,1900,Sell,235709254
2024-08-29 10:50:39,19500.0,100,Sell,235709255
2024-08-29 10:50:39,19500.0,500,Sell,235709256
2024-08-29 10:50:39,19500.0,500,Sell,235709257
2024-08-29 10:50:39,19500.0,1400,Sell,235709258
2024-08-29 10:50:53,19500.0,100,Sell,235709420
2024-08-29 10:50:53,19500.0,200,Sell,235709419
2024-08-29 10:50:53,19500.0,400,Sell,235709421
2024-08-29 10:50:53,19500.0,300,Sell,235709417
2024-08-29 10:50:53,19500.0,100,Sell,235709416
2024-08-29 10:50:53,19500.0,5000,Sell,235709418
2024-08-29 10:50:56,19500.0,2800,Sell,235709456
2024-08-29 10:50:56,19550.0,1100,Buy,235709469
2024-08-29 10:50:56,19550.0,500,Buy,235709470
2024-08-29 10:51:40,19550.0,200,Buy,235710084
2024-08-29 10:52:20,19550.0,100,Buy,235710731
2024-08-29 10:52:33,19550.0,300,Buy,235710929
2024-08-29 10:52:37,19550.0,500,Buy,235710994
2024-08-29 10:53:13,19550.0,100,Buy,235711449
2024-08-29 10:53:19,19550.0,300,Buy,235711514
2024-08-29 10:53:50,19500.0,1000,Sell,235711960
2024-08-29 10:53:50,19500.0,100,Sell,235711959
2024-08-29 10:53:50,19500.0,100,Sell,235711958
2024-08-29 10:53:50,19500.0,3300,Sell,235711957
2024-08-29 10:53:50,19500.0,10000,Sell,235711955
2024-08-29 10:53:50,19500.0,300,Sell,235711954
2024-08-29 10:53:50,19500.0,1000,Sell,235711956
2024-08-29 10:53:50,19500.0,400,Sell,235711952
2024-08-29 10:53:50,19500.0,700,Sell,235711951
2024-08-29 10:53:50,19500.0,100,Sell,235711950
2024-08-29 10:53:50,19500.0,200,Sell,235711949
2024-08-29 10:53:50,19500.0,100,Sell,235711948
2024-08-29 10:53:50,19500.0,400,Sell,235711947
2024-08-29 10:53:50,19500.0,1800,Sell,235711946
2024-08-29 10:53:50,19500.0,500,Sell,235711953
2024-08-29 10:53:58,19500.0,900,Sell,235712059
2024-08-29 10:53:58,19500.0,500,Sell,235712058
2024-08-29 10:53:58,19500.0,500,Sell,235712057
2024-08-29 10:53:58,19500.0,1000,Sell,235712056
2024-08-29 10:53:58,19500.0,100,Sell,235712055
2024-08-29 10:53:58,19500.0,500,Sell,235712054
2024-08-29 10:53:58,19500.0,2000,Sell,235712053
2024-08-29 10:53:58,19500.0,100,Sell,235712052
2024-08-29 10:53:58,19500.0,2900,Sell,235712047
2024-08-29 10:53:58,19500.0,800,Sell,235712050
2024-08-29 10:53:58,19500.0,4000,Sell,235712049
2024-08-29 10:53:58,19500.0,1400,Sell,235712048
2024-08-29 10:53:58,19500.0,1100,Sell,235712051
2024-08-29 10:53:58,19500.0,100,Sell,235712046
2024-08-29 10:53:58,19500.0,100,Sell,235712045
2024-08-29 10:53:58,19500.0,100,Sell,235712044
2024-08-29 10:53:58,19500.0,300,Sell,235712043
2024-08-29 10:54:03,19450.0,100,Sell,235712170
2024-08-29 10:54:03,19450.0,3500,Sell,235712169
2024-08-29 10:54:03,19450.0,2000,Sell,235712168
2024-08-29 10:54:03,19450.0,100,Sell,235712167
2024-08-29 10:54:03,19450.0,1400,Sell,235712166
2024-08-29 10:54:03,19450.0,2300,Sell,235712163
2024-08-29 10:54:03,19450.0,1000,Sell,235712164
2024-08-29 10:54:03,19450.0,500,Sell,235712171
2024-08-29 10:54:03,19450.0,200,Sell,235712162
2024-08-29 10:54:03,19450.0,500,Sell,235712161
2024-08-29 10:54:03,19450.0,100,Sell,235712160
2024-08-29 10:54:03,19450.0,100,Sell,235712159
2024-08-29 10:54:03,19450.0,300,Sell,235712165
2024-08-29 10:54:03,19450.0,1300,Sell,235712172
2024-08-29 10:54:03,19450.0,100,Sell,235712175
2024-08-29 10:54:03,19450.0,100,Sell,235712174
2024-08-29 10:54:03,19450.0,2000,Sell,235712176
2024-08-29 10:54:03,19450.0,10000,Sell,235712177
2024-08-29 10:54:03,19450.0,200,Sell,235712178
2024-08-29 10:54:03,19450.0,500,Sell,235712179
2024-08-29 10:54:03,19450.0,2000,Sell,235712180
2024-08-29 10:54:03,19450.0,300,Sell,235712181
2024-08-29 10:54:03,19450.0,1000,Sell,235712182
2024-08-29 10:54:03,19450.0,100,Sell,235712183
2024-08-29 10:54:03,19450.0,4400,Sell,235712184
2024-08-29 10:54:03,19450.0,200,Sell,235712185
2024-08-29 10:54:03,19450.0,500,Sell,235712186
2024-08-29 10:54:03,19450.0,500,Sell,235712187
2024-08-29 10:54:03,19450.0,1900,Sell,235712188
2024-08-29 10:54:03,19450.0,400,Sell,235712173
2024-08-29 10:54:03,19450.0,100,Sell,235712158
2024-08-29 10:54:03,19450.0,100,Sell,235712155
2024-08-29 10:54:03,19450.0,500,Sell,235712156
2024-08-29 10:54:03,19450.0,500,Sell,235712125
2024-08-29 10:54:03,19450.0,100,Sell,235712126
2024-08-29 10:54:03,19450.0,200,Sell,235712127
2024-08-29 10:54:03,19450.0,1000,Sell,235712128
2024-08-29 10:54:03,19450.0,200,Sell,235712129
2024-08-29 10:54:03,19450.0,100,Sell,235712130
2024-08-29 10:54:03,19450.0,500,Sell,235712131
2024-08-29 10:54:03,19450.0,600,Sell,235712132
2024-08-29 10:54:03,19450.0,100,Sell,235712133
2024-08-29 10:54:03,19450.0,300,Sell,235712134
2024-08-29 10:54:03,19450.0,500,Sell,235712135
2024-08-29 10:54:03,19450.0,2000,Sell,235712136
2024-08-29 10:54:03,19450.0,100,Sell,235712157
2024-08-29 10:54:03,19450.0,100,Sell,235712138
2024-08-29 10:54:03,19450.0,100,Sell,235712137
2024-08-29 10:54:03,19450.0,100,Sell,235712140
2024-08-29 10:54:03,19450.0,100,Sell,235712154
2024-08-29 10:54:03,19450.0,100,Sell,235712153
2024-08-29 10:54:03,19450.0,1000,Sell,235712152
2024-08-29 10:54:03,19450.0,500,Sell,235712151
2024-08-29 10:54:03,19450.0,100,Sell,235712139
2024-08-29 10:54:03,19450.0,200,Sell,235712149
2024-08-29 10:54:03,19450.0,2000,Sell,235712150
2024-08-29 10:54:03,19450.0,5000,Sell,235712147
2024-08-29 10:54:03,19450.0,300,Sell,235712145
2024-08-29 10:54:03,19450.0,1000,Sell,235712144
2024-08-29 10:54:03,19450.0,100,Sell,235712143
2024-08-29 10:54:03,19450.0,100,Sell,235712142
2024-08-29 10:54:03,19450.0,200,Sell,235712141
2024-08-29 10:54:03,19450.0,5000,Sell,235712148
2024-08-29 10:54:03,19450.0,100,Sell,235712146
2024-08-29 10:54:10,19500.0,500,Buy,235712256
2024-08-29 10:54:12,19500.0,500,Buy,235712277
2024-08-29 10:54:14,19500.0,100,Buy,235712293
2024-08-29 10:54:16,19500.0,100,Buy,235712310
2024-08-29 10:54:23,19500.0,1000,Buy,235712403
2024-08-29 10:54:32,19500.0,100,Buy,235712532
2024-08-29 10:54:39,19500.0,500,Buy,235712675
2024-08-29 10:55:01,19500.0,200,Buy,235712903
2024-08-29 10:55:04,19500.0,200,Buy,235712956
2024-08-29 10:55:46,19450.0,300,Sell,235713475
2024-08-29 10:55:52,19450.0,6100,Sell,235713582
2024-08-29 10:56:08,19450.0,6100,Sell,235713821
2024-08-29 10:56:24,19450.0,6300,Sell,235713986
2024-08-29 10:56:35,19500.0,400,Buy,235714052
2024-08-29 10:56:35,19500.0,3600,Buy,235714053
2024-08-29 10:57:03,19450.0,500,Sell,235714352
2024-08-29 10:57:03,19450.0,800,Sell,235714353
2024-08-29 10:57:03,19450.0,1000,Sell,235714354
2024-08-29 10:57:03,19450.0,1000,Sell,235714355
2024-08-29 10:57:03,19450.0,200,Sell,235714356
2024-08-29 10:57:03,19450.0,100,Sell,235714359
2024-08-29 10:57:03,19450.0,800,Sell,235714358
2024-08-29 10:57:03,19450.0,100,Sell,235714351
2024-08-29 10:57:03,19450.0,1000,Sell,235714360
2024-08-29 10:57:03,19450.0,200,Sell,235714361
2024-08-29 10:57:03,19450.0,2100,Sell,235714357
2024-08-29 10:57:03,19450.0,10000,Sell,235714349
2024-08-29 10:57:03,19450.0,100,Sell,235714350
2024-08-29 10:57:03,19450.0,1000,Sell,235714338
2024-08-29 10:57:03,19450.0,500,Sell,235714347
2024-08-29 10:57:03,19450.0,5100,Sell,235714346
2024-08-29 10:57:03,19450.0,2000,Sell,235714345
2024-08-29 10:57:03,19450.0,1000,Sell,235714344
2024-08-29 10:57:03,19450.0,10000,Sell,235714343
2024-08-29 10:57:03,19450.0,300,Sell,235714342
2024-08-29 10:57:03,19450.0,100,Sell,235714341
2024-08-29 10:57:03,19450.0,600,Sell,235714340
2024-08-29 10:57:03,19450.0,100,Sell,235714339
2024-08-29 10:57:03,19450.0,2000,Sell,235714348
2024-08-29 10:57:03,19450.0,100,Sell,235714337
2024-08-29 10:57:03,19450.0,79300,Sell,235714336
2024-08-29 10:57:08,19450.0,100,Sell,235714498
2024-08-29 10:57:08,19450.0,100,Sell,235714499
2024-08-29 10:57:08,19450.0,500,Sell,235714500
2024-08-29 10:57:08,19450.0,1000,Sell,235714497
2024-08-29 10:57:08,19450.0,1000,Sell,235714502
2024-08-29 10:57:08,19450.0,200,Sell,235714503
2024-08-29 10:57:08,19450.0,100,Sell,235714501
2024-08-29 10:57:08,19450.0,500,Sell,235714496
2024-08-29 10:57:08,19450.0,100,Sell,235714494
2024-08-29 10:57:08,19450.0,100,Sell,235714495
2024-08-29 10:57:08,19450.0,200,Sell,235714493
2024-08-29 10:57:08,19450.0,2600,Sell,235714492
2024-08-29 10:57:08,19450.0,200,Sell,235714491
2024-08-29 10:57:08,19450.0,800,Sell,235714490
2024-08-29 10:57:08,19450.0,200,Sell,235714489
2024-08-29 10:57:08,19450.0,100,Sell,235714488
2024-08-29 10:57:08,19450.0,200,Sell,235714487
2024-08-29 10:57:08,19450.0,100,Sell,235714486
2024-08-29 10:57:18,19450.0,200,Buy,235714654
2024-08-29 10:57:22,19450.0,200,Buy,235714710
2024-08-29 10:57:25,19450.0,600,Buy,235714750
2024-08-29 10:57:25,19450.0,400,Buy,235714749
2024-08-29 10:57:26,19450.0,200,Buy,235714763
2024-08-29 10:57:29,19450.0,500,Buy,235714783
2024-08-29 10:57:36,19450.0,200,Buy,235714844
2024-08-29 10:57:38,19450.0,400,Buy,235714861
2024-08-29 10:57:50,19450.0,1000,Buy,235715000
2024-08-29 10:57:51,19450.0,100,Buy,235715002
2024-08-29 10:57:57,19450.0,100,Buy,235715046
2024-08-29 10:57:59,19450.0,200,Buy,235715081
2024-08-29 10:58:18,19450.0,1600,Buy,235715296
2024-08-29 10:58:27,19450.0,100,Buy,235715368
2024-08-29 10:58:29,19450.0,1500,Buy,235715383
2024-08-29 10:58:37,19400.0,100,Sell,235715522
2024-08-29 10:58:37,19400.0,1000,Sell,235715518
2024-08-29 10:58:37,19400.0,1800,Sell,235715519
2024-08-29 10:58:37,19400.0,1000,Sell,235715520
2024-08-29 10:58:37,19400.0,3000,Sell,235715521
2024-08-29 10:58:37,19400.0,500,Sell,235715523
2024-08-29 10:58:37,19400.0,3000,Sell,235715517
2024-08-29 10:58:37,19400.0,100,Sell,235715525
2024-08-29 10:58:37,19400.0,500,Sell,235715526
2024-08-29 10:58:37,19400.0,100,Sell,235715527
2024-08-29 10:58:37,19400.0,100,Sell,235715528
2024-08-29 10:58:37,19400.0,500,Sell,235715529
2024-08-29 10:58:37,19400.0,5000,Sell,235715530
2024-08-29 10:58:37,19400.0,1000,Sell,235715524
2024-08-29 10:58:37,19400.0,200,Sell,235715516
2024-08-29 10:58:37,19400.0,800,Sell,235715505
2024-08-29 10:58:37,19400.0,100,Sell,235715514
2024-08-29 10:58:37,19450.0,200,Buy,235715492
2024-08-29 10:58:37,19400.0,500,Sell,235715501
2024-08-29 10:58:37,19400.0,500,Sell,235715502
2024-08-29 10:58:37,19400.0,200,Sell,235715503
2024-08-29 10:58:37,19400.0,100,Sell,235715504
2024-08-29 10:58:37,19400.0,2600,Sell,235715506
2024-08-29 10:58:37,19400.0,100,Sell,235715515
2024-08-29 10:58:37,19400.0,100,Sell,235715508
2024-08-29 10:58:37,19400.0,1000,Sell,235715509
2024-08-29 10:58:37,19400.0,200,Sell,235715510
2024-08-29 10:58:37,19400.0,100,Sell,235715511
2024-08-29 10:58:37,19400.0,100,Sell,235715512
2024-08-29 10:58:37,19400.0,500,Sell,235715513
2024-08-29 10:58:37,19400.0,200,Sell,235715507
2024-08-29 10:58:39,19400.0,5000,Sell,235715553
2024-08-29 10:58:46,19400.0,100,Sell,235715649
2024-08-29 10:58:46,19400.0,400,Sell,235715650
2024-08-29 10:58:46,19400.0,1000,Sell,235715648
2024-08-29 10:58:46,19400.0,100,Sell,235715647
2024-08-29 10:58:46,19400.0,200,Sell,235715645
2024-08-29 10:58:46,19400.0,300,Sell,235715644
2024-08-29 10:58:46,19400.0,3000,Sell,235715643
2024-08-29 10:58:46,19400.0,1000,Sell,235715642
2024-08-29 10:58:46,19400.0,100,Sell,235715646
2024-08-29 10:58:53,19450.0,100,Buy,235715738
2024-08-29 10:58:59,19450.0,100,Buy,235715798
2024-08-29 10:59:03,19400.0,500,Sell,235715897
2024-08-29 10:59:03,19400.0,400,Sell,235715896
2024-08-29 10:59:03,19400.0,3000,Sell,235715895
2024-08-29 10:59:03,19400.0,200,Sell,235715894
2024-08-29 10:59:03,19400.0,4700,Sell,235715893
2024-08-29 10:59:03,19400.0,100,Sell,235715892
2024-08-29 10:59:03,19400.0,500,Sell,235715891
2024-08-29 10:59:03,19400.0,10000,Sell,235715887
2024-08-29 10:59:03,19400.0,300,Sell,235715889
2024-08-29 10:59:03,19400.0,5000,Sell,235715888
2024-08-29 10:59:03,19400.0,5000,Sell,235715884
2024-08-29 10:59:03,19400.0,100,Sell,235715886
2024-08-29 10:59:03,19400.0,100,Sell,235715885
2024-08-29 10:59:03,19400.0,3000,Sell,235715890
2024-08-29 10:59:03,19400.0,200,Sell,235715899
2024-08-29 10:59:03,19400.0,2000,Sell,235715914
2024-08-29 10:59:03,19400.0,500,Sell,235715901
2024-08-29 10:59:03,19400.0,100,Sell,235715883
2024-08-29 10:59:03,19400.0,56900,Sell,235715916
2024-08-29 10:59:03,19400.0,800,Sell,235715915
2024-08-29 10:59:03,19400.0,1900,Sell,235715913
2024-08-29 10:59:03,19400.0,500,Sell,235715912
2024-08-29 10:59:03,19400.0,10000,Sell,235715911
2024-08-29 10:59:03,19400.0,200,Sell,235715900
2024-08-29 10:59:03,19400.0,300,Sell,235715910
2024-08-29 10:59:03,19400.0,200,Sell,235715908
2024-08-29 10:59:03,19400.0,300,Sell,235715907
2024-08-29 10:59:03,19400.0,600,Sell,235715906
2024-08-29 10:59:03,19400.0,100,Sell,235715905
2024-08-29 10:59:03,19400.0,3000,Sell,235715904
2024-08-29 10:59:03,19400.0,100,Sell,235715902
2024-08-29 10:59:03,19400.0,2600,Sell,235715909
2024-08-29 10:59:03,19400.0,1000,Sell,235715882
2024-08-29 10:59:03,19400.0,2000,Sell,235715903
2024-08-29 10:59:03,19400.0,100,Sell,235715880
2024-08-29 10:59:03,19400.0,200,Sell,235715848
2024-08-29 10:59:03,19400.0,500,Sell,235715861
2024-08-29 10:59:03,19400.0,200,Sell,235715860
2024-08-29 10:59:03,19400.0,3000,Sell,235715859
2024-08-29 10:59:03,19400.0,1000,Sell,235715858
2024-08-29 10:59:03,19400.0,100,Sell,235715857
2024-08-29 10:59:03,19400.0,100,Sell,235715862
2024-08-29 10:59:03,19400.0,100,Sell,235715855
2024-08-29 10:59:03,19400.0,500,Sell,235715853
2024-08-29 10:59:03,19400.0,200,Sell,235715852
2024-08-29 10:59:03,19400.0,10000,Sell,235715851
2024-08-29 10:59:03,19400.0,500,Sell,235715850
2024-08-29 10:59:03,19400.0,10000,Sell,235715849
2024-08-29 10:59:03,19400.0,100,Sell,235715881
2024-08-29 10:59:03,19400.0,500,Sell,235715854
2024-08-29 10:59:03,19400.0,200,Sell,235715863
2024-08-29 10:59:03,19400.0,1000,Sell,235715856
2024-08-29 10:59:03,19400.0,100,Sell,235715865
2024-08-29 10:59:03,19400.0,500,Sell,235715864
2024-08-29 10:59:03,19400.0,100,Sell,235715878
2024-08-29 10:59:03,19400.0,1000,Sell,235715877
2024-08-29 10:59:03,19400.0,100,Sell,235715876
2024-08-29 10:59:03,19400.0,100,Sell,235715875
2024-08-29 10:59:03,19400.0,200,Sell,235715874
2024-08-29 10:59:03,19400.0,300,Sell,235715873
2024-08-29 10:59:03,19400.0,500,Sell,235715879
2024-08-29 10:59:03,19400.0,1000,Sell,235715871
2024-08-29 10:59:03,19400.0,100,Sell,235715870
2024-08-29 10:59:03,19400.0,500,Sell,235715869
2024-08-29 10:59:03,19400.0,400,Sell,235715868
2024-08-29 10:59:03,19400.0,200,Sell,235715867
2024-08-29 10:59:03,19400.0,300,Sell,235715866
2024-08-29 10:59:03,19400.0,100,Sell,235715872
2024-08-29 10:59:11,19400.0,1000,Sell,235715999
2024-08-29 10:59:15,19400.0,100,Sell,235716085
2024-08-29 10:59:15,19400.0,100,Sell,235716086
2024-08-29 10:59:15,19400.0,500,Sell,235716087
2024-08-29 10:59:15,19400.0,200,Sell,235716088
2024-08-29 10:59:15,19400.0,2700,Sell,235716089
2024-08-29 10:59:15,19400.0,100,Sell,235716090
2024-08-29 10:59:15,19400.0,2000,Sell,235716091
2024-08-29 10:59:15,19400.0,600,Sell,235716097
2024-08-29 10:59:15,19400.0,100,Sell,235716093
2024-08-29 10:59:15,19400.0,1400,Sell,235716094
2024-08-29 10:59:15,19400.0,3600,Sell,235716096
2024-08-29 10:59:15,19400.0,100,Sell,235716098
2024-08-29 10:59:15,19400.0,1000,Sell,235716099
2024-08-29 10:59:15,19400.0,1000,Sell,235716100
2024-08-29 10:59:15,19400.0,500,Sell,235716092
2024-08-29 10:59:15,19400.0,100,Sell,235716084
2024-08-29 10:59:15,19400.0,500,Sell,235716083
2024-08-29 10:59:15,19400.0,48000,Sell,235716065
2024-08-29 10:59:15,19400.0,10000,Sell,235716066
2024-08-29 10:59:15,19400.0,2000,Sell,235716067
2024-08-29 10:59:15,19400.0,4100,Sell,235716068
2024-08-29 10:59:15,19400.0,1900,Sell,235716069
2024-08-29 10:59:15,19400.0,5000,Sell,235716070
2024-08-29 10:59:15,19400.0,5000,Sell,235716071
2024-08-29 10:59:15,19400.0,100,Sell,235716072
2024-08-29 10:59:15,19400.0,500,Sell,235716073
2024-08-29 10:59:15,19400.0,500,Sell,235716075
2024-08-29 10:59:15,19400.0,800,Sell,235716076
2024-08-29 10:59:15,19400.0,100,Sell,235716077
2024-08-29 10:59:15,19400.0,200,Sell,235716078
2024-08-29 10:59:15,19400.0,100,Sell,235716079
2024-08-29 10:59:15,19400.0,100,Sell,235716080
2024-08-29 10:59:15,19400.0,2000,Sell,235716081
2024-08-29 10:59:15,19400.0,1000,Sell,235716074
2024-08-29 10:59:15,19400.0,300,Sell,235716082
2024-08-29 10:59:16,19400.0,200,Buy,235716124
2024-08-29 10:59:19,19400.0,100,Buy,235716171
2024-08-29 10:59:20,19400.0,500,Buy,235716176
2024-08-29 10:59:32,19400.0,1000,Buy,235716296
2024-08-29 10:59:35,19400.0,100,Buy,235716334
2024-08-29 10:59:36,19400.0,1000,Buy,235716345
2024-08-29 10:59:36,19400.0,200,Buy,235716349
2024-08-29 10:59:37,19350.0,100,Sell,235716355
2024-08-29 10:59:41,19350.0,700,Sell,235716435
2024-08-29 10:59:41,19350.0,100,Sell,235716434
2024-08-29 10:59:41,19350.0,200,Sell,235716433
2024-08-29 10:59:41,19350.0,5000,Sell,235716432
2024-08-29 10:59:41,19350.0,20000,Sell,235716431
2024-08-29 10:59:41,19350.0,100,Sell,235716428
2024-08-29 10:59:41,19350.0,100,Sell,235716429
2024-08-29 10:59:41,19350.0,500,Sell,235716427
2024-08-29 10:59:41,19350.0,100,Sell,235716426
2024-08-29 10:59:41,19350.0,1000,Sell,235716436
2024-08-29 10:59:41,19350.0,100,Sell,235716425
2024-08-29 10:59:41,19350.0,2000,Sell,235716430
2024-08-29 10:59:41,19350.0,200,Sell,235716424
2024-08-29 10:59:41,19350.0,100,Sell,235716449
2024-08-29 10:59:41,19350.0,200,Sell,235716438
2024-08-29 10:59:41,19350.0,500,Sell,235716439
2024-08-29 10:59:41,19350.0,2500,Sell,235716440
2024-08-29 10:59:41,19350.0,100,Sell,235716441
2024-08-29 10:59:41,19350.0,2000,Sell,235716442
2024-08-29 10:59:41,19350.0,1000,Sell,235716443
2024-08-29 10:59:41,19350.0,100,Sell,235716444
2024-08-29 10:59:41,19350.0,1800,Sell,235716445
2024-08-29 10:59:41,19350.0,1500,Sell,235716446
2024-08-29 10:59:41,19350.0,100,Sell,235716447
2024-08-29 10:59:41,19350.0,100,Sell,235716448
2024-08-29 10:59:41,19350.0,10000,Sell,235716450
2024-08-29 10:59:41,19350.0,1000,Sell,235716437
2024-08-29 10:59:41,19350.0,2000,Sell,235716423
2024-08-29 10:59:41,19350.0,3000,Sell,235716408
2024-08-29 10:59:41,19350.0,5000,Sell,235716421
2024-08-29 10:59:41,19350.0,1000,Sell,235716422
2024-08-29 10:59:41,19350.0,200,Sell,235716394
2024-08-29 10:59:41,19350.0,100,Sell,235716396
2024-08-29 10:59:41,19350.0,100,Sell,235716397
2024-08-29 10:59:41,19350.0,2000,Sell,235716398
2024-08-29 10:59:41,19350.0,200,Sell,235716399
2024-08-29 10:59:41,19350.0,3000,Sell,235716400
2024-08-29 10:59:41,19350.0,100,Sell,235716401
2024-08-29 10:59:41,19350.0,1000,Sell,235716402
2024-08-29 10:59:41,19350.0,100,Sell,235716403
2024-08-29 10:59:41,19350.0,8000,Sell,235716404
2024-08-29 10:59:41,19350.0,300,Sell,235716405
2024-08-29 10:59:41,19350.0,500,Sell,235716406
2024-08-29 10:59:41,19350.0,1000,Sell,235716395
2024-08-29 10:59:41,19350.0,500,Sell,235716409
2024-08-29 10:59:41,19350.0,500,Sell,235716407
2024-08-29 10:59:41,19350.0,500,Sell,235716420
2024-08-29 10:59:41,19350.0,1000,Sell,235716418
2024-08-29 10:59:41,19350.0,300,Sell,235716417
2024-08-29 10:59:41,19350.0,200,Sell,235716416
2024-08-29 10:59:41,19350.0,100,Sell,235716419
2024-08-29 10:59:41,19350.0,500,Sell,235716414
2024-08-29 10:59:41,19350.0,100,Sell,235716413
2024-08-29 10:59:41,19350.0,100,Sell,235716412
2024-08-29 10:59:41,19350.0,100,Sell,235716411
2024-08-29 10:59:41,19350.0,100,Sell,235716415
2024-08-29 10:59:41,19350.0,2600,Sell,235716410
2024-08-29 10:59:44,19350.0,40000,Buy,235716478
2024-08-29 10:59:46,19300.0,5000,Sell,235716569
2024-08-29 10:59:46,19300.0,200,Sell,235716554
2024-08-29 10:59:46,19300.0,100,Sell,235716570
2024-08-29 10:59:46,19300.0,200,Sell,235716571
2024-08-29 10:59:46,19300.0,1000,Sell,235716573
2024-08-29 10:59:46,19300.0,200,Sell,235716574
2024-08-29 10:59:46,19300.0,1000,Sell,235716575
2024-08-29 10:59:46,19300.0,200,Sell,235716576
2024-08-29 10:59:46,19300.0,100,Sell,235716572
2024-08-29 10:59:46,19300.0,2000,Sell,235716568
2024-08-29 10:59:46,19300.0,200,Sell,235716559
2024-08-29 10:59:46,19300.0,3000,Sell,235716563
2024-08-29 10:59:46,19300.0,300,Sell,235716562
2024-08-29 10:59:46,19300.0,100,Sell,235716561
2024-08-29 10:59:46,19300.0,100,Sell,235716560
2024-08-29 10:59:46,19300.0,200,Sell,235716558
2024-08-29 10:59:46,19300.0,100,Sell,235716557
2024-08-29 10:59:46,19300.0,100,Sell,235716556
2024-08-29 10:59:46,19300.0,200,Sell,235716555
2024-08-29 10:59:46,19300.0,500,Sell,235716577
2024-08-29 10:59:46,19300.0,1000,Sell,235716564
2024-08-29 10:59:46,19300.0,10000,Sell,235716578
2024-08-29 10:59:46,19300.0,100,Sell,235716593
2024-08-29 10:59:46,19300.0,2500,Sell,235716580
2024-08-29 10:59:46,19250.0,3200,Sell,235716602
2024-08-29 10:59:46,19250.0,100,Sell,235716601
2024-08-29 10:59:46,19250.0,500,Sell,235716600
2024-08-29 10:59:46,19250.0,100,Sell,235716599
2024-08-29 10:59:46,19250.0,100,Sell,235716598
2024-08-29 10:59:46,19300.0,100,Sell,235716597
2024-08-29 10:59:46,19300.0,500,Sell,235716596
2024-08-29 10:59:46,19300.0,100,Sell,235716595
2024-08-29 10:59:46,19300.0,3000,Sell,235716594
2024-08-29 10:59:46,19300.0,5000,Sell,235716592
2024-08-29 10:59:46,19300.0,200,Sell,235716591
2024-08-29 10:59:46,19300.0,100,Sell,235716590
2024-08-29 10:59:46,19300.0,900,Sell,235716589
2024-08-29 10:59:46,19300.0,100,Sell,235716588
2024-08-29 10:59:46,19300.0,31000,Sell,235716587
2024-08-29 10:59:46,19300.0,100,Sell,235716586
2024-08-29 10:59:46,19300.0,100,Sell,235716585
2024-08-29 10:59:46,19300.0,300,Sell,235716584
2024-08-29 10:59:46,19300.0,5000,Sell,235716583
2024-08-29 10:59:46,19300.0,13000,Sell,235716582
2024-08-29 10:59:46,19300.0,2400,Sell,235716581
2024-08-29 10:59:46,19300.0,200,Sell,235716579
2024-08-29 10:59:46,19300.0,300,Sell,235716553
2024-08-29 10:59:46,19300.0,1000,Sell,235716538
2024-08-29 10:59:46,19300.0,20000,Sell,235716551
2024-08-29 10:59:46,19300.0,2000,Sell,235716524
2024-08-29 10:59:46,19300.0,100,Sell,235716523
2024-08-29 10:59:46,19300.0,200,Sell,235716522
2024-08-29 10:59:46,19300.0,100,Sell,235716521
2024-08-29 10:59:46,19300.0,1000,Sell,235716520
2024-08-29 10:59:46,19300.0,2000,Sell,235716519
2024-08-29 10:59:46,19300.0,2000,Sell,235716518
2024-08-29 10:59:46,19300.0,500,Sell,235716517
2024-08-29 10:59:46,19300.0,100,Sell,235716516
2024-08-29 10:59:46,19300.0,500,Sell,235716515
2024-08-29 10:59:46,19300.0,3000,Sell,235716514
2024-08-29 10:59:46,19300.0,200,Sell,235716513
2024-08-29 10:59:46,19300.0,100,Sell,235716512
2024-08-29 10:59:46,19300.0,1000,Sell,235716511
2024-08-29 10:59:46,19300.0,500,Sell,235716510
2024-08-29 10:59:46,19300.0,400,Sell,235716509
2024-08-29 10:59:46,19300.0,20000,Sell,235716508
2024-08-29 10:59:46,19300.0,100,Sell,235716507
2024-08-29 10:59:46,19300.0,100,Sell,235716506
2024-08-29 10:59:46,19300.0,500,Sell,235716505
2024-08-29 10:59:46,19300.0,100,Sell,235716552
2024-08-29 10:59:46,19300.0,2000,Sell,235716525
2024-08-29 10:59:46,19300.0,200,Sell,235716526
2024-08-29 10:59:46,19300.0,1000,Sell,235716537
2024-08-29 10:59:46,19300.0,3000,Sell,235716528
2024-08-29 10:59:46,19300.0,3000,Sell,235716549
2024-08-29 10:59:46,19300.0,2000,Sell,235716548
2024-08-29 10:59:46,19300.0,200,Sell,235716547
2024-08-29 10:59:46,19300.0,100,Sell,235716546
2024-08-29 10:59:46,19300.0,2000,Sell,235716545
2024-08-29 10:59:46,19300.0,1200,Sell,235716550
2024-08-29 10:59:46,19300.0,10000,Sell,235716543
2024-08-29 10:59:46,19300.0,3000,Sell,235716542
2024-08-29 10:59:46,19300.0,20000,Sell,235716541
2024-08-29 10:59:46,19300.0,100,Sell,235716540
2024-08-29 10:59:46,19300.0,500,Sell,235716544
2024-08-29 10:59:46,19300.0,200,Sell,235716527
2024-08-29 10:59:46,19300.0,100,Sell,235716536
2024-08-29 10:59:46,19300.0,100,Sell,235716535
2024-08-29 10:59:46,19300.0,1000,Sell,235716534
2024-08-29 10:59:46,19300.0,100,Sell,235716533
2024-08-29 10:59:46,19300.0,1000,Sell,235716532
2024-08-29 10:59:46,19300.0,500,Sell,235716531
2024-08-29 10:59:46,19300.0,10000,Sell,235716530
2024-08-29 10:59:46,19300.0,100,Sell,235716529
2024-08-29 10:59:46,19300.0,5000,Sell,235716539
2024-08-29 10:59:47,19250.0,300,Sell,235716611
2024-08-29 10:59:49,19300.0,300,Sell,235716648
2024-08-29 10:59:49,19250.0,2500,Sell,235716649
2024-08-29 10:59:49,19250.0,1000,Sell,235716650
2024-08-29 10:59:49,19250.0,100,Sell,235716651
2024-08-29 10:59:49,19250.0,200,Sell,235716652
2024-08-29 10:59:49,19250.0,1000,Sell,235716653
2024-08-29 10:59:49,19250.0,1000,Sell,235716654
2024-08-29 10:59:49,19300.0,100,Buy,235716643
2024-08-29 11:00:01,19300.0,100,Buy,235716849
2024-08-29 11:00:01,19250.0,200,Sell,235716842
2024-08-29 11:00:01,19250.0,800,Sell,235716844
2024-08-29 11:00:06,19300.0,5000,Buy,235716905
2024-08-29 11:00:07,19300.0,100,Buy,235716907
2024-08-29 11:00:07,19300.0,4500,Buy,235716924
2024-08-29 11:00:07,19250.0,100,Sell,235716927
2024-08-29 11:00:09,19300.0,100,Buy,235716933
2024-08-29 11:00:12,19300.0,40000,Buy,235716976
2024-08-29 11:00:20,19300.0,500,Buy,235717066
2024-08-29 11:00:21,19300.0,100,Buy,235717070
2024-08-29 11:00:21,19300.0,8700,Buy,235717080
2024-08-29 11:00:21,19300.0,1300,Buy,235717081
2024-08-29 11:00:22,19300.0,2700,Buy,235717093
2024-08-29 11:00:22,19300.0,6400,Buy,235717092
2024-08-29 11:00:22,19300.0,3000,Buy,235717090
2024-08-29 11:00:22,19300.0,1000,Buy,235717082
2024-08-29 11:00:22,19300.0,900,Buy,235717091
2024-08-29 11:00:23,19300.0,300,Buy,235717101
2024-08-29 11:00:28,19300.0,10000,Buy,235717159
2024-08-29 11:00:29,19300.0,200,Buy,235717163
2024-08-29 11:00:30,19300.0,3500,Buy,235717165
2024-08-29 11:00:30,19300.0,3500,Buy,235717166
2024-08-29 11:00:30,19300.0,1000,Buy,235717167
2024-08-29 11:00:30,19300.0,100,Buy,235717176
2024-08-29 11:00:31,19300.0,8700,Buy,235717178
2024-08-29 11:00:31,19300.0,100,Buy,235717179
2024-08-29 11:00:31,19300.0,1000,Buy,235717180
2024-08-29 11:00:36,19300.0,800,Sell,235717235
2024-08-29 11:00:36,19300.0,1000,Sell,235717234
2024-08-29 11:00:36,19300.0,200,Buy,235717236
2024-08-29 11:00:36,19300.0,1000,Sell,235717232
2024-08-29 11:00:36,19300.0,100,Sell,235717233
2024-08-29 11:00:36,19300.0,200,Sell,235717231
2024-08-29 11:00:37,19300.0,3200,Buy,235717238
2024-08-29 11:00:50,19300.0,1800,Sell,235717379
2024-08-29 11:00:50,19300.0,200,Sell,235717380
2024-08-29 11:00:50,19300.0,200,Sell,235717381
2024-08-29 11:00:50,19300.0,200,Sell,235717382
2024-08-29 11:00:50,19300.0,100,Sell,235717383
2024-08-29 11:00:50,19300.0,100,Sell,235717384
2024-08-29 11:00:50,19300.0,2400,Sell,235717385
2024-08-29 11:00:52,19300.0,6400,Sell,235717412
2024-08-29 11:00:56,19350.0,3900,Buy,235717445
2024-08-29 11:00:57,19300.0,400,Sell,235717464
2024-08-29 11:00:57,19300.0,100,Sell,235717463
2024-08-29 11:00:57,19300.0,10000,Sell,235717462
2024-08-29 11:00:57,19300.0,2000,Sell,235717461
2024-08-29 11:00:57,19300.0,100,Sell,235717460
2024-08-29 11:00:57,19300.0,700,Sell,235717459
2024-08-29 11:00:57,19300.0,10000,Sell,235717457
2024-08-29 11:00:57,19300.0,1000,Sell,235717455
2024-08-29 11:00:57,19300.0,2300,Sell,235717454
2024-08-29 11:00:57,19300.0,200,Sell,235717453
2024-08-29 11:00:57,19300.0,1200,Sell,235717452
2024-08-29 11:00:57,19300.0,1800,Sell,235717458
2024-08-29 11:00:57,19300.0,200,Sell,235717456
2024-08-29 11:01:07,19300.0,500,Sell,235717630
2024-08-29 11:01:07,19300.0,600,Sell,235717631
2024-08-29 11:01:07,19300.0,200,Sell,235717632
2024-08-29 11:01:07,19300.0,5600,Sell,235717633
2024-08-29 11:01:12,19300.0,2000,Sell,235717682
2024-08-29 11:01:14,19300.0,6500,Sell,235717704
2024-08-29 11:01:14,19300.0,900,Sell,235717705
2024-08-29 11:01:14,19300.0,200,Sell,235717703
2024-08-29 11:01:14,19300.0,16700,Sell,235717700
2024-08-29 11:01:14,19300.0,5700,Sell,235717702
2024-08-29 11:01:17,19300.0,900,Sell,235717742
2024-08-29 11:01:17,19300.0,100,Sell,235717743
2024-08-29 11:01:23,19300.0,900,Sell,235717811
2024-08-29 11:01:23,19300.0,2000,Sell,235717810
2024-08-29 11:01:23,19300.0,200,Sell,235717809
2024-08-29 11:01:23,19300.0,100,Sell,235717808
2024-08-29 11:01:23,19300.0,900,Sell,235717806
2024-08-29 11:01:23,19300.0,400,Sell,235717805
2024-08-29 11:01:23,19300.0,500,Sell,235717804
2024-08-29 11:01:23,19300.0,400,Sell,235717803
2024-08-29 11:01:23,19300.0,900,Sell,235717807
2024-08-29 11:01:26,19300.0,1300,Sell,235717851
2024-08-29 11:01:26,19300.0,2700,Sell,235717850
2024-08-29 11:01:26,19300.0,100,Sell,235717849
2024-08-29 11:01:26,19300.0,800,Sell,235717848
2024-08-29 11:01:26,19300.0,10000,Sell,235717846
2024-08-29 11:01:26,19300.0,2000,Sell,235717845
2024-08-29 11:01:26,19300.0,1000,Sell,235717844
2024-08-29 11:01:26,19300.0,1100,Sell,235717843
2024-08-29 11:01:26,19300.0,1000,Sell,235717847
2024-08-29 11:01:36,19350.0,100,Buy,235717936
2024-08-29 11:02:16,19350.0,16700,Buy,235718358
2024-08-29 11:02:19,19350.0,100,Buy,235718398
2024-08-29 11:02:26,19350.0,500,Buy,235718465
2024-08-29 11:02:33,19350.0,1500,Buy,235718540
2024-08-29 11:02:33,19350.0,1000,Buy,235718539
2024-08-29 11:02:33,19350.0,4000,Buy,235718537
2024-08-29 11:02:33,19350.0,6400,Buy,235718538
2024-08-29 11:02:33,19350.0,500,Buy,235718536
2024-08-29 11:02:33,19350.0,4200,Buy,235718531
2024-08-29 11:02:33,19350.0,3300,Buy,235718534
2024-08-29 11:02:33,19350.0,6400,Buy,235718533
2024-08-29 11:02:33,19350.0,1000,Buy,235718532
2024-08-29 11:02:33,19350.0,2000,Buy,235718530
2024-08-29 11:02:33,19350.0,93400,Buy,235718529
2024-08-29 11:02:33,19350.0,6300,Buy,235718535
2024-08-29 11:02:36,19350.0,2000,Buy,235718578
2024-08-29 11:02:37,19300.0,500,Sell,235718580
2024-08-29 11:02:40,19350.0,2900,Buy,235718638
2024-08-29 11:02:42,19350.0,6300,Sell,235718668
2024-08-29 11:02:54,19400.0,200,Buy,235718841
2024-08-29 11:03:03,19400.0,100,Buy,235718964
2024-08-29 11:03:08,19400.0,4100,Buy,235719060
2024-08-29 11:03:16,19400.0,500,Buy,235719145
2024-08-29 11:03:24,19400.0,200,Buy,235719217
2024-08-29 11:03:26,19400.0,2300,Buy,235719252
2024-08-29 11:03:31,19400.0,100,Buy,235719302
2024-08-29 11:03:35,19400.0,500,Buy,235719328
2024-08-29 11:03:39,19400.0,4900,Buy,235719375
2024-08-29 11:03:39,19400.0,17700,Buy,235719376
2024-08-29 11:03:39,19400.0,3200,Buy,235719377
2024-08-29 11:03:41,19400.0,600,Buy,235719390
2024-08-29 11:03:42,19400.0,500,Buy,235719412
2024-08-29 11:03:42,19400.0,1800,Buy,235719417
2024-08-29 11:03:42,19400.0,1200,Buy,235719418
2024-08-29 11:03:43,19400.0,1000,Buy,235719429
2024-08-29 11:03:43,19400.0,3300,Buy,235719428
2024-08-29 11:03:44,19400.0,100,Buy,235719445
2024-08-29 11:03:47,19400.0,100,Buy,235719484
2024-08-29 11:03:47,19400.0,400,Buy,235719490
2024-08-29 11:03:47,19400.0,100,Buy,235719491
2024-08-29 11:03:51,19400.0,500,Buy,235719520
2024-08-29 11:03:51,19400.0,1500,Buy,235719521
2024-08-29 11:03:57,19400.0,500,Buy,235719564
2024-08-29 11:04:00,19400.0,2000,Buy,235719584
2024-08-29 11:04:01,19400.0,2000,Buy,235719628
2024-08-29 11:04:05,19400.0,200,Buy,235719685
2024-08-29 11:04:06,19400.0,100,Buy,235719702
2024-08-29 11:04:14,19400.0,100,Buy,235719775
2024-08-29 11:04:14,19400.0,900,Buy,235719776
2024-08-29 11:04:19,19400.0,4500,Buy,235719815
2024-08-29 11:04:39,19400.0,200,Buy,235720038
2024-08-29 11:04:39,19400.0,200,Buy,235720042
2024-08-29 11:04:42,19400.0,100,Buy,235720078
2024-08-29 11:04:48,19400.0,400,Buy,235720130
2024-08-29 11:04:48,19400.0,6400,Buy,235720131
2024-08-29 11:04:48,19400.0,6300,Buy,235720132
2024-08-29 11:04:48,19400.0,6400,Buy,235720133
2024-08-29 11:04:48,19400.0,500,Buy,235720134
2024-08-29 11:04:51,19400.0,100,Buy,235720153
2024-08-29 11:05:09,19400.0,5700,Buy,235720411
2024-08-29 11:05:09,19400.0,200,Buy,235720412
2024-08-29 11:05:09,19400.0,6400,Buy,235720413
2024-08-29 11:05:09,19400.0,1700,Buy,235720414
2024-08-29 11:05:17,19400.0,500,Buy,235720537
2024-08-29 11:05:42,19400.0,500,Buy,235720872
2024-08-29 11:05:43,19400.0,100,Buy,235720882
2024-08-29 11:05:45,19400.0,100,Buy,235720901
2024-08-29 11:05:52,19400.0,100,Buy,235720954
2024-08-29 11:06:00,19400.0,100,Buy,235721042
2024-08-29 11:06:07,19400.0,100,Buy,235721131
2024-08-29 11:06:11,19350.0,3100,Sell,235721189
2024-08-29 11:06:11,19350.0,300,Sell,235721188
2024-08-29 11:06:11,19350.0,5000,Sell,235721187
2024-08-29 11:06:11,19350.0,2000,Sell,235721186
2024-08-29 11:06:11,19350.0,200,Sell,235721185
2024-08-29 11:06:11,19350.0,100,Sell,235721184
2024-08-29 11:06:11,19350.0,6000,Sell,235721183
2024-08-29 11:06:11,19350.0,500,Sell,235721182
2024-08-29 11:06:11,19350.0,100,Sell,235721179
2024-08-29 11:06:11,19350.0,2000,Sell,235721180
2024-08-29 11:06:11,19350.0,5000,Sell,235721178
2024-08-29 11:06:11,19350.0,3000,Sell,235721181
2024-08-29 11:06:11,19350.0,200,Sell,235721176
2024-08-29 11:06:11,19350.0,2700,Sell,235721165
2024-08-29 11:06:11,19350.0,1000,Sell,235721166
2024-08-29 11:06:11,19350.0,500,Sell,235721167
2024-08-29 11:06:11,19350.0,200,Sell,235721168
2024-08-29 11:06:11,19350.0,100,Sell,235721169
2024-08-29 11:06:11,19350.0,1100,Sell,235721177
2024-08-29 11:06:11,19350.0,400,Sell,235721171
2024-08-29 11:06:11,19350.0,100,Sell,235721172
2024-08-29 11:06:11,19350.0,15700,Sell,235721173
2024-08-29 11:06:11,19350.0,400,Sell,235721174
2024-08-29 11:06:11,19350.0,200,Sell,235721175
2024-08-29 11:06:11,19350.0,100,Sell,235721170
2024-08-29 11:06:14,19400.0,100,Buy,235721213
2024-08-29 11:06:19,19400.0,600,Buy,235721256
2024-08-29 11:06:24,19350.0,700,Sell,235721349
2024-08-29 11:06:24,19350.0,1000,Sell,235721348
2024-08-29 11:06:24,19350.0,200,Sell,235721347
2024-08-29 11:06:24,19350.0,100,Sell,235721346
2024-08-29 11:06:24,19350.0,1600,Sell,235721345
2024-08-29 11:06:24,19350.0,1000,Sell,235721344
2024-08-29 11:06:24,19350.0,1100,Sell,235721343
2024-08-29 11:06:24,19350.0,5000,Sell,235721340
2024-08-29 11:06:24,19350.0,100,Sell,235721339
2024-08-29 11:06:24,19350.0,1000,Sell,235721338
2024-08-29 11:06:24,19350.0,400,Sell,235721337
2024-08-29 11:06:24,19350.0,800,Sell,235721335
2024-08-29 11:06:24,19350.0,4200,Sell,235721334
2024-08-29 11:06:24,19350.0,6900,Sell,235721333
2024-08-29 11:06:24,19350.0,400,Sell,235721342
2024-08-29 11:06:24,19350.0,100,Sell,235721336
2024-08-29 11:06:25,19350.0,300,Buy,235721355
2024-08-29 11:06:27,19350.0,100,Buy,235721377
2024-08-29 11:06:35,19400.0,2500,Buy,235721473
2024-08-29 11:06:35,19400.0,1500,Buy,235721474
2024-08-29 11:06:42,19350.0,100,Sell,235721566
2024-08-29 11:06:42,19350.0,500,Sell,235721565
2024-08-29 11:06:42,19350.0,4400,Sell,235721564
2024-08-29 11:06:54,19350.0,100,Buy,235721675
2024-08-29 11:06:54,19350.0,100,Sell,235721673
2024-08-29 11:06:54,19350.0,100,Sell,235721670
2024-08-29 11:06:54,19350.0,500,Sell,235721671
2024-08-29 11:06:54,19350.0,200,Sell,235721672
2024-08-29 11:07:02,19350.0,100,Buy,235721768
2024-08-29 11:07:04,19350.0,200,Buy,235721791
2024-08-29 11:07:05,19350.0,500,Buy,235721792
2024-08-29 11:07:08,19350.0,1000,Buy,235721829
2024-08-29 11:07:10,19350.0,600,Buy,235721856
2024-08-29 11:07:12,19350.0,300,Buy,235721862
2024-08-29 11:07:13,19300.0,500,Sell,235721877
2024-08-29 11:07:13,19300.0,500,Sell,235721878
2024-08-29 11:07:14,19350.0,1000,Buy,235721880
2024-08-29 11:07:17,19350.0,600,Buy,235721930
2024-08-29 11:07:17,19350.0,1700,Buy,235721929
2024-08-29 11:07:20,19350.0,300,Buy,235721966
2024-08-29 11:07:23,19350.0,5000,Buy,235722017
2024-08-29 11:07:27,19350.0,400,Buy,235722038
2024-08-29 11:07:27,19350.0,1400,Buy,235722039
2024-08-29 11:07:27,19350.0,500,Buy,235722040
2024-08-29 11:07:29,19350.0,4500,Buy,235722052
2024-08-29 11:07:41,19350.0,500,Sell,235722211
2024-08-29 11:07:41,19350.0,1000,Sell,235722212
2024-08-29 11:07:42,19350.0,100,Buy,235722221
2024-08-29 11:07:43,19350.0,300,Buy,235722240
2024-08-29 11:07:46,19350.0,2000,Buy,235722269
2024-08-29 11:07:46,19350.0,1000,Buy,235722277
2024-08-29 11:07:48,19350.0,1500,Buy,235722290
2024-08-29 11:07:57,19350.0,500,Sell,235722399
2024-08-29 11:08:00,19350.0,100,Buy,235722429
2024-08-29 11:08:05,19350.0,500,Buy,235722508
2024-08-29 11:08:06,19350.0,300,Buy,235722519
2024-08-29 11:08:20,19350.0,300,Buy,235722720
2024-08-29 11:08:20,19350.0,200,Buy,235722713
2024-08-29 11:08:33,19350.0,500,Buy,235722866
2024-08-29 11:08:34,19350.0,200,Buy,235722871
2024-08-29 11:08:47,19350.0,1000,Buy,235722996
2024-08-29 11:08:49,19350.0,500,Buy,235723014
2024-08-29 11:08:58,19300.0,5000,Sell,235723114
2024-08-29 11:09:00,19300.0,100,Sell,235723131
2024-08-29 11:09:00,19300.0,1000,Sell,235723134
2024-08-29 11:09:00,19300.0,4500,Sell,235723130
2024-08-29 11:09:00,19300.0,500,Sell,235723132
2024-08-29 11:09:00,19300.0,200,Sell,235723133
2024-08-29 11:09:02,19350.0,300,Buy,235723149
2024-08-29 11:09:13,19350.0,500,Buy,235723270
2024-08-29 11:09:32,19350.0,1400,Buy,235723514
2024-08-29 11:09:32,19350.0,200,Buy,235723515
2024-08-29 11:09:35,19350.0,1800,Buy,235723546
2024-08-29 11:09:35,19350.0,200,Buy,235723547
2024-08-29 11:09:45,19350.0,200,Buy,235723783
2024-08-29 11:09:54,19350.0,100,Buy,235723881
2024-08-29 11:10:03,19350.0,300,Buy,235723993
2024-08-29 11:10:04,19350.0,200,Buy,235723998
2024-08-29 11:10:10,19350.0,25800,Buy,235724076
2024-08-29 11:10:20,19350.0,1600,Buy,235724184
2024-08-29 11:10:21,19350.0,50000,Buy,235724202
2024-08-29 11:10:26,19350.0,4300,Buy,235724257
2024-08-29 11:10:29,19350.0,100,Buy,235724297
2024-08-29 11:10:31,19350.0,5000,Buy,235724313
2024-08-29 11:10:34,19350.0,100,Buy,235724351
2024-08-29 11:10:34,19350.0,1600,Buy,235724346
2024-08-29 11:10:34,19350.0,6400,Buy,235724347
2024-08-29 11:10:34,19350.0,7000,Buy,235724348
2024-08-29 11:10:36,19350.0,500,Buy,235724433
2024-08-29 11:10:36,19350.0,1300,Buy,235724468
2024-08-29 11:10:36,19350.0,11100,Buy,235724469
2024-08-29 11:10:36,19350.0,6300,Buy,235724470
2024-08-29 11:10:36,19350.0,6400,Buy,235724472
2024-08-29 11:10:36,19350.0,6300,Buy,235724473
2024-08-29 11:10:36,19350.0,6400,Buy,235724474
2024-08-29 11:10:36,19350.0,6400,Buy,235724475
2024-08-29 11:10:36,19350.0,6300,Buy,235724476
2024-08-29 11:10:36,19350.0,3100,Buy,235724477
2024-08-29 11:10:36,19350.0,6400,Buy,235724471
2024-08-29 11:10:37,19350.0,3300,Buy,235724552
2024-08-29 11:10:50,19350.0,6300,Sell,235724722
2024-08-29 11:10:59,19400.0,100,Buy,235724844
2024-08-29 11:11:09,19400.0,1400,Buy,235724954
2024-08-29 11:11:25,19400.0,500,Buy,235725173
2024-08-29 11:11:27,19350.0,1000,Sell,235725189
2024-08-29 11:11:37,19350.0,6400,Sell,235725285
2024-08-29 11:11:46,19350.0,500,Sell,235725384
2024-08-29 11:11:53,19350.0,6300,Sell,235725460
2024-08-29 11:12:06,19350.0,100,Sell,235725602
2024-08-29 11:12:09,19350.0,6100,Sell,235725636
2024-08-29 11:12:09,19350.0,300,Sell,235725637
2024-08-29 11:12:13,19350.0,10000,Sell,235725679
2024-08-29 11:12:23,19400.0,500,Buy,235725770
2024-08-29 11:13:16,19400.0,500,Buy,235726438
2024-08-29 11:13:26,19400.0,100,Buy,235726563
2024-08-29 11:13:29,19350.0,1200,Sell,235726644
2024-08-29 11:13:29,19350.0,2000,Sell,235726643
2024-08-29 11:13:29,19350.0,1000,Sell,235726642
2024-08-29 11:13:29,19350.0,2000,Sell,235726641
2024-08-29 11:13:29,19350.0,1200,Sell,235726637
2024-08-29 11:13:29,19350.0,500,Sell,235726640
2024-08-29 11:13:29,19350.0,500,Sell,235726639
2024-08-29 11:13:29,19350.0,100,Sell,235726638
2024-08-29 11:13:29,19350.0,100,Sell,235726636
2024-08-29 11:13:29,19350.0,1100,Sell,235726630
2024-08-29 11:13:29,19350.0,1700,Sell,235726634
2024-08-29 11:13:29,19350.0,500,Sell,235726633
2024-08-29 11:13:29,19350.0,100,Sell,235726632
2024-08-29 11:13:29,19350.0,1000,Sell,235726631
2024-08-29 11:13:29,19350.0,3900,Sell,235726629
2024-08-29 11:13:29,19350.0,100,Sell,235726628
2024-08-29 11:13:29,19350.0,1000,Sell,235726627
2024-08-29 11:13:29,19350.0,11700,Sell,235726626
2024-08-29 11:13:29,19350.0,300,Sell,235726635
2024-08-29 11:13:43,19350.0,3300,Sell,235726825
2024-08-29 11:13:43,19350.0,500,Sell,235726822
2024-08-29 11:13:43,19350.0,1000,Sell,235726824
2024-08-29 11:13:43,19350.0,500,Sell,235726823
2024-08-29 11:13:43,19350.0,800,Sell,235726819
2024-08-29 11:13:43,19350.0,100,Sell,235726821
2024-08-29 11:13:43,19350.0,100,Sell,235726820
2024-08-29 11:13:59,19350.0,6400,Sell,235727037
2024-08-29 11:14:09,19350.0,300,Sell,235727157
2024-08-29 11:14:09,19350.0,5000,Sell,235727158
2024-08-29 11:14:09,19350.0,3600,Sell,235727159
2024-08-29 11:14:09,19350.0,6400,Sell,235727160
2024-08-29 11:14:09,19350.0,100,Sell,235727161
2024-08-29 11:14:09,19350.0,100,Sell,235727162
2024-08-29 11:14:09,19350.0,500,Sell,235727163
2024-08-29 11:14:09,19350.0,100,Sell,235727164
2024-08-29 11:14:09,19350.0,100,Sell,235727165
2024-08-29 11:14:09,19350.0,1000,Sell,235727166
2024-08-29 11:14:09,19350.0,2800,Sell,235727167
2024-08-29 11:14:15,19350.0,1000,Sell,235727229
2024-08-29 11:14:15,19350.0,200,Sell,235727231
2024-08-29 11:14:15,19350.0,100,Sell,235727227
2024-08-29 11:14:15,19350.0,300,Sell,235727228
2024-08-29 11:14:15,19350.0,2500,Sell,235727230
2024-08-29 11:14:15,19350.0,2200,Sell,235727226
2024-08-29 11:14:18,19350.0,400,Sell,235727252
2024-08-29 11:14:18,19350.0,100,Sell,235727258
2024-08-29 11:14:18,19350.0,100,Sell,235727257
2024-08-29 11:14:18,19350.0,1400,Buy,235727259
2024-08-29 11:14:18,19350.0,500,Sell,235727255
2024-08-29 11:14:18,19350.0,100,Sell,235727254
2024-08-29 11:14:18,19350.0,200,Sell,235727253
2024-08-29 11:14:18,19350.0,200,Sell,235727256
2024-08-29 11:14:20,19350.0,3000,Sell,235727271
2024-08-29 11:14:31,19350.0,100,Sell,235727387
2024-08-29 11:14:31,19350.0,6300,Sell,235727388
2024-08-29 11:14:46,19350.0,5700,Sell,235727589
2024-08-29 11:14:46,19350.0,100,Sell,235727590
2024-08-29 11:14:46,19350.0,100,Sell,235727591
2024-08-29 11:14:46,19350.0,200,Sell,235727592
2024-08-29 11:14:47,19350.0,200,Buy,235727595
2024-08-29 11:14:55,19350.0,100,Buy,235727697
2024-08-29 11:15:03,19350.0,100,Buy,235727790
2024-08-29 11:15:12,19350.0,6000,Buy,235728008
2024-08-29 11:15:15,19350.0,100,Buy,235728031
2024-08-29 11:15:16,19350.0,100,Buy,235728047
2024-08-29 11:15:16,19350.0,500,Buy,235728048
2024-08-29 11:15:16,19350.0,100,Buy,235728046
2024-08-29 11:15:22,19350.0,100,Buy,235728240
2024-08-29 11:15:25,19350.0,100,Buy,235728253
2024-08-29 11:15:27,19350.0,100,Buy,235728332
2024-08-29 11:15:33,19350.0,100,Buy,235728431
2024-08-29 11:15:47,19350.0,1600,Buy,235728604
2024-08-29 11:15:48,19350.0,1500,Buy,235728610
2024-08-29 11:15:48,19350.0,5500,Buy,235728611
2024-08-29 11:15:53,19350.0,900,Buy,235728672
2024-08-29 11:15:53,19350.0,4100,Buy,235728673
2024-08-29 11:16:08,19350.0,2200,Buy,235728933
2024-08-29 11:16:08,19350.0,1300,Buy,235728934
2024-08-29 11:16:12,19300.0,2000,Sell,235728968
2024-08-29 11:16:21,19300.0,6200,Sell,235729119
2024-08-29 11:16:21,19300.0,100,Sell,235729117
2024-08-29 11:16:21,19300.0,100,Sell,235729118
2024-08-29 11:16:24,19350.0,2000,Buy,235729142
2024-08-29 11:16:35,19350.0,3100,Buy,235729316
2024-08-29 11:16:35,19350.0,2100,Buy,235729317
2024-08-29 11:16:38,19350.0,300,Buy,235729349
2024-08-29 11:16:40,19350.0,2600,Buy,235729367
2024-08-29 11:16:58,19350.0,700,Buy,235729705
2024-08-29 11:17:01,19350.0,600,Buy,235729726
2024-08-29 11:17:01,19350.0,400,Buy,235729727
2024-08-29 11:17:02,19350.0,100,Buy,235729742
2024-08-29 11:17:02,19350.0,900,Buy,235729743
2024-08-29 11:17:13,19350.0,5400,Buy,235729885
2024-08-29 11:17:13,19350.0,100,Buy,235729886
2024-08-29 11:17:13,19350.0,6400,Buy,235729887
2024-08-29 11:17:13,19350.0,1000,Buy,235729888
2024-08-29 11:17:13,19350.0,900,Buy,235729889
2024-08-29 11:17:16,19350.0,1800,Buy,235729925
2024-08-29 11:17:22,19350.0,100,Buy,235729995
2024-08-29 11:17:23,19350.0,1000,Buy,235729999
2024-08-29 11:17:32,19350.0,300,Buy,235730084
2024-08-29 11:17:32,19350.0,100,Buy,235730083
2024-08-29 11:17:56,19350.0,200,Buy,235730487
2024-08-29 11:17:59,19350.0,1000,Buy,235730555
2024-08-29 11:18:11,19350.0,900,Buy,235730883
2024-08-29 11:18:11,19350.0,100,Buy,235730884
2024-08-29 11:18:12,19350.0,1000,Buy,235730889
2024-08-29 11:18:18,19350.0,100,Buy,235731057
2024-08-29 11:18:23,19350.0,100,Buy,235731213
2024-08-29 11:18:34,19350.0,100,Buy,235731391
2024-08-29 11:18:49,19350.0,3000,Buy,235731662
2024-08-29 11:18:52,19350.0,2000,Buy,235731716
2024-08-29 11:18:52,19350.0,6400,Buy,235731713
2024-08-29 11:18:52,19350.0,5600,Buy,235731715
2024-08-29 11:18:52,19350.0,500,Buy,235731711
2024-08-29 11:18:52,19350.0,1500,Buy,235731709
2024-08-29 11:18:52,19350.0,5000,Buy,235731712
2024-08-29 11:18:52,19350.0,6300,Buy,235731714
2024-08-29 11:18:55,19350.0,100,Buy,235731772
2024-08-29 11:18:57,19350.0,2000,Buy,235731797
2024-08-29 11:19:00,19350.0,300,Buy,235731837
2024-08-29 11:19:00,19350.0,800,Buy,235731838
2024-08-29 11:19:02,19350.0,1000,Buy,235731887
2024-08-29 11:19:04,19350.0,100,Buy,235731904
2024-08-29 11:19:04,19300.0,600,Sell,235731897
2024-08-29 11:19:04,19300.0,2800,Sell,235731896
2024-08-29 11:19:13,19350.0,200,Buy,235732002
2024-08-29 11:19:13,19350.0,500,Buy,235732012
2024-08-29 11:19:16,19350.0,1000,Buy,235732069
2024-08-29 11:19:22,19350.0,2800,Buy,235732131
2024-08-29 11:19:22,19350.0,100,Buy,235732132
2024-08-29 11:19:22,19350.0,6300,Buy,235732133
2024-08-29 11:19:22,19350.0,6400,Buy,235732134
2024-08-29 11:19:22,19350.0,6300,Buy,235732135
2024-08-29 11:19:22,19350.0,6400,Buy,235732136
2024-08-29 11:19:24,19350.0,1700,Sell,235732243
2024-08-29 11:19:28,19350.0,1000,Buy,235732345
2024-08-29 11:19:29,19350.0,600,Buy,235732361
2024-08-29 11:19:30,19400.0,100,Buy,235732392
2024-08-29 11:20:08,19400.0,1600,Buy,235733524
2024-08-29 11:20:23,19400.0,500,Buy,235733892
2024-08-29 11:20:45,19400.0,200,Buy,235734188
2024-08-29 11:20:47,19400.0,300,Buy,235734226
2024-08-29 11:20:51,19400.0,2000,Buy,235734339
2024-08-29 11:21:14,19400.0,300,Buy,235735025
2024-08-29 11:21:28,19400.0,100,Buy,235735352
2024-08-29 11:21:30,19400.0,3000,Buy,235735381
2024-08-29 11:21:30,19400.0,3000,Buy,235735382
2024-08-29 11:21:51,19400.0,1000,Buy,235735726
2024-08-29 11:22:07,19400.0,1000,Buy,235735997
2024-08-29 11:22:13,19400.0,400,Buy,235736219
2024-08-29 11:22:26,19400.0,100,Buy,235736453
2024-08-29 11:22:57,19400.0,100,Buy,235736982
2024-08-29 11:23:03,19350.0,19500,Sell,235737062
2024-08-29 11:23:03,19350.0,5000,Sell,235737061
2024-08-29 11:23:03,19350.0,3000,Sell,235737060
2024-08-29 11:23:03,19350.0,300,Sell,235737056
2024-08-29 11:23:03,19350.0,100,Sell,235737058
2024-08-29 11:23:03,19350.0,100,Sell,235737057
2024-08-29 11:23:03,19350.0,2000,Sell,235737059
2024-08-29 11:23:10,19350.0,6300,Sell,235737158
2024-08-29 11:23:15,19350.0,13300,Sell,235737219
2024-08-29 11:23:15,19350.0,6500,Sell,235737218
2024-08-29 11:23:15,19350.0,1000,Sell,235737216
2024-08-29 11:23:15,19350.0,4200,Sell,235737215
2024-08-29 11:23:15,19350.0,5000,Sell,235737217
2024-08-29 11:23:26,19350.0,200,Sell,235737377
2024-08-29 11:23:26,19350.0,6200,Sell,235737378
2024-08-29 11:23:26,19400.0,100,Buy,235737382
2024-08-29 11:23:48,19400.0,600,Buy,235737693
2024-08-29 11:23:48,19400.0,4400,Buy,235737694
2024-08-29 11:23:49,19350.0,1000,Sell,235737700
2024-08-29 11:23:55,19350.0,2000,Sell,235737801
