time,price,volume,match_type,id
2024-08-15 09:14:40,18050.0,33400,ATO/ATC,231691315
2024-08-15 09:14:40,18100.0,200,Buy,231691422
2024-08-15 09:15:02,18100.0,100,Buy,231691686
2024-08-15 09:15:26,18100.0,5000,Buy,231692154
2024-08-15 09:15:26,18100.0,200,Buy,231692153
2024-08-15 09:15:26,18100.0,200,Buy,231692152
2024-08-15 09:15:26,18100.0,500,Buy,231692151
2024-08-15 09:15:26,18100.0,5000,Buy,231692150
2024-08-15 09:15:26,18100.0,200,Buy,231692149
2024-08-15 09:15:26,18100.0,2000,Buy,231692148
2024-08-15 09:15:26,18100.0,1000,Buy,231692140
2024-08-15 09:15:26,18100.0,500,Buy,231692146
2024-08-15 09:15:26,18100.0,100,Buy,231692141
2024-08-15 09:15:26,18100.0,200,Buy,231692142
2024-08-15 09:15:26,18100.0,100,Buy,231692147
2024-08-15 09:15:26,18100.0,1500,Buy,231692144
2024-08-15 09:15:26,18100.0,200,Buy,231692145
2024-08-15 09:15:26,18100.0,10000,Buy,231692143
2024-08-15 09:15:28,18100.0,100,Sell,231692184
2024-08-15 09:15:29,18100.0,2500,Sell,231692190
2024-08-15 09:15:57,18100.0,100,Buy,231692546
2024-08-15 09:15:57,18100.0,500,Sell,231692556
2024-08-15 09:16:07,18100.0,900,Sell,231692689
2024-08-15 09:16:35,18100.0,100,Buy,231693061
2024-08-15 09:16:35,18100.0,1000,Buy,231693062
2024-08-15 09:16:45,18050.0,100,Sell,231693216
2024-08-15 09:16:52,18100.0,300,Buy,231693311
2024-08-15 09:17:00,18050.0,2700,Sell,231693492
2024-08-15 09:17:00,18050.0,2100,Sell,231693493
2024-08-15 09:17:16,18050.0,900,Sell,231693822
2024-08-15 09:17:19,18050.0,1000,Sell,231693911
2024-08-15 09:17:19,18050.0,400,Sell,231693912
2024-08-15 09:17:19,18050.0,400,Sell,231693913
2024-08-15 09:17:30,18050.0,1600,Sell,231694223
2024-08-15 09:17:30,18050.0,200,Sell,231694196
2024-08-15 09:17:39,18050.0,900,Sell,231694425
2024-08-15 09:17:44,18050.0,200,Sell,231694542
2024-08-15 09:17:51,18050.0,100,Sell,231694650
2024-08-15 09:17:54,18050.0,100,Sell,231694695
2024-08-15 09:17:59,18050.0,900,Sell,231694770
2024-08-15 09:18:01,18050.0,400,Sell,231694801
2024-08-15 09:18:05,18050.0,800,Sell,231694894
2024-08-15 09:18:11,18050.0,1500,Sell,231695020
2024-08-15 09:18:12,18050.0,1300,Sell,231695036
2024-08-15 09:18:16,18050.0,500,Sell,231695081
2024-08-15 09:18:21,18050.0,1000,Sell,231695206
2024-08-15 09:18:22,18050.0,100,Sell,231695217
2024-08-15 09:18:22,18050.0,1000,Sell,231695218
2024-08-15 09:18:23,18050.0,100,Sell,231695229
2024-08-15 09:18:28,18050.0,100,Sell,231695296
2024-08-15 09:18:29,18050.0,200,Sell,231695307
2024-08-15 09:18:29,18050.0,4900,Sell,231695308
2024-08-15 09:18:32,18050.0,900,Sell,231695349
2024-08-15 09:18:35,18050.0,6000,Sell,231695413
2024-08-15 09:18:40,18050.0,500,Sell,231695507
2024-08-15 09:18:46,18050.0,100,Sell,231695645
2024-08-15 09:18:51,18050.0,100,Sell,231695725
2024-08-15 09:18:52,18050.0,1100,Sell,231695743
2024-08-15 09:18:52,18050.0,400,Sell,231695744
2024-08-15 09:18:52,18050.0,300,Sell,231695745
2024-08-15 09:18:52,18050.0,300,Sell,231695746
2024-08-15 09:18:52,18050.0,1000,Sell,231695747
2024-08-15 09:18:52,18050.0,100,Sell,231695748
2024-08-15 09:19:18,18050.0,1100,Buy,231696235
2024-08-15 09:19:23,18000.0,200,Sell,231696296
2024-08-15 09:19:23,18000.0,800,Sell,231696297
2024-08-15 09:19:29,18000.0,700,Sell,231696416
2024-08-15 09:19:29,18000.0,100,Sell,231696415
2024-08-15 09:19:38,18000.0,100,Sell,231696576
2024-08-15 09:19:38,18000.0,100,Sell,231696575
2024-08-15 09:19:38,18000.0,800,Sell,231696574
2024-08-15 09:19:53,18000.0,300,Sell,231696803
2024-08-15 09:19:53,18000.0,100,Sell,231696804
2024-08-15 09:19:53,18000.0,400,Sell,231696805
2024-08-15 09:19:53,18000.0,100,Sell,231696806
2024-08-15 09:19:55,18050.0,300,Buy,231696837
2024-08-15 09:19:55,18050.0,500,Buy,231696838
2024-08-15 09:19:55,18050.0,100,Buy,231696839
2024-08-15 09:19:56,18000.0,600,Sell,231696918
2024-08-15 09:19:56,18000.0,1000,Sell,231696916
2024-08-15 09:19:56,18000.0,200,Sell,231696917
2024-08-15 09:20:04,18000.0,1400,Sell,231697109
2024-08-15 09:20:04,18000.0,100,Sell,231697108
2024-08-15 09:20:04,18000.0,1000,Sell,231697107
2024-08-15 09:20:04,18000.0,10000,Sell,231697106
2024-08-15 09:20:04,18000.0,1000,Sell,231697105
2024-08-15 09:20:04,18000.0,2000,Sell,231697104
2024-08-15 09:20:04,18000.0,300,Sell,231697101
2024-08-15 09:20:04,18000.0,600,Sell,231697102
2024-08-15 09:20:04,18000.0,100,Sell,231697100
2024-08-15 09:20:04,18000.0,200,Sell,231697099
2024-08-15 09:20:04,18000.0,100,Sell,231697098
2024-08-15 09:20:04,18000.0,2600,Sell,231697097
2024-08-15 09:20:04,18000.0,500,Sell,231697096
2024-08-15 09:20:04,18000.0,100,Sell,231697103
2024-08-15 09:20:05,18000.0,2900,Sell,231697129
2024-08-15 09:20:05,18000.0,7200,Sell,231697130
2024-08-15 09:20:08,18000.0,300,Sell,231697210
2024-08-15 09:20:11,18000.0,100,Sell,231697253
2024-08-15 09:20:14,18000.0,1800,Sell,231697315
2024-08-15 09:20:15,18000.0,300,Sell,231697337
2024-08-15 09:20:18,18000.0,200,Sell,231697478
2024-08-15 09:20:18,18000.0,300,Sell,231697467
2024-08-15 09:20:18,18000.0,900,Sell,231697476
2024-08-15 09:20:21,18000.0,2000,Sell,231697513
2024-08-15 09:20:21,18000.0,300,Sell,231697514
2024-08-15 09:20:23,18000.0,300,Sell,231697548
2024-08-15 09:20:27,18000.0,1000,Sell,231697674
2024-08-15 09:20:27,18000.0,5000,Sell,231697673
2024-08-15 09:20:27,18000.0,1000,Sell,231697671
2024-08-15 09:20:27,18000.0,500,Sell,231697670
2024-08-15 09:20:27,18000.0,100,Sell,231697669
2024-08-15 09:20:27,18000.0,200,Sell,231697668
2024-08-15 09:20:27,18000.0,100,Sell,231697672
2024-08-15 09:20:27,18000.0,300,Sell,231697666
2024-08-15 09:20:27,18000.0,100,Sell,231697665
2024-08-15 09:20:27,18000.0,5500,Sell,231697664
2024-08-15 09:20:27,18000.0,4000,Sell,231697663
2024-08-15 09:20:27,18000.0,400,Sell,231697662
2024-08-15 09:20:27,18000.0,1300,Sell,231697661
2024-08-15 09:20:27,18000.0,200,Sell,231697667
2024-08-15 09:20:38,18000.0,300,Buy,231697839
2024-08-15 09:20:38,18000.0,100,Buy,231697840
2024-08-15 09:20:58,18000.0,100,Buy,231698237
2024-08-15 09:20:58,18000.0,300,Buy,231698235
2024-08-15 09:20:58,18000.0,300,Buy,231698234
2024-08-15 09:20:58,18000.0,300,Buy,231698236
2024-08-15 09:21:30,18000.0,1900,Buy,231698813
2024-08-15 09:21:30,18000.0,2000,Buy,231698814
2024-08-15 09:21:30,18000.0,500,Buy,231698815
2024-08-15 09:21:30,18000.0,500,Buy,231698816
2024-08-15 09:21:30,18000.0,100,Buy,231698817
2024-08-15 09:21:31,18000.0,900,Buy,231698850
2024-08-15 09:21:31,18000.0,100,Buy,231698848
2024-08-15 09:21:31,18000.0,1600,Buy,231698852
2024-08-15 09:21:31,18000.0,2000,Buy,231698851
2024-08-15 09:21:31,18000.0,2000,Buy,231698847
2024-08-15 09:21:31,18000.0,100,Buy,231698849
2024-08-15 09:21:31,18000.0,100,Buy,231698845
2024-08-15 09:21:31,18000.0,1000,Buy,231698842
2024-08-15 09:21:31,18000.0,500,Buy,231698843
2024-08-15 09:21:31,18000.0,3000,Buy,231698846
2024-08-15 09:21:31,18000.0,700,Buy,231698841
2024-08-15 09:21:31,18000.0,900,Buy,231698844
2024-08-15 09:21:41,18000.0,900,Sell,231699032
2024-08-15 09:21:50,18000.0,100,Sell,231699221
2024-08-15 09:21:54,18000.0,1000,Sell,231699267
2024-08-15 09:22:04,18000.0,800,Sell,231699433
2024-08-15 09:22:07,18050.0,200,Buy,231699480
2024-08-15 09:22:07,18050.0,100,Buy,231699481
2024-08-15 09:22:07,18050.0,100,Buy,231699478
2024-08-15 09:22:07,18050.0,100,Buy,231699479
2024-08-15 09:22:19,18000.0,300,Sell,231699665
2024-08-15 09:22:23,18050.0,500,Buy,231699755
2024-08-15 09:22:23,18050.0,100,Buy,231699754
2024-08-15 09:22:23,18050.0,100,Buy,231699753
2024-08-15 09:22:23,18050.0,300,Buy,231699752
2024-08-15 09:22:23,18050.0,500,Buy,231699751
2024-08-15 09:22:23,18050.0,300,Buy,231699750
2024-08-15 09:22:23,18050.0,300,Buy,231699748
2024-08-15 09:22:23,18050.0,100,Buy,231699749
2024-08-15 09:22:23,18050.0,1000,Buy,231699746
2024-08-15 09:22:23,18050.0,900,Buy,231699740
2024-08-15 09:22:23,18050.0,200,Buy,231699741
2024-08-15 09:22:23,18050.0,5000,Buy,231699742
2024-08-15 09:22:23,18050.0,1000,Buy,231699747
2024-08-15 09:22:23,18050.0,1800,Buy,231699744
2024-08-15 09:22:23,18050.0,300,Buy,231699745
2024-08-15 09:22:23,18050.0,200,Buy,231699743
2024-08-15 09:22:30,18050.0,900,Sell,231699875
2024-08-15 09:22:31,18050.0,6500,Sell,231699904
2024-08-15 09:22:40,18050.0,1000,Buy,231700043
2024-08-15 09:22:41,18050.0,300,Sell,231700056
2024-08-15 09:22:51,18050.0,500,Sell,231700159
2024-08-15 09:22:53,18050.0,4800,Sell,231700176
2024-08-15 09:22:53,18050.0,5200,Sell,231700177
2024-08-15 09:22:57,18050.0,900,Sell,231700233
2024-08-15 09:22:58,18050.0,1000,Sell,231700238
2024-08-15 09:23:12,18050.0,2900,Sell,231700454
2024-08-15 09:23:12,18050.0,100,Sell,231700455
2024-08-15 09:23:23,18050.0,200,Sell,231700664
2024-08-15 09:23:27,18050.0,600,Buy,231700726
2024-08-15 09:23:50,18050.0,900,Sell,231701090
2024-08-15 09:23:56,18050.0,2500,Sell,231701193
2024-08-15 09:24:16,18050.0,900,Sell,231701562
2024-08-15 09:24:17,18050.0,100,Sell,231701581
2024-08-15 09:24:17,18050.0,100,Sell,231701582
2024-08-15 09:24:21,18050.0,900,Sell,231701633
2024-08-15 09:24:21,18050.0,4100,Sell,231701634
2024-08-15 09:24:23,18050.0,900,Sell,231701673
2024-08-15 09:24:23,18050.0,2000,Sell,231701674
2024-08-15 09:24:23,18050.0,500,Sell,231701675
2024-08-15 09:24:24,18050.0,400,Sell,231701722
2024-08-15 09:24:24,18050.0,500,Sell,231701721
2024-08-15 09:24:30,18050.0,400,Sell,231701818
2024-08-15 09:24:30,18050.0,600,Sell,231701817
2024-08-15 09:24:40,18100.0,1000,Buy,231701981
2024-08-15 09:25:17,18000.0,1000,Sell,231702652
2024-08-15 09:25:17,18000.0,9000,Sell,231702653
2024-08-15 09:25:17,18000.0,5000,Sell,231702654
2024-08-15 09:25:32,18050.0,400,Buy,231702900
2024-08-15 09:25:47,18050.0,1200,Buy,231703096
2024-08-15 09:26:23,18050.0,200,Buy,231703688
2024-08-15 09:26:28,18050.0,200,Buy,231703749
2024-08-15 09:26:57,18050.0,500,Buy,231704161
2024-08-15 09:27:01,18000.0,3600,Sell,231704244
2024-08-15 09:27:06,18050.0,300,Buy,231704340
2024-08-15 09:27:10,18100.0,5000,Buy,231704422
2024-08-15 09:27:10,18100.0,100,Buy,231704423
2024-08-15 09:27:10,18100.0,7000,Buy,231704424
2024-08-15 09:27:10,18100.0,100,Buy,231704425
2024-08-15 09:27:10,18100.0,200,Buy,231704426
2024-08-15 09:27:10,18100.0,100,Buy,231704427
2024-08-15 09:27:10,18100.0,100,Buy,231704428
2024-08-15 09:27:10,18100.0,200,Buy,231704429
2024-08-15 09:27:10,18100.0,2000,Buy,231704431
2024-08-15 09:27:10,18100.0,100,Buy,231704432
2024-08-15 09:27:10,18100.0,20000,Buy,231704433
2024-08-15 09:27:10,18100.0,100,Buy,231704434
2024-08-15 09:27:10,18100.0,2000,Buy,231704421
2024-08-15 09:27:10,18100.0,17500,Buy,231704435
2024-08-15 09:27:10,18100.0,100,Buy,231704430
2024-08-15 09:27:10,18100.0,100,Buy,231704420
2024-08-15 09:27:10,18050.0,100,Buy,231704404
2024-08-15 09:27:10,18100.0,1000,Buy,231704418
2024-08-15 09:27:10,18050.0,12200,Buy,231704403
2024-08-15 09:27:10,18050.0,900,Buy,231704406
2024-08-15 09:27:10,18050.0,1000,Buy,231704407
2024-08-15 09:27:10,18050.0,200,Buy,231704408
2024-08-15 09:27:10,18050.0,800,Buy,231704409
2024-08-15 09:27:10,18050.0,9800,Buy,231704410
2024-08-15 09:27:10,18050.0,1800,Buy,231704405
2024-08-15 09:27:10,18050.0,100,Buy,231704412
2024-08-15 09:27:10,18050.0,3500,Buy,231704411
2024-08-15 09:27:10,18100.0,3700,Buy,231704417
2024-08-15 09:27:10,18050.0,1000,Buy,231704416
2024-08-15 09:27:10,18100.0,7000,Buy,231704419
2024-08-15 09:27:10,18050.0,900,Buy,231704414
2024-08-15 09:27:10,18050.0,400,Buy,231704413
2024-08-15 09:27:10,18050.0,900,Buy,231704415
2024-08-15 09:27:37,18050.0,100,Sell,231704800
2024-08-15 09:27:37,18050.0,1000,Sell,231704801
2024-08-15 09:27:37,18050.0,400,Sell,231704802
2024-08-15 09:27:48,18100.0,2500,Buy,231704925
2024-08-15 09:27:48,18100.0,500,Buy,231704926
2024-08-15 09:27:48,18100.0,200,Buy,231704927
2024-08-15 09:27:48,18050.0,900,Sell,231704930
2024-08-15 09:28:00,18100.0,1000,Buy,231705094
2024-08-15 09:28:00,18050.0,600,Sell,231705095
2024-08-15 09:28:15,18050.0,900,Sell,231705286
2024-08-15 09:28:24,18050.0,100,Sell,231705439
2024-08-15 09:28:33,18050.0,2600,Sell,231705569
2024-08-15 09:28:35,18100.0,500,Buy,231705587
2024-08-15 09:28:39,18100.0,10000,Buy,231705667
2024-08-15 09:28:39,18100.0,500,Buy,231705668
2024-08-15 09:28:39,18100.0,200,Buy,231705669
2024-08-15 09:28:39,18100.0,200,Buy,231705670
2024-08-15 09:28:39,18100.0,100,Buy,231705671
2024-08-15 09:28:39,18100.0,200,Buy,231705672
2024-08-15 09:28:39,18100.0,200,Buy,231705673
2024-08-15 09:28:39,18100.0,1000,Buy,231705674
2024-08-15 09:28:39,18100.0,500,Buy,231705675
2024-08-15 09:28:39,18100.0,100,Buy,231705677
2024-08-15 09:28:39,18100.0,800,Buy,231705678
2024-08-15 09:28:39,18100.0,1000,Buy,231705679
2024-08-15 09:28:39,18100.0,2000,Buy,231705681
2024-08-15 09:28:39,18100.0,2000,Buy,231705682
2024-08-15 09:28:39,18100.0,2000,Buy,231705683
2024-08-15 09:28:39,18100.0,5000,Buy,231705684
2024-08-15 09:28:39,18100.0,1000,Buy,231705685
2024-08-15 09:28:39,18100.0,2000,Buy,231705686
2024-08-15 09:28:39,18100.0,500,Buy,231705687
2024-08-15 09:28:39,18100.0,100,Buy,231705688
2024-08-15 09:28:39,18100.0,100,Buy,231705689
2024-08-15 09:28:39,18100.0,5000,Sell,231705691
2024-08-15 09:28:39,18100.0,100,Buy,231705680
2024-08-15 09:28:39,18100.0,500,Buy,231705666
2024-08-15 09:28:39,18100.0,500,Buy,231705676
2024-08-15 09:28:39,18100.0,400,Buy,231705664
2024-08-15 09:28:39,18100.0,200,Buy,231705642
2024-08-15 09:28:39,18100.0,200,Buy,231705643
2024-08-15 09:28:39,18100.0,100,Buy,231705644
2024-08-15 09:28:39,18100.0,100,Buy,231705645
2024-08-15 09:28:39,18100.0,500,Buy,231705646
2024-08-15 09:28:39,18100.0,300,Buy,231705647
2024-08-15 09:28:39,18100.0,400,Buy,231705648
2024-08-15 09:28:39,18100.0,300,Buy,231705649
2024-08-15 09:28:39,18100.0,1000,Buy,231705650
2024-08-15 09:28:39,18100.0,100,Buy,231705651
2024-08-15 09:28:39,18100.0,100,Buy,231705652
2024-08-15 09:28:39,18100.0,500,Buy,231705665
2024-08-15 09:28:39,18100.0,100,Buy,231705654
2024-08-15 09:28:39,18100.0,100,Buy,231705663
2024-08-15 09:28:39,18100.0,5000,Buy,231705662
2024-08-15 09:28:39,18100.0,900,Buy,231705661
2024-08-15 09:28:39,18100.0,100,Buy,231705660
2024-08-15 09:28:39,18100.0,800,Buy,231705659
2024-08-15 09:28:39,18100.0,100,Buy,231705653
2024-08-15 09:28:39,18100.0,100,Buy,231705657
2024-08-15 09:28:39,18100.0,100,Buy,231705655
2024-08-15 09:28:39,18100.0,200,Buy,231705658
2024-08-15 09:28:39,18100.0,100,Buy,231705656
2024-08-15 09:28:39,18100.0,500,Buy,231705641
2024-08-15 09:28:40,18100.0,2100,Sell,231705699
2024-08-15 09:28:44,18050.0,1500,Sell,231705746
2024-08-15 09:28:45,18050.0,4000,Sell,231705767
2024-08-15 09:28:56,18100.0,600,Buy,231705941
2024-08-15 09:29:12,18050.0,100,Sell,231706128
2024-08-15 09:29:22,18100.0,200,Buy,231706336
2024-08-15 09:29:22,18100.0,200,Buy,231706337
2024-08-15 09:29:22,18100.0,300,Buy,231706338
2024-08-15 09:29:22,18100.0,300,Buy,231706339
2024-08-15 09:29:27,18050.0,4400,Sell,231706419
2024-08-15 09:29:27,18050.0,5000,Sell,231706418
2024-08-15 09:29:27,18050.0,300,Sell,231706417
2024-08-15 09:29:27,18050.0,200,Sell,231706412
2024-08-15 09:29:27,18050.0,5000,Sell,231706415
2024-08-15 09:29:27,18050.0,1000,Sell,231706413
2024-08-15 09:29:27,18050.0,200,Sell,231706416
2024-08-15 09:29:27,18050.0,8900,Sell,231706411
2024-08-15 09:29:48,18050.0,100,Buy,231706751
2024-08-15 09:30:02,18050.0,1000,Buy,231706957
2024-08-15 09:30:05,18050.0,1500,Buy,231707030
2024-08-15 09:30:05,18050.0,1000,Buy,231707032
2024-08-15 09:30:05,18050.0,800,Buy,231707031
2024-08-15 09:30:05,18050.0,500,Buy,231707029
2024-08-15 09:30:05,18050.0,100,Buy,231707027
2024-08-15 09:30:05,18050.0,900,Buy,231707028
2024-08-15 09:30:05,18050.0,23900,Buy,231707026
2024-08-15 09:30:08,18100.0,300,Buy,231707056
2024-08-15 09:30:08,18100.0,900,Buy,231707057
2024-08-15 09:30:08,18100.0,1000,Buy,231707058
2024-08-15 09:30:08,18100.0,27500,Buy,231707059
2024-08-15 09:30:08,18100.0,9700,Buy,231707055
2024-08-15 09:30:17,18100.0,400,Buy,231707259
2024-08-15 09:30:18,18050.0,200,Sell,231707272
2024-08-15 09:30:26,18050.0,1800,Sell,231707422
2024-08-15 09:30:27,18100.0,2200,Buy,231707428
2024-08-15 09:30:27,18050.0,900,Sell,231707429
2024-08-15 09:30:34,18050.0,100,Sell,231707534
2024-08-15 09:30:45,18050.0,1100,Sell,231707735
2024-08-15 09:30:54,18050.0,900,Sell,231707839
2024-08-15 09:31:20,18050.0,800,Sell,231708148
2024-08-15 09:31:32,18050.0,300,Sell,231708302
2024-08-15 09:31:33,18050.0,100,Sell,231708305
2024-08-15 09:31:47,18050.0,900,Sell,231708495
2024-08-15 09:32:02,18050.0,4400,Sell,231708726
2024-08-15 09:32:06,18050.0,1000,Sell,231708778
2024-08-15 09:32:13,18050.0,900,Sell,231708891
2024-08-15 09:32:19,18050.0,1000,Sell,231709016
2024-08-15 09:32:30,18050.0,100,Sell,231709187
2024-08-15 09:32:40,18050.0,800,Sell,231709354
2024-08-15 09:32:47,18050.0,2000,Sell,231709458
2024-08-15 09:32:47,18050.0,500,Sell,231709461
2024-08-15 09:33:06,18050.0,900,Sell,231709615
2024-08-15 09:33:16,18050.0,200,Sell,231709737
2024-08-15 09:33:20,18050.0,300,Sell,231709789
2024-08-15 09:33:21,18050.0,200,Sell,231709795
2024-08-15 09:33:28,18050.0,2200,Sell,231709875
2024-08-15 09:33:28,18050.0,200,Sell,231709874
2024-08-15 09:33:28,18050.0,100,Sell,231709873
2024-08-15 09:33:28,18050.0,100,Sell,231709870
2024-08-15 09:33:28,18050.0,500,Sell,231709871
2024-08-15 09:33:28,18050.0,1900,Sell,231709869
2024-08-15 09:33:28,18050.0,5000,Sell,231709872
2024-08-15 09:33:33,18050.0,900,Sell,231709940
2024-08-15 09:33:35,18050.0,800,Sell,231709968
2024-08-15 09:33:35,18050.0,10000,Sell,231709969
2024-08-15 09:33:35,18050.0,500,Sell,231709970
2024-08-15 09:33:35,18050.0,800,Sell,231709971
2024-08-15 09:33:35,18050.0,1000,Sell,231709972
2024-08-15 09:33:35,18050.0,1000,Sell,231709973
2024-08-15 09:33:35,18050.0,100,Sell,231709974
2024-08-15 09:33:41,18050.0,1000,Buy,231710044
2024-08-15 09:33:51,18050.0,400,Buy,231710215
2024-08-15 09:33:51,18050.0,100,Buy,231710216
2024-08-15 09:34:04,18050.0,600,Buy,231710535
2024-08-15 09:34:04,18050.0,400,Buy,231710534
2024-08-15 09:35:35,18050.0,2400,Buy,231712019
2024-08-15 09:35:35,18050.0,2000,Buy,231712020
2024-08-15 09:35:35,18050.0,100,Buy,231712021
2024-08-15 09:35:35,18050.0,5500,Buy,231712022
2024-08-15 09:35:58,18050.0,100,Buy,231712530
2024-08-15 09:36:02,18050.0,3000,Buy,231712642
2024-08-15 09:36:08,18050.0,1000,Buy,231712740
2024-08-15 09:36:09,18050.0,400,Buy,231712758
2024-08-15 09:36:09,18050.0,600,Buy,231712768
2024-08-15 09:36:34,18050.0,200,Buy,231713245
2024-08-15 09:36:34,18050.0,100,Buy,231713246
2024-08-15 09:36:42,18050.0,100,Buy,231713418
2024-08-15 09:36:42,18050.0,1900,Buy,231713419
2024-08-15 09:36:42,18050.0,900,Buy,231713416
2024-08-15 09:36:42,18050.0,800,Buy,231713417
2024-08-15 09:36:42,18050.0,900,Buy,231713414
2024-08-15 09:36:42,18050.0,100,Buy,231713415
2024-08-15 09:36:42,18050.0,200,Buy,231713413
2024-08-15 09:36:42,18050.0,100,Buy,231713412
2024-08-15 09:36:58,18050.0,200,Buy,231713709
2024-08-15 09:37:11,18050.0,400,Buy,231713922
2024-08-15 09:37:19,18050.0,500,Buy,231714053
2024-08-15 09:37:39,18050.0,200,Buy,231714386
2024-08-15 09:37:42,18050.0,1000,Buy,231714425
2024-08-15 09:37:47,18050.0,800,Buy,231714534
2024-08-15 09:37:47,18050.0,4200,Buy,231714535
2024-08-15 09:37:55,18050.0,200,Buy,231714681
2024-08-15 09:37:59,18050.0,100,Buy,231714732
2024-08-15 09:38:24,18050.0,500,Buy,231715107
2024-08-15 09:38:24,18050.0,1200,Buy,231715109
2024-08-15 09:38:24,18050.0,900,Buy,231715105
2024-08-15 09:38:24,18050.0,900,Buy,231715106
2024-08-15 09:38:24,18050.0,3000,Buy,231715108
2024-08-15 09:38:24,18050.0,500,Buy,231715104
2024-08-15 09:38:31,18050.0,1100,Buy,231715266
2024-08-15 09:38:43,18050.0,1000,Buy,231715540
2024-08-15 09:38:44,18000.0,1800,Sell,231715551
2024-08-15 09:38:45,18050.0,1700,Buy,231715596
2024-08-15 09:38:45,18050.0,800,Buy,231715597
2024-08-15 09:38:45,18050.0,5000,Buy,231715599
2024-08-15 09:38:45,18050.0,900,Buy,231715600
2024-08-15 09:38:45,18050.0,100,Buy,231715601
2024-08-15 09:38:45,18050.0,500,Buy,231715602
2024-08-15 09:38:45,18050.0,900,Buy,231715603
2024-08-15 09:38:45,18050.0,100,Buy,231715604
2024-08-15 09:38:45,18050.0,500,Buy,231715605
2024-08-15 09:38:45,18050.0,2000,Buy,231715598
2024-08-15 09:38:53,18050.0,100,Buy,231715776
2024-08-15 09:39:13,18000.0,1800,Sell,231716132
2024-08-15 09:39:17,18000.0,800,Sell,231716199
2024-08-15 09:39:27,18050.0,300,Buy,231716461
2024-08-15 09:39:27,18050.0,900,Buy,231716460
2024-08-15 09:39:27,18050.0,400,Buy,231716459
2024-08-15 09:39:27,18050.0,900,Buy,231716458
2024-08-15 09:39:27,18050.0,1000,Buy,231716450
2024-08-15 09:39:27,18050.0,800,Buy,231716456
2024-08-15 09:39:27,18050.0,100,Buy,231716454
2024-08-15 09:39:27,18050.0,1300,Buy,231716457
2024-08-15 09:39:27,18050.0,300,Buy,231716455
2024-08-15 09:39:28,18000.0,400,Sell,231716462
2024-08-15 09:39:44,18050.0,700,Buy,231716741
2024-08-15 09:39:44,18050.0,1000,Buy,231716742
2024-08-15 09:39:44,18000.0,900,Sell,231716747
2024-08-15 09:40:10,18000.0,900,Sell,231717270
2024-08-15 09:40:11,18000.0,800,Sell,231717295
2024-08-15 09:40:11,18000.0,200,Sell,231717296
2024-08-15 09:40:37,18000.0,300,Sell,231717739
2024-08-15 09:40:37,18000.0,500,Sell,231717740
2024-08-15 09:41:03,18000.0,900,Sell,231718180
2024-08-15 09:41:10,18000.0,1800,Sell,231718323
2024-08-15 09:41:28,18050.0,1000,Buy,231718737
2024-08-15 09:41:34,18000.0,500,Sell,231718808
2024-08-15 09:41:47,18000.0,1800,Sell,231719186
2024-08-15 09:41:56,18000.0,800,Sell,231719326
2024-08-15 09:42:23,18000.0,900,Sell,231719771
2024-08-15 09:42:43,18000.0,400,Sell,231720119
2024-08-15 09:42:44,18000.0,1800,Sell,231720170
2024-08-15 09:42:50,18000.0,900,Sell,231720251
2024-08-15 09:43:02,18000.0,200,Sell,231720458
2024-08-15 09:43:03,18000.0,400,Sell,231720475
2024-08-15 09:43:04,18000.0,100,Sell,231720528
2024-08-15 09:43:04,18000.0,1700,Sell,231720529
2024-08-15 09:43:16,18000.0,800,Sell,231720709
2024-08-15 09:43:42,18000.0,900,Sell,231721062
2024-08-15 09:43:51,18000.0,1800,Sell,231721180
2024-08-15 09:44:06,18050.0,500,Buy,231721378
2024-08-15 09:44:16,18050.0,200,Buy,231721539
2024-08-15 09:44:39,18050.0,300,Buy,231721898
2024-08-15 09:46:09,18000.0,100,Sell,231723273
2024-08-15 09:46:10,18000.0,100,Sell,231723287
2024-08-15 09:46:21,18000.0,900,Sell,231723419
2024-08-15 09:46:32,18000.0,4400,Sell,231723578
2024-08-15 09:46:36,18000.0,5000,Sell,231723694
2024-08-15 09:46:48,18000.0,300,Sell,231723868
2024-08-15 09:46:48,18000.0,600,Sell,231723869
2024-08-15 09:46:49,18000.0,300,Sell,231723891
2024-08-15 09:46:49,18000.0,100,Sell,231723892
2024-08-15 09:46:49,18000.0,1000,Sell,231723893
2024-08-15 09:46:49,18000.0,300,Sell,231723894
2024-08-15 09:46:49,18000.0,5000,Sell,231723895
2024-08-15 09:46:49,18000.0,3300,Sell,231723896
2024-08-15 09:46:51,18050.0,200,Buy,231723943
2024-08-15 09:46:51,18050.0,1200,Buy,231723941
2024-08-15 09:46:51,18050.0,1000,Buy,231723942
2024-08-15 09:46:51,18050.0,500,Buy,231723939
2024-08-15 09:46:51,18050.0,100,Buy,231723938
2024-08-15 09:46:51,18050.0,2000,Buy,231723940
2024-08-15 09:47:03,18000.0,200,Sell,231724116
2024-08-15 09:47:14,18000.0,800,Sell,231724265
2024-08-15 09:47:24,18050.0,3000,Buy,231724402
2024-08-15 09:47:38,18050.0,200,Buy,231724567
2024-08-15 09:47:53,18000.0,400,Sell,231724814
2024-08-15 09:47:53,18000.0,2000,Sell,231724813
2024-08-15 09:47:53,18000.0,100,Sell,231724811
2024-08-15 09:47:53,18000.0,700,Sell,231724810
2024-08-15 09:47:53,18000.0,1000,Sell,231724812
2024-08-15 09:48:07,18000.0,900,Sell,231725036
2024-08-15 09:48:20,18000.0,3700,Sell,231725240
2024-08-15 09:48:20,18000.0,1100,Sell,231725241
2024-08-15 09:48:20,18000.0,3000,Sell,231725242
2024-08-15 09:48:20,18000.0,200,Sell,231725243
2024-08-15 09:48:30,18000.0,100,Sell,231725408
2024-08-15 09:48:34,18000.0,800,Sell,231725508
2024-08-15 09:48:47,18000.0,1400,Sell,231725776
2024-08-15 09:48:47,18000.0,1000,Sell,231725777
2024-08-15 09:49:00,18000.0,900,Sell,231726020
2024-08-15 09:49:23,18050.0,300,Buy,231726447
2024-08-15 09:50:05,18000.0,1900,Sell,231727287
2024-08-15 09:50:20,18000.0,900,Sell,231727501
2024-08-15 09:50:46,18000.0,900,Sell,231727960
2024-08-15 09:50:54,18000.0,2400,Sell,231728199
2024-08-15 09:50:57,18050.0,100,Buy,231728278
2024-08-15 09:51:02,18000.0,500,Sell,231728402
2024-08-15 09:51:13,18000.0,800,Sell,231728557
2024-08-15 09:51:37,18000.0,800,Sell,231729061
2024-08-15 09:51:37,18000.0,500,Sell,231729060
2024-08-15 09:51:37,18000.0,500,Sell,231729059
2024-08-15 09:51:39,18000.0,900,Sell,231729122
2024-08-15 09:52:02,18050.0,100,Buy,231729520
2024-08-15 09:52:11,18000.0,1800,Sell,231729745
2024-08-15 09:52:32,18000.0,800,Sell,231730013
2024-08-15 09:52:37,18000.0,1600,Sell,231730081
2024-08-15 09:52:37,18000.0,300,Sell,231730080
2024-08-15 09:52:37,18000.0,1000,Sell,231730079
2024-08-15 09:52:37,18000.0,200,Sell,231730078
2024-08-15 09:52:37,18000.0,700,Sell,231730073
2024-08-15 09:52:37,18000.0,1000,Sell,231730076
2024-08-15 09:52:37,18000.0,200,Sell,231730075
2024-08-15 09:52:37,18000.0,500,Sell,231730074
2024-08-15 09:52:37,18000.0,500,Sell,231730077
2024-08-15 09:52:44,18050.0,2800,Buy,231730175
2024-08-15 09:53:01,18000.0,1100,Sell,231730488
2024-08-15 09:53:01,18000.0,1300,Sell,231730489
2024-08-15 09:53:08,18000.0,1500,Sell,231730649
2024-08-15 09:53:08,18000.0,1400,Sell,231730648
2024-08-15 09:53:08,18000.0,5000,Sell,231730646
2024-08-15 09:53:08,18000.0,100,Sell,231730645
2024-08-15 09:53:08,18000.0,100,Sell,231730647
2024-08-15 09:53:08,18000.0,100,Sell,231730643
2024-08-15 09:53:08,18000.0,1000,Sell,231730642
2024-08-15 09:53:08,18000.0,100,Sell,231730641
2024-08-15 09:53:08,18000.0,2400,Sell,231730640
2024-08-15 09:53:08,18000.0,100,Sell,231730644
2024-08-15 09:53:09,18000.0,4500,Sell,231730668
2024-08-15 09:53:09,18000.0,300,Sell,231730667
2024-08-15 09:53:09,18000.0,14000,Sell,231730669
2024-08-15 09:53:09,18000.0,200,Sell,231730665
2024-08-15 09:53:09,18000.0,3500,Sell,231730664
2024-08-15 09:53:09,18000.0,2500,Sell,231730666
2024-08-15 09:53:14,18000.0,200,Sell,231730736
2024-08-15 09:53:14,18000.0,3000,Sell,231730735
2024-08-15 09:53:14,18000.0,5500,Sell,231730734
2024-08-15 09:53:14,18000.0,16000,Sell,231730733
2024-08-15 09:53:14,18000.0,4500,Sell,231730732
2024-08-15 09:53:14,18000.0,300,Sell,231730731
2024-08-15 09:53:14,18000.0,100,Sell,231730730
2024-08-15 09:53:14,18000.0,200,Sell,231730729
2024-08-15 09:53:14,18000.0,10000,Sell,231730728
2024-08-15 09:53:14,18000.0,1000,Sell,231730725
2024-08-15 09:53:14,18000.0,200,Sell,231730726
2024-08-15 09:53:14,18000.0,100,Sell,231730727
2024-08-15 09:53:14,18000.0,5500,Sell,231730718
2024-08-15 09:53:14,18000.0,400,Sell,231730719
2024-08-15 09:53:14,18000.0,2400,Sell,231730720
2024-08-15 09:53:14,18000.0,2000,Sell,231730717
2024-08-15 09:53:14,18000.0,100,Sell,231730722
2024-08-15 09:53:14,18000.0,500,Sell,231730723
2024-08-15 09:53:14,18000.0,100,Sell,231730724
2024-08-15 09:53:14,18000.0,1000,Sell,231730721
2024-08-15 09:53:15,18000.0,400,Sell,231730746
2024-08-15 09:53:15,18000.0,500,Sell,231730751
2024-08-15 09:53:15,18000.0,1000,Sell,231730750
2024-08-15 09:53:15,18000.0,2800,Sell,231730749
2024-08-15 09:53:15,18000.0,500,Sell,231730748
2024-08-15 09:53:15,18000.0,100,Sell,231730747
2024-08-15 09:53:15,18000.0,5500,Sell,231730745
2024-08-15 09:53:15,18000.0,100,Sell,231730741
2024-08-15 09:53:15,18000.0,4500,Sell,231730743
2024-08-15 09:53:15,18000.0,5000,Sell,231730738
2024-08-15 09:53:15,18000.0,700,Sell,231730739
2024-08-15 09:53:15,18000.0,16000,Sell,231730744
2024-08-15 09:53:15,18000.0,800,Sell,231730737
2024-08-15 09:53:15,18000.0,5000,Sell,231730742
2024-08-15 09:53:15,18000.0,100,Sell,231730740
2024-08-15 09:53:22,18000.0,100,Buy,231730863
2024-08-15 09:53:25,18000.0,500,Buy,231730896
2024-08-15 09:53:26,18000.0,1700,Buy,231730911
2024-08-15 09:53:26,18000.0,3300,Buy,231730910
2024-08-15 09:53:34,18000.0,9000,Buy,231731021
2024-08-15 09:53:39,18000.0,100,Buy,231731084
2024-08-15 09:53:42,18000.0,900,Buy,231731128
2024-08-15 09:53:42,18000.0,900,Buy,231731129
2024-08-15 09:53:42,18000.0,100,Buy,231731130
2024-08-15 09:53:42,18000.0,300,Buy,231731131
2024-08-15 09:53:52,18000.0,900,Sell,231731261
2024-08-15 09:53:53,18000.0,100,Sell,231731270
2024-08-15 09:54:18,18000.0,800,Sell,231731591
2024-08-15 09:54:45,18000.0,900,Sell,231731986
2024-08-15 09:54:57,18050.0,500,Buy,231732165
2024-08-15 09:54:57,18050.0,100,Buy,231732166
2024-08-15 09:54:57,18050.0,900,Buy,231732167
2024-08-15 09:54:57,18050.0,1000,Buy,231732168
2024-08-15 09:54:57,18050.0,3000,Buy,231732169
2024-08-15 09:54:57,18050.0,800,Buy,231732164
2024-08-15 09:54:57,18050.0,5100,Buy,231732170
2024-08-15 09:54:57,18050.0,500,Buy,231732172
2024-08-15 09:54:57,18050.0,800,Buy,231732173
2024-08-15 09:54:57,18050.0,400,Buy,231732174
2024-08-15 09:54:57,18050.0,1600,Buy,231732175
2024-08-15 09:54:57,18050.0,15000,Buy,231732176
2024-08-15 09:54:57,18050.0,2400,Buy,231732177
2024-08-15 09:54:57,18050.0,900,Buy,231732171
2024-08-15 09:54:57,18050.0,1600,Buy,231732163
2024-08-15 09:54:57,18050.0,500,Buy,231732155
2024-08-15 09:54:57,18050.0,900,Buy,231732161
2024-08-15 09:54:57,18050.0,13300,Buy,231732147
2024-08-15 09:54:57,18050.0,900,Buy,231732148
2024-08-15 09:54:57,18050.0,500,Buy,231732149
2024-08-15 09:54:57,18050.0,100,Buy,231732150
2024-08-15 09:54:57,18050.0,141400,Buy,231732162
2024-08-15 09:54:57,18050.0,1600,Buy,231732152
2024-08-15 09:54:57,18050.0,100,Buy,231732151
2024-08-15 09:54:57,18050.0,500,Buy,231732154
2024-08-15 09:54:57,18050.0,900,Buy,231732156
2024-08-15 09:54:57,18050.0,800,Buy,231732157
2024-08-15 09:54:57,18050.0,1000,Buy,231732158
2024-08-15 09:54:57,18050.0,900,Buy,231732159
2024-08-15 09:54:57,18050.0,1000,Buy,231732160
2024-08-15 09:54:57,18050.0,1000,Buy,231732153
2024-08-15 09:55:01,18000.0,1800,Sell,231732244
2024-08-15 09:55:04,18050.0,100,Buy,231732316
2024-08-15 09:55:04,18050.0,900,Buy,231732317
2024-08-15 09:55:04,18050.0,2000,Buy,231732318
2024-08-15 09:55:07,18050.0,2000,Buy,231732354
2024-08-15 09:55:07,18050.0,300,Buy,231732352
2024-08-15 09:55:07,18050.0,900,Buy,231732353
2024-08-15 09:55:07,18050.0,3500,Buy,231732351
2024-08-15 09:55:08,18050.0,2000,Sell,231732361
2024-08-15 09:55:11,18050.0,900,Sell,231732385
2024-08-15 09:55:13,18050.0,200,Sell,231732447
2024-08-15 09:55:15,18050.0,200,Sell,231732492
2024-08-15 09:55:23,18050.0,1800,Sell,231732630
2024-08-15 09:55:23,18050.0,100,Sell,231732641
2024-08-15 09:55:38,18050.0,800,Sell,231732813
2024-08-15 09:55:43,18050.0,100,Sell,231732874
2024-08-15 09:56:04,18050.0,900,Sell,231733176
2024-08-15 09:56:31,18050.0,300,Sell,231733503
2024-08-15 09:56:31,18050.0,600,Sell,231733504
2024-08-15 09:56:57,18050.0,800,Sell,231733874
2024-08-15 09:57:05,18050.0,2000,Sell,231734022
2024-08-15 09:57:15,18050.0,200,Sell,231734182
2024-08-15 09:57:21,18100.0,200,Buy,231734312
2024-08-15 09:57:33,18050.0,500,Sell,231734628
2024-08-15 09:57:50,18050.0,900,Sell,231734824
2024-08-15 09:57:55,18100.0,48000,Buy,231734879
2024-08-15 09:57:57,18050.0,5000,Sell,231734898
2024-08-15 09:57:57,18050.0,2000,Sell,231734899
2024-08-15 09:58:09,18050.0,2400,Sell,231735155
2024-08-15 09:58:17,18050.0,800,Sell,231735278
2024-08-15 09:58:43,18050.0,900,Sell,231735711
2024-08-15 09:59:10,18050.0,900,Sell,231736053
2024-08-15 09:59:36,18050.0,800,Sell,231736505
2024-08-15 10:00:03,18050.0,900,Sell,231736798
2024-08-15 10:00:29,18050.0,900,Sell,231737123
2024-08-15 10:00:56,18050.0,400,Sell,231737449
2024-08-15 10:00:56,18050.0,400,Sell,231737448
2024-08-15 10:01:02,18100.0,1000,Buy,231737564
2024-08-15 10:01:02,18100.0,100,Buy,231737555
2024-08-15 10:01:02,18100.0,200,Buy,231737556
2024-08-15 10:01:02,18100.0,300,Buy,231737557
2024-08-15 10:01:02,18100.0,5000,Buy,231737558
2024-08-15 10:01:02,18100.0,200,Buy,231737559
2024-08-15 10:01:02,18100.0,400,Buy,231737560
2024-08-15 10:01:02,18100.0,4000,Buy,231737561
2024-08-15 10:01:02,18100.0,200,Buy,231737562
2024-08-15 10:01:02,18100.0,1500,Buy,231737563
2024-08-15 10:01:02,18100.0,500,Buy,231737565
2024-08-15 10:01:02,18100.0,1000,Buy,231737554
2024-08-15 10:01:02,18100.0,100,Buy,231737567
2024-08-15 10:01:02,18100.0,9500,Buy,231737568
2024-08-15 10:01:02,18100.0,100,Buy,231737569
2024-08-15 10:01:02,18100.0,100,Buy,231737570
2024-08-15 10:01:02,18100.0,2500,Buy,231737573
2024-08-15 10:01:02,18100.0,20000,Buy,231737574
2024-08-15 10:01:02,18100.0,500,Buy,231737575
2024-08-15 10:01:02,18100.0,6600,Buy,231737576
2024-08-15 10:01:02,18100.0,3400,Buy,231737577
2024-08-15 10:01:02,18100.0,900,Buy,231737578
2024-08-15 10:01:02,18100.0,600,Buy,231737580
2024-08-15 10:01:02,18100.0,100,Buy,231737566
2024-08-15 10:01:02,18100.0,100,Buy,231737553
2024-08-15 10:01:02,18100.0,100,Buy,231737579
2024-08-15 10:01:02,18100.0,200,Buy,231737551
2024-08-15 10:01:02,18100.0,100,Buy,231737552
2024-08-15 10:01:02,18100.0,100,Buy,231737527
2024-08-15 10:01:02,18100.0,27200,Buy,231737526
2024-08-15 10:01:02,18100.0,200,Buy,231737528
2024-08-15 10:01:02,18100.0,500,Buy,231737529
2024-08-15 10:01:02,18100.0,500,Buy,231737531
2024-08-15 10:01:02,18100.0,100,Buy,231737532
2024-08-15 10:01:02,18100.0,2000,Buy,231737533
2024-08-15 10:01:02,18100.0,100,Buy,231737534
2024-08-15 10:01:02,18100.0,100,Buy,231737535
2024-08-15 10:01:02,18100.0,1000,Buy,231737536
2024-08-15 10:01:02,18100.0,100,Buy,231737537
2024-08-15 10:01:02,18100.0,2000,Buy,231737530
2024-08-15 10:01:02,18100.0,1600,Buy,231737539
2024-08-15 10:01:02,18100.0,200,Buy,231737540
2024-08-15 10:01:02,18100.0,200,Buy,231737541
2024-08-15 10:01:02,18100.0,1000,Buy,231737542
2024-08-15 10:01:02,18100.0,100,Buy,231737543
2024-08-15 10:01:02,18100.0,100,Buy,231737544
2024-08-15 10:01:02,18100.0,100,Buy,231737545
2024-08-15 10:01:02,18100.0,2000,Buy,231737550
2024-08-15 10:01:02,18100.0,2800,Buy,231737546
2024-08-15 10:01:02,18100.0,2500,Buy,231737547
2024-08-15 10:01:02,18100.0,100,Buy,231737548
2024-08-15 10:01:02,18100.0,1000,Buy,231737549
2024-08-15 10:01:02,18100.0,100,Buy,231737538
2024-08-15 10:01:12,18100.0,200,Buy,231737697
2024-08-15 10:01:12,18100.0,400,Buy,231737695
2024-08-15 10:01:12,18100.0,2900,Buy,231737696
2024-08-15 10:01:18,18100.0,300,Buy,231737752
2024-08-15 10:01:18,18100.0,4700,Buy,231737753
2024-08-15 10:01:22,18100.0,300,Buy,231737817
2024-08-15 10:01:22,18100.0,100,Buy,231737818
2024-08-15 10:01:23,18100.0,600,Sell,231737824
2024-08-15 10:01:24,18100.0,300,Buy,231737851
2024-08-15 10:01:40,18100.0,100,Sell,231738077
2024-08-15 10:01:49,18100.0,900,Sell,231738172
2024-08-15 10:02:01,18100.0,500,Sell,231738319
2024-08-15 10:02:06,18150.0,100,Buy,231738369
2024-08-15 10:02:11,18150.0,1000,Buy,231738431
2024-08-15 10:02:11,18150.0,100,Buy,231738432
2024-08-15 10:02:11,18150.0,1400,Buy,231738430
2024-08-15 10:02:11,18150.0,1900,Buy,231738426
2024-08-15 10:02:11,18150.0,400,Buy,231738428
2024-08-15 10:02:11,18150.0,100,Buy,231738427
2024-08-15 10:02:11,18150.0,100,Buy,231738429
2024-08-15 10:02:12,18150.0,400,Buy,231738443
2024-08-15 10:02:12,18150.0,100,Buy,231738444
2024-08-15 10:02:40,18100.0,500,Sell,231738884
2024-08-15 10:02:42,18100.0,900,Sell,231738898
2024-08-15 10:02:42,18100.0,500,Sell,231738905
2024-08-15 10:02:44,18150.0,200,Buy,231738937
2024-08-15 10:02:47,18150.0,400,Buy,231738986
2024-08-15 10:02:55,18150.0,500,Buy,231739128
2024-08-15 10:02:55,18150.0,300,Buy,231739126
2024-08-15 10:02:55,18150.0,500,Buy,231739127
2024-08-15 10:02:59,18150.0,200,Buy,231739193
2024-08-15 10:03:03,18150.0,6000,Buy,231739386
2024-08-15 10:03:12,18150.0,100,Buy,231739534
2024-08-15 10:03:12,18150.0,6800,Buy,231739527
2024-08-15 10:03:12,18150.0,1800,Buy,231739528
2024-08-15 10:03:12,18150.0,200,Buy,231739529
2024-08-15 10:03:12,18150.0,200,Buy,231739530
2024-08-15 10:03:12,18150.0,1000,Buy,231739531
2024-08-15 10:03:12,18150.0,100,Buy,231739532
2024-08-15 10:03:12,18150.0,1300,Buy,231739533
2024-08-15 10:03:12,18150.0,100,Buy,231739535
2024-08-15 10:03:12,18150.0,200,Buy,231739542
2024-08-15 10:03:12,18150.0,100,Buy,231739537
2024-08-15 10:03:12,18150.0,300,Buy,231739538
2024-08-15 10:03:12,18150.0,100,Buy,231739539
2024-08-15 10:03:12,18150.0,1000,Buy,231739540
2024-08-15 10:03:12,18150.0,100,Buy,231739541
2024-08-15 10:03:12,18150.0,500,Buy,231739543
2024-08-15 10:03:12,18150.0,200,Buy,231739544
2024-08-15 10:03:12,18150.0,14300,Buy,231739545
2024-08-15 10:03:12,18150.0,100,Buy,231739536
2024-08-15 10:03:12,18150.0,10000,Buy,231739524
2024-08-15 10:03:12,18150.0,300,Buy,231739526
2024-08-15 10:03:12,18150.0,100,Buy,231739522
2024-08-15 10:03:12,18150.0,3800,Buy,231739502
2024-08-15 10:03:12,18150.0,200,Buy,231739503
2024-08-15 10:03:12,18150.0,200,Buy,231739504
2024-08-15 10:03:12,18150.0,100,Buy,231739505
2024-08-15 10:03:12,18150.0,200,Buy,231739506
2024-08-15 10:03:12,18150.0,1000,Buy,231739507
2024-08-15 10:03:12,18150.0,1100,Buy,231739508
2024-08-15 10:03:12,18150.0,100,Buy,231739509
2024-08-15 10:03:12,18150.0,100,Buy,231739510
2024-08-15 10:03:12,18150.0,200,Buy,231739523
2024-08-15 10:03:12,18150.0,500,Buy,231739511
2024-08-15 10:03:12,18150.0,300,Buy,231739513
2024-08-15 10:03:12,18150.0,400,Buy,231739514
2024-08-15 10:03:12,18150.0,400,Buy,231739515
2024-08-15 10:03:12,18150.0,1500,Buy,231739516
2024-08-15 10:03:12,18150.0,300,Buy,231739517
2024-08-15 10:03:12,18150.0,300,Buy,231739518
2024-08-15 10:03:12,18150.0,100,Buy,231739519
2024-08-15 10:03:12,18150.0,100,Buy,231739520
2024-08-15 10:03:12,18150.0,100,Buy,231739521
2024-08-15 10:03:12,18150.0,100,Buy,231739512
2024-08-15 10:03:13,18150.0,1700,Buy,231739564
2024-08-15 10:03:13,18150.0,5700,Buy,231739561
2024-08-15 10:03:13,18150.0,100,Buy,231739562
2024-08-15 10:03:13,18150.0,2500,Buy,231739563
2024-08-15 10:03:14,18150.0,800,Buy,231739576
2024-08-15 10:03:14,18150.0,4000,Buy,231739577
2024-08-15 10:03:14,18150.0,100,Buy,231739578
2024-08-15 10:03:14,18150.0,400,Buy,231739579
2024-08-15 10:03:15,18150.0,500,Buy,231739611
2024-08-15 10:03:15,18150.0,100,Buy,231739610
2024-08-15 10:03:15,18150.0,800,Buy,231739609
2024-08-15 10:03:15,18150.0,100,Buy,231739608
2024-08-15 10:03:15,18150.0,500,Buy,231739607
2024-08-15 10:03:15,18150.0,500,Buy,231739604
2024-08-15 10:03:15,18150.0,100,Buy,231739605
2024-08-15 10:03:15,18150.0,300,Buy,231739603
2024-08-15 10:03:15,18150.0,500,Buy,231739602
2024-08-15 10:03:15,18150.0,500,Buy,231739601
2024-08-15 10:03:15,18150.0,600,Buy,231739600
2024-08-15 10:03:15,18150.0,500,Buy,231739606
2024-08-15 10:03:16,18150.0,900,Buy,231739627
2024-08-15 10:03:16,18150.0,4500,Buy,231739624
2024-08-15 10:03:16,18150.0,500,Buy,231739625
2024-08-15 10:03:16,18150.0,100,Buy,231739626
2024-08-15 10:03:17,18150.0,500,Sell,231739673
2024-08-15 10:03:31,18200.0,100,Buy,231739904
2024-08-15 10:03:31,18150.0,400,Sell,231739928
2024-08-15 10:03:31,18150.0,2000,Sell,231739927
2024-08-15 10:03:31,18150.0,100,Sell,231739930
2024-08-15 10:03:31,18200.0,400,Buy,231739907
2024-08-15 10:03:31,18200.0,200,Buy,231739906
2024-08-15 10:03:31,18200.0,800,Buy,231739905
2024-08-15 10:03:31,18150.0,1500,Sell,231739926
2024-08-15 10:03:31,18150.0,1000,Sell,231739929
2024-08-15 10:03:35,18150.0,800,Sell,231739965
2024-08-15 10:03:44,18200.0,600,Buy,231740115
2024-08-15 10:03:50,18150.0,1000,Sell,231740247
2024-08-15 10:03:58,18150.0,1000,Sell,231740413
2024-08-15 10:04:01,18150.0,1000,Sell,231740449
2024-08-15 10:04:02,18150.0,900,Sell,231740487
2024-08-15 10:04:06,18150.0,500,Sell,231740535
2024-08-15 10:04:09,18150.0,1000,Sell,231740605
2024-08-15 10:04:11,18150.0,200,Sell,231740645
2024-08-15 10:04:15,18150.0,1000,Sell,231740693
2024-08-15 10:04:17,18200.0,100,Buy,231740722
2024-08-15 10:04:17,18200.0,100,Buy,231740723
2024-08-15 10:04:17,18200.0,100,Buy,231740724
2024-08-15 10:04:17,18200.0,500,Buy,231740725
2024-08-15 10:04:17,18200.0,100,Buy,231740726
2024-08-15 10:04:17,18200.0,100,Buy,231740727
2024-08-15 10:04:17,18200.0,1000,Buy,231740728
2024-08-15 10:04:19,18200.0,100,Buy,231740743
2024-08-15 10:04:20,18150.0,100,Sell,231740756
2024-08-15 10:04:22,18150.0,500,Sell,231740780
2024-08-15 10:04:24,18200.0,100,Buy,231740801
2024-08-15 10:04:38,18200.0,2000,Buy,231740984
2024-08-15 10:04:39,18200.0,300,Buy,231741020
2024-08-15 10:04:40,18200.0,4000,Buy,231741026
2024-08-15 10:04:43,18200.0,400,Buy,231741159
2024-08-15 10:04:43,18200.0,7700,Buy,231741106
2024-08-15 10:04:43,18200.0,5300,Buy,231741104
2024-08-15 10:04:43,18200.0,4700,Buy,231741103
2024-08-15 10:04:43,18200.0,2000,Buy,231741105
2024-08-15 10:04:43,18200.0,1000,Buy,231741101
2024-08-15 10:04:43,18200.0,2500,Buy,231741083
2024-08-15 10:04:43,18200.0,5000,Buy,231741098
2024-08-15 10:04:43,18200.0,500,Buy,231741102
2024-08-15 10:04:43,18200.0,500,Buy,231741100
2024-08-15 10:04:43,18200.0,800,Buy,231741099
2024-08-15 10:04:45,18200.0,100,Buy,231741206
2024-08-15 10:04:45,18200.0,200,Buy,231741207
2024-08-15 10:04:45,18200.0,1000,Buy,231741208
2024-08-15 10:04:45,18200.0,200,Buy,231741209
2024-08-15 10:04:45,18200.0,200,Buy,231741210
2024-08-15 10:04:45,18200.0,1000,Buy,231741211
2024-08-15 10:04:45,18200.0,200,Buy,231741212
2024-08-15 10:04:45,18200.0,200,Buy,231741213
2024-08-15 10:04:45,18200.0,1900,Buy,231741205
2024-08-15 10:04:47,18200.0,1000,Buy,231741291
2024-08-15 10:04:47,18200.0,100,Buy,231741293
2024-08-15 10:04:47,18200.0,100,Buy,231741289
2024-08-15 10:04:47,18200.0,200,Buy,231741290
2024-08-15 10:04:47,18200.0,200,Buy,231741292
2024-08-15 10:04:47,18200.0,400,Buy,231741288
2024-08-15 10:04:49,18200.0,2900,Buy,231741311
2024-08-15 10:04:49,18200.0,100,Buy,231741312
2024-08-15 10:04:49,18200.0,100,Buy,231741316
2024-08-15 10:04:49,18200.0,100,Buy,231741317
2024-08-15 10:04:49,18200.0,500,Buy,231741318
2024-08-15 10:04:49,18200.0,100,Buy,231741320
2024-08-15 10:04:49,18200.0,500,Buy,231741321
2024-08-15 10:04:49,18200.0,100,Buy,231741322
2024-08-15 10:04:49,18200.0,100,Buy,231741323
2024-08-15 10:04:49,18200.0,8400,Buy,231741324
2024-08-15 10:04:49,18200.0,100,Buy,231741319
2024-08-15 10:04:52,18200.0,10000,Buy,231741358
2024-08-15 10:04:53,18200.0,500,Buy,231741373
2024-08-15 10:04:54,18200.0,1000,Buy,231741381
2024-08-15 10:05:04,18200.0,1000,Buy,231741545
2024-08-15 10:05:04,18200.0,100,Buy,231741560
2024-08-15 10:05:04,18200.0,10100,Buy,231741544
2024-08-15 10:05:04,18200.0,2000,Buy,231741558
2024-08-15 10:05:04,18200.0,700,Buy,231741557
2024-08-15 10:05:04,18200.0,100,Buy,231741556
2024-08-15 10:05:04,18200.0,200,Buy,231741555
2024-08-15 10:05:04,18200.0,200,Buy,231741554
2024-08-15 10:05:04,18200.0,2000,Buy,231741559
2024-08-15 10:05:04,18200.0,100,Buy,231741552
2024-08-15 10:05:04,18200.0,300,Buy,231741551
2024-08-15 10:05:04,18200.0,100,Buy,231741550
2024-08-15 10:05:04,18200.0,400,Buy,231741549
2024-08-15 10:05:04,18200.0,500,Buy,231741548
2024-08-15 10:05:04,18200.0,300,Buy,231741547
2024-08-15 10:05:04,18200.0,1800,Buy,231741546
2024-08-15 10:05:04,18200.0,100,Buy,231741553
2024-08-15 10:05:05,18200.0,2500,Buy,231741607
2024-08-15 10:05:05,18200.0,100,Buy,231741608
2024-08-15 10:05:05,18200.0,100,Buy,231741609
2024-08-15 10:05:05,18200.0,100,Buy,231741610
2024-08-15 10:05:05,18200.0,100,Buy,231741611
2024-08-15 10:05:05,18200.0,100,Buy,231741616
2024-08-15 10:05:05,18200.0,500,Buy,231741606
2024-08-15 10:05:05,18200.0,1500,Buy,231741615
2024-08-15 10:05:05,18200.0,200,Buy,231741617
2024-08-15 10:05:05,18200.0,9200,Buy,231741618
2024-08-15 10:05:05,18200.0,100,Buy,231741613
2024-08-15 10:05:05,18200.0,100,Buy,231741605
2024-08-15 10:05:05,18200.0,500,Buy,231741614
2024-08-15 10:05:05,18200.0,200,Buy,231741603
2024-08-15 10:05:05,18200.0,1000,Buy,231741604
2024-08-15 10:05:05,18200.0,200,Buy,231741563
2024-08-15 10:05:05,18200.0,1000,Buy,231741564
2024-08-15 10:05:05,18200.0,500,Buy,231741565
2024-08-15 10:05:05,18200.0,5400,Buy,231741566
2024-08-15 10:05:05,18200.0,600,Buy,231741596
2024-08-15 10:05:05,18200.0,17400,Buy,231741612
2024-08-15 10:05:05,18200.0,100,Buy,231741598
2024-08-15 10:05:05,18200.0,200,Buy,231741599
2024-08-15 10:05:05,18200.0,6100,Buy,231741600
2024-08-15 10:05:05,18200.0,1000,Buy,231741601
2024-08-15 10:05:05,18200.0,100,Buy,231741597
2024-08-15 10:05:05,18200.0,200,Buy,231741602
2024-08-15 10:05:06,18150.0,1000,Sell,231741626
2024-08-15 10:05:07,18200.0,800,Buy,231741634
2024-08-15 10:05:07,18200.0,3000,Buy,231741635
2024-08-15 10:05:07,18200.0,500,Buy,231741636
2024-08-15 10:05:07,18200.0,700,Buy,231741637
2024-08-15 10:05:08,18200.0,100,Buy,231741642
2024-08-15 10:05:08,18200.0,100,Buy,231741645
2024-08-15 10:05:08,18200.0,1000,Buy,231741644
2024-08-15 10:05:08,18200.0,300,Buy,231741639
2024-08-15 10:05:08,18200.0,100,Buy,231741641
2024-08-15 10:05:08,18200.0,200,Buy,231741640
2024-08-15 10:05:08,18200.0,1000,Buy,231741643
2024-08-15 10:05:09,18200.0,500,Buy,231741685
2024-08-15 10:05:09,18200.0,900,Buy,231741687
2024-08-15 10:05:09,18200.0,500,Buy,231741688
2024-08-15 10:05:09,18200.0,800,Buy,231741690
2024-08-15 10:05:09,18200.0,500,Buy,231741691
2024-08-15 10:05:09,18200.0,700,Buy,231741692
2024-08-15 10:05:09,18200.0,10000,Buy,231741684
2024-08-15 10:05:09,18200.0,100,Buy,231741689
2024-08-15 10:05:09,18200.0,100,Buy,231741683
2024-08-15 10:05:09,18200.0,100,Buy,231741686
2024-08-15 10:05:09,18200.0,100,Buy,231741681
2024-08-15 10:05:09,18200.0,400,Buy,231741673
2024-08-15 10:05:09,18200.0,700,Buy,231741674
2024-08-15 10:05:09,18200.0,300,Buy,231741675
2024-08-15 10:05:09,18200.0,20000,Buy,231741676
2024-08-15 10:05:09,18200.0,10000,Buy,231741682
2024-08-15 10:05:09,18200.0,200,Buy,231741678
2024-08-15 10:05:09,18200.0,2500,Buy,231741679
2024-08-15 10:05:09,18200.0,200,Buy,231741680
2024-08-15 10:05:09,18200.0,100,Buy,231741677
2024-08-15 10:05:10,18200.0,200,Sell,231741704
2024-08-15 10:05:11,18200.0,10000,Sell,231741719
2024-08-15 10:05:12,18200.0,10000,Sell,231741732
2024-08-15 10:05:14,18200.0,200,Sell,231741762
2024-08-15 10:05:14,18200.0,200,Sell,231741768
2024-08-15 10:05:17,18200.0,500,Sell,231741787
2024-08-15 10:05:20,18250.0,1300,Buy,231741876
2024-08-15 10:05:20,18250.0,200,Buy,231741880
2024-08-15 10:05:20,18250.0,500,Buy,231741879
2024-08-15 10:05:20,18250.0,1000,Buy,231741878
2024-08-15 10:05:20,18250.0,2000,Buy,231741877
2024-08-15 10:05:20,18250.0,700,Buy,231741823
2024-08-15 10:05:20,18250.0,1500,Buy,231741821
2024-08-15 10:05:20,18250.0,400,Buy,231741820
2024-08-15 10:05:20,18250.0,2000,Buy,231741819
2024-08-15 10:05:20,18250.0,100,Buy,231741818
2024-08-15 10:05:20,18250.0,300,Buy,231741822
2024-08-15 10:05:21,18250.0,100,Buy,231741882
2024-08-15 10:05:21,18250.0,100,Buy,231741883
2024-08-15 10:05:21,18200.0,200,Sell,231741886
2024-08-15 10:05:26,18200.0,500,Sell,231742000
2024-08-15 10:05:31,18200.0,100,Sell,231742091
2024-08-15 10:05:35,18250.0,500,Buy,231742219
2024-08-15 10:05:38,18250.0,500,Buy,231742288
2024-08-15 10:05:38,18250.0,100,Buy,231742289
2024-08-15 10:05:38,18250.0,9300,Buy,231742290
2024-08-15 10:05:38,18250.0,100,Buy,231742287
2024-08-15 10:05:39,18200.0,100,Sell,231742320
2024-08-15 10:05:41,18250.0,100,Buy,231742336
2024-08-15 10:05:44,18250.0,2100,Buy,231742435
2024-08-15 10:05:44,18250.0,100,Buy,231742434
2024-08-15 10:05:44,18250.0,500,Buy,231742433
2024-08-15 10:05:44,18250.0,200,Buy,231742431
2024-08-15 10:05:44,18250.0,300,Buy,231742430
2024-08-15 10:05:44,18250.0,600,Buy,231742428
2024-08-15 10:05:44,18250.0,200,Buy,231742432
2024-08-15 10:05:44,18250.0,1000,Buy,231742429
2024-08-15 10:05:46,18250.0,200,Buy,231742482
2024-08-15 10:05:46,18250.0,1000,Buy,231742492
2024-08-15 10:05:49,18250.0,1700,Buy,231742539
2024-08-15 10:05:49,18250.0,100,Buy,231742540
2024-08-15 10:05:49,18250.0,1000,Buy,231742541
2024-08-15 10:05:49,18250.0,400,Buy,231742542
2024-08-15 10:05:49,18250.0,600,Buy,231742543
2024-08-15 10:05:49,18250.0,300,Buy,231742544
2024-08-15 10:05:49,18250.0,900,Buy,231742545
2024-08-15 10:05:50,18250.0,1100,Buy,231742586
2024-08-15 10:05:50,18250.0,100,Buy,231742587
2024-08-15 10:05:50,18250.0,1800,Buy,231742588
2024-08-15 10:05:55,18250.0,2000,Buy,231742683
2024-08-15 10:05:56,18250.0,10000,Buy,231742699
2024-08-15 10:05:57,18250.0,700,Buy,231742713
2024-08-15 10:05:57,18250.0,100,Buy,231742702
2024-08-15 10:05:59,18250.0,200,Buy,231742768
2024-08-15 10:06:02,18250.0,10000,Buy,231742822
2024-08-15 10:06:02,18250.0,1000,Buy,231742824
2024-08-15 10:06:05,18250.0,3000,Buy,231742849
2024-08-15 10:06:07,18250.0,200,Buy,231742909
2024-08-15 10:06:11,18250.0,500,Buy,231742987
2024-08-15 10:06:13,18250.0,500,Buy,231743009
2024-08-15 10:06:16,18250.0,300,Buy,231743079
2024-08-15 10:06:19,18250.0,100,Buy,231743113
2024-08-15 10:06:19,18250.0,500,Buy,231743116
2024-08-15 10:06:21,18250.0,500,Buy,231743140
2024-08-15 10:06:21,18250.0,10000,Buy,231743152
2024-08-15 10:06:21,18250.0,700,Buy,231743153
2024-08-15 10:06:26,18250.0,1000,Buy,231743228
2024-08-15 10:06:26,18250.0,500,Buy,231743237
2024-08-15 10:06:28,18250.0,1000,Buy,231743274
2024-08-15 10:06:31,18250.0,1000,Buy,231743303
2024-08-15 10:06:31,18250.0,300,Buy,231743317
2024-08-15 10:06:31,18250.0,200,Buy,231743316
2024-08-15 10:06:31,18250.0,1000,Buy,231743315
2024-08-15 10:06:31,18250.0,500,Buy,231743314
2024-08-15 10:06:31,18250.0,200,Buy,231743313
2024-08-15 10:06:31,18250.0,100,Buy,231743312
2024-08-15 10:06:31,18250.0,3000,Buy,231743318
2024-08-15 10:06:31,18250.0,1000,Buy,231743311
2024-08-15 10:06:31,18250.0,2000,Buy,231743309
2024-08-15 10:06:31,18250.0,400,Buy,231743308
2024-08-15 10:06:31,18250.0,100,Buy,231743307
2024-08-15 10:06:31,18250.0,100,Buy,231743306
2024-08-15 10:06:31,18250.0,200,Buy,231743305
2024-08-15 10:06:31,18250.0,100,Buy,231743304
2024-08-15 10:06:31,18250.0,1000,Buy,231743310
2024-08-15 10:06:31,18250.0,17300,Buy,231743302
2024-08-15 10:06:33,18250.0,500,Buy,231743368
2024-08-15 10:06:37,18250.0,500,Buy,231743417
2024-08-15 10:06:37,18250.0,500,Buy,231743421
2024-08-15 10:06:37,18250.0,200,Buy,231743422
2024-08-15 10:06:37,18250.0,2300,Buy,231743423
2024-08-15 10:06:37,18250.0,500,Buy,231743416
2024-08-15 10:06:38,18250.0,500,Buy,231743437
2024-08-15 10:06:38,18250.0,300,Buy,231743438
2024-08-15 10:06:46,18250.0,6900,Buy,231743565
2024-08-15 10:06:46,18250.0,900,Buy,231743566
2024-08-15 10:06:46,18250.0,500,Buy,231743567
2024-08-15 10:06:46,18250.0,200,Buy,231743568
2024-08-15 10:06:46,18250.0,100,Buy,231743569
2024-08-15 10:06:46,18250.0,900,Buy,231743570
2024-08-15 10:06:46,18250.0,100,Buy,231743571
2024-08-15 10:06:46,18250.0,400,Buy,231743572
2024-08-15 10:06:48,18250.0,300,Buy,231743596
2024-08-15 10:06:51,18250.0,2400,Buy,231743629
2024-08-15 10:06:51,18250.0,600,Buy,231743628
2024-08-15 10:06:54,18200.0,100,Sell,231743663
2024-08-15 10:06:58,18250.0,200,Buy,231743727
2024-08-15 10:07:01,18200.0,5000,Sell,231743761
2024-08-15 10:07:06,18200.0,100,Sell,231743849
2024-08-15 10:07:07,18200.0,900,Sell,231743866
2024-08-15 10:07:09,18250.0,100,Buy,231743889
2024-08-15 10:07:09,18200.0,300,Sell,231743890
2024-08-15 10:07:12,18200.0,24000,Sell,231743938
2024-08-15 10:07:12,18200.0,3000,Sell,231743939
2024-08-15 10:07:12,18200.0,100,Sell,231743940
2024-08-15 10:07:12,18200.0,100,Sell,231743941
2024-08-15 10:07:12,18200.0,22800,Sell,231743942
2024-08-15 10:07:12,18250.0,2300,Buy,231743948
2024-08-15 10:07:12,18250.0,5000,Buy,231743949
2024-08-15 10:07:12,18250.0,1000,Buy,231743950
2024-08-15 10:07:12,18250.0,500,Buy,231743951
2024-08-15 10:07:12,18250.0,1300,Buy,231743952
2024-08-15 10:07:15,18200.0,50000,Sell,231744072
2024-08-15 10:07:18,18200.0,100,Sell,231744182
2024-08-15 10:07:18,18200.0,400,Sell,231744183
2024-08-15 10:07:18,18200.0,500,Sell,231744184
2024-08-15 10:07:18,18200.0,1500,Sell,231744185
2024-08-15 10:07:18,18200.0,1400,Sell,231744186
2024-08-15 10:07:18,18200.0,1500,Sell,231744181
2024-08-15 10:07:20,18200.0,100,Sell,231744210
2024-08-15 10:07:21,18200.0,3500,Sell,231744240
2024-08-15 10:07:21,18200.0,1500,Sell,231744241
2024-08-15 10:07:21,18200.0,3000,Sell,231744242
2024-08-15 10:07:21,18200.0,2000,Sell,231744243
2024-08-15 10:07:21,18200.0,1000,Sell,231744246
2024-08-15 10:07:21,18200.0,900,Sell,231744247
2024-08-15 10:07:21,18200.0,1600,Sell,231744248
2024-08-15 10:07:21,18200.0,500,Sell,231744249
2024-08-15 10:07:22,18200.0,1500,Sell,231744259
2024-08-15 10:07:24,18200.0,600,Buy,231744275
2024-08-15 10:07:25,18200.0,400,Buy,231744303
2024-08-15 10:07:25,18200.0,200,Buy,231744298
2024-08-15 10:07:29,18200.0,1000,Buy,231744450
2024-08-15 10:07:51,18150.0,500,Sell,231744937
2024-08-15 10:07:54,18150.0,300,Sell,231744972
2024-08-15 10:08:00,18150.0,100,Sell,231745183
2024-08-15 10:08:00,18150.0,800,Sell,231745184
2024-08-15 10:08:05,18150.0,100,Sell,231745261
2024-08-15 10:08:08,18150.0,100,Sell,231745297
2024-08-15 10:08:12,18150.0,500,Sell,231745351
2024-08-15 10:08:16,18200.0,6300,Buy,231745427
2024-08-15 10:08:16,18200.0,3700,Buy,231745428
2024-08-15 10:08:18,18150.0,300,Sell,231745480
2024-08-15 10:08:18,18150.0,500,Sell,231745484
2024-08-15 10:08:20,18200.0,500,Buy,231745508
2024-08-15 10:08:32,18200.0,500,Buy,231745703
2024-08-15 10:08:32,18200.0,3100,Buy,231745704
2024-08-15 10:08:32,18200.0,100,Buy,231745702
2024-08-15 10:08:32,18200.0,5800,Buy,231745700
2024-08-15 10:08:32,18200.0,500,Buy,231745701
2024-08-15 10:08:42,18200.0,100,Buy,231745842
2024-08-15 10:08:45,18200.0,1800,Buy,231745877
2024-08-15 10:08:45,18200.0,100,Buy,231745878
2024-08-15 10:08:45,18200.0,1000,Buy,231745879
2024-08-15 10:08:45,18200.0,100,Buy,231745880
2024-08-15 10:08:45,18200.0,2000,Buy,231745881
2024-08-15 10:08:46,18200.0,1000,Buy,231745913
2024-08-15 10:08:46,18200.0,500,Buy,231745912
2024-08-15 10:08:46,18200.0,4400,Buy,231745911
2024-08-15 10:08:46,18200.0,1500,Buy,231745910
2024-08-15 10:08:46,18200.0,900,Buy,231745907
2024-08-15 10:08:46,18200.0,500,Buy,231745909
2024-08-15 10:08:46,18200.0,100,Buy,231745908
2024-08-15 10:08:46,18200.0,200,Buy,231745906
2024-08-15 10:08:46,18200.0,300,Buy,231745900
2024-08-15 10:08:46,18200.0,100,Buy,231745904
2024-08-15 10:08:46,18200.0,500,Buy,231745905
2024-08-15 10:08:46,18200.0,18000,Buy,231745896
2024-08-15 10:08:46,18200.0,800,Buy,231745897
2024-08-15 10:08:46,18200.0,50000,Buy,231745898
2024-08-15 10:08:46,18200.0,5000,Buy,231745899
2024-08-15 10:08:46,18200.0,300,Buy,231745901
2024-08-15 10:08:46,18200.0,100,Buy,231745903
2024-08-15 10:08:46,18200.0,100,Buy,231745902
2024-08-15 10:08:53,18200.0,800,Sell,231746041
2024-08-15 10:08:53,18200.0,300,Sell,231746042
2024-08-15 10:08:57,18200.0,1000,Sell,231746111
2024-08-15 10:09:08,18200.0,8000,Sell,231746294
2024-08-15 10:09:08,18200.0,2000,Sell,231746297
2024-08-15 10:09:08,18200.0,4200,Sell,231746293
2024-08-15 10:09:08,18200.0,1600,Sell,231746295
2024-08-15 10:09:08,18200.0,3000,Sell,231746296
2024-08-15 10:09:09,18200.0,100,Buy,231746359
2024-08-15 10:09:21,18200.0,1100,Buy,231746513
2024-08-15 10:09:21,18200.0,500,Buy,231746514
2024-08-15 10:09:21,18200.0,400,Buy,231746515
2024-08-15 10:09:24,18200.0,500,Buy,231746546
2024-08-15 10:09:29,18200.0,1000,Buy,231746626
2024-08-15 10:09:33,18200.0,300,Buy,231746716
2024-08-15 10:09:37,18200.0,200,Buy,231746769
2024-08-15 10:09:50,18200.0,1500,Buy,231746936
2024-08-15 10:10:10,18200.0,2200,Buy,231747206
2024-08-15 10:10:10,18200.0,200,Buy,231747205
2024-08-15 10:10:10,18200.0,1000,Buy,231747204
2024-08-15 10:10:10,18200.0,900,Buy,231747202
2024-08-15 10:10:10,18200.0,200,Buy,231747201
2024-08-15 10:10:10,18200.0,1000,Buy,231747200
2024-08-15 10:10:10,18200.0,6100,Buy,231747199
2024-08-15 10:10:10,18200.0,200,Buy,231747203
2024-08-15 10:10:24,18200.0,200,Buy,231747387
2024-08-15 10:10:31,18150.0,100,Sell,231747440
2024-08-15 10:10:33,18200.0,4000,Buy,231747453
2024-08-15 10:11:05,18200.0,1600,Buy,231747864
2024-08-15 10:11:05,18200.0,1900,Buy,231747865
2024-08-15 10:11:15,18200.0,10000,Buy,231748000
2024-08-15 10:11:31,18150.0,1500,Sell,231748189
2024-08-15 10:11:31,18150.0,1900,Sell,231748192
2024-08-15 10:11:31,18150.0,1000,Sell,231748188
2024-08-15 10:11:31,18150.0,300,Sell,231748191
2024-08-15 10:11:31,18150.0,100,Sell,231748186
2024-08-15 10:11:31,18150.0,100,Sell,231748187
2024-08-15 10:11:31,18150.0,2600,Sell,231748184
2024-08-15 10:11:31,18150.0,500,Sell,231748190
2024-08-15 10:11:31,18150.0,1000,Sell,231748185
2024-08-15 10:11:32,18150.0,800,Sell,231748218
2024-08-15 10:11:40,18200.0,20000,Buy,231748347
2024-08-15 10:12:57,18150.0,400,Sell,231749435
2024-08-15 10:13:18,18150.0,900,Sell,231749768
2024-08-15 10:13:45,18150.0,900,Sell,231750193
2024-08-15 10:13:56,18150.0,100,Sell,231750333
2024-08-15 10:14:10,18150.0,2000,Sell,231750581
2024-08-15 10:14:11,18150.0,800,Sell,231750588
2024-08-15 10:14:24,18200.0,300,Buy,231750739
2024-08-15 10:14:35,18150.0,100,Sell,231750944
2024-08-15 10:14:38,18150.0,900,Sell,231750999
2024-08-15 10:14:39,18200.0,100,Buy,231751017
2024-08-15 10:14:46,18150.0,100,Sell,231751129
2024-08-15 10:14:46,18150.0,600,Sell,231751128
2024-08-15 10:14:46,18150.0,1200,Sell,231751125
2024-08-15 10:14:46,18150.0,400,Sell,231751127
2024-08-15 10:14:46,18150.0,100,Sell,231751126
2024-08-15 10:15:04,18150.0,900,Sell,231751413
2024-08-15 10:15:16,18150.0,100,Sell,231751520
2024-08-15 10:15:18,18200.0,700,Buy,231751565
2024-08-15 10:15:30,18150.0,900,Sell,231751699
2024-08-15 10:15:30,18150.0,700,Sell,231751700
2024-08-15 10:15:30,18150.0,200,Sell,231751701
2024-08-15 10:15:31,18150.0,800,Sell,231751724
2024-08-15 10:15:57,18150.0,900,Sell,231752208
2024-08-15 10:16:05,18150.0,100,Sell,231752328
2024-08-15 10:16:05,18150.0,1900,Sell,231752329
2024-08-15 10:16:05,18150.0,4000,Sell,231752330
2024-08-15 10:16:23,18150.0,100,Sell,231752729
2024-08-15 10:16:24,18150.0,900,Sell,231752734
2024-08-15 10:16:35,18150.0,2000,Sell,231752891
2024-08-15 10:16:42,18150.0,1000,Sell,231753015
2024-08-15 10:16:44,18150.0,1000,Sell,231753035
2024-08-15 10:16:50,18150.0,800,Sell,231753120
2024-08-15 10:16:53,18150.0,1500,Sell,231753196
2024-08-15 10:16:53,18150.0,1000,Sell,231753195
2024-08-15 10:16:53,18150.0,400,Sell,231753194
2024-08-15 10:16:53,18150.0,2000,Sell,231753193
2024-08-15 10:16:53,18150.0,1000,Sell,231753192
2024-08-15 10:16:53,18150.0,10000,Sell,231753191
2024-08-15 10:16:53,18150.0,3800,Sell,231753184
2024-08-15 10:16:53,18150.0,1600,Sell,231753189
2024-08-15 10:16:53,18150.0,200,Sell,231753188
2024-08-15 10:16:53,18150.0,1000,Sell,231753187
2024-08-15 10:16:53,18150.0,5000,Sell,231753186
2024-08-15 10:16:53,18150.0,2000,Sell,231753185
2024-08-15 10:16:53,18150.0,500,Sell,231753190
2024-08-15 10:17:13,18150.0,8500,Sell,231753509
2024-08-15 10:17:36,18150.0,7000,Buy,231753864
2024-08-15 10:17:36,18150.0,500,Buy,231753863
2024-08-15 10:17:36,18150.0,900,Buy,231753865
2024-08-15 10:17:36,18150.0,900,Buy,231753860
2024-08-15 10:17:36,18150.0,700,Buy,231753862
2024-08-15 10:17:36,18150.0,10000,Buy,231753861
2024-08-15 10:17:42,18150.0,500,Buy,231753944
2024-08-15 10:17:48,18150.0,3400,Buy,231754060
2024-08-15 10:17:50,18150.0,100,Buy,231754081
2024-08-15 10:17:52,18150.0,100,Buy,231754138
2024-08-15 10:17:52,18150.0,1100,Buy,231754139
2024-08-15 10:18:11,18150.0,100,Buy,231754430
2024-08-15 10:18:13,18150.0,200,Buy,231754456
2024-08-15 10:18:17,18150.0,500,Buy,231754499
2024-08-15 10:18:36,18150.0,2000,Buy,231754785
2024-08-15 10:18:43,18150.0,300,Buy,231754876
2024-08-15 10:19:32,18150.0,500,Buy,231755922
2024-08-15 10:19:49,18150.0,300,Buy,231756225
2024-08-15 10:20:10,18100.0,700,Sell,231756713
2024-08-15 10:20:10,18100.0,300,Sell,231756712
2024-08-15 10:20:22,18100.0,900,Sell,231756996
2024-08-15 10:20:49,18100.0,300,Sell,231757586
2024-08-15 10:20:49,18100.0,700,Sell,231757587
2024-08-15 10:20:49,18100.0,300,Sell,231757589
2024-08-15 10:20:49,18100.0,100,Sell,231757590
2024-08-15 10:20:49,18100.0,200,Sell,231757591
2024-08-15 10:20:49,18100.0,100,Sell,231757592
2024-08-15 10:20:49,18100.0,100,Sell,231757593
2024-08-15 10:20:49,18100.0,200,Sell,231757598
2024-08-15 10:20:52,18100.0,2700,Sell,231757658
2024-08-15 10:21:08,18100.0,3600,Sell,231758170
2024-08-15 10:21:08,18100.0,600,Sell,231758171
2024-08-15 10:21:08,18100.0,1700,Sell,231758172
2024-08-15 10:21:15,18100.0,900,Sell,231758339
2024-08-15 10:21:36,18150.0,200,Buy,231758824
2024-08-15 10:21:40,18150.0,500,Buy,231758891
2024-08-15 10:21:40,18150.0,700,Buy,231758892
2024-08-15 10:21:40,18150.0,4800,Buy,231758890
2024-08-15 10:21:53,18100.0,500,Sell,231759135
2024-08-15 10:21:59,18150.0,200,Buy,231759259
2024-08-15 10:21:59,18150.0,200,Buy,231759260
2024-08-15 10:22:15,18150.0,1900,Buy,231759620
2024-08-15 10:22:15,18150.0,800,Buy,231759621
2024-08-15 10:22:15,18150.0,700,Buy,231759622
2024-08-15 10:22:47,18150.0,300,Buy,231760635
2024-08-15 10:22:47,18150.0,300,Buy,231760636
2024-08-15 10:23:20,18150.0,700,Buy,231761558
2024-08-15 10:23:24,18150.0,300,Buy,231761625
2024-08-15 10:23:35,18150.0,100,Buy,231762000
2024-08-15 10:24:26,18100.0,100,Sell,231763144
2024-08-15 10:24:26,18100.0,500,Sell,231763143
2024-08-15 10:24:26,18100.0,1900,Sell,231763141
2024-08-15 10:24:26,18100.0,500,Sell,231763142
2024-08-15 10:24:31,18100.0,400,Sell,231763266
2024-08-15 10:24:32,18100.0,2300,Sell,231763268
2024-08-15 10:24:36,18150.0,200,Buy,231763344
2024-08-15 10:25:01,18100.0,7700,Sell,231763916
2024-08-15 10:25:01,18100.0,2300,Sell,231763917
2024-08-15 10:25:06,18100.0,100,Sell,231764033
2024-08-15 10:25:14,18100.0,900,Sell,231764182
2024-08-15 10:25:23,18100.0,3000,Sell,231764415
2024-08-15 10:25:23,18100.0,10000,Sell,231764414
2024-08-15 10:25:23,18100.0,1100,Sell,231764413
2024-08-15 10:25:23,18100.0,5000,Sell,231764412
2024-08-15 10:25:23,18100.0,5000,Sell,231764411
2024-08-15 10:25:23,18100.0,400,Sell,231764410
2024-08-15 10:25:23,18100.0,4500,Sell,231764408
2024-08-15 10:25:23,18100.0,9000,Sell,231764409
2024-08-15 10:25:23,18100.0,12000,Sell,231764406
2024-08-15 10:25:23,18100.0,100,Sell,231764405
2024-08-15 10:25:23,18100.0,700,Sell,231764404
2024-08-15 10:25:23,18100.0,18000,Sell,231764403
2024-08-15 10:25:23,18100.0,8000,Sell,231764402
2024-08-15 10:25:23,18100.0,22000,Sell,231764401
2024-08-15 10:25:23,18100.0,700,Sell,231764400
2024-08-15 10:25:23,18100.0,500,Sell,231764407
2024-08-15 10:25:26,18100.0,400,Sell,231764502
2024-08-15 10:25:26,18100.0,1600,Sell,231764503
2024-08-15 10:25:26,18100.0,1100,Sell,231764504
2024-08-15 10:25:31,18100.0,1000,Sell,231764567
2024-08-15 10:25:36,18100.0,3000,Sell,231764693
2024-08-15 10:25:38,18100.0,100,Sell,231764715
2024-08-15 10:25:38,18100.0,1600,Sell,231764714
2024-08-15 10:25:38,18100.0,1000,Sell,231764717
2024-08-15 10:25:38,18100.0,3000,Sell,231764712
2024-08-15 10:25:38,18100.0,1000,Sell,231764713
2024-08-15 10:25:38,18100.0,4900,Sell,231764710
2024-08-15 10:25:38,18100.0,100,Sell,231764716
2024-08-15 10:25:38,18100.0,300,Sell,231764711
2024-08-15 10:25:40,18100.0,200,Sell,231764746
2024-08-15 10:25:40,18100.0,100,Sell,231764747
2024-08-15 10:25:40,18100.0,200,Sell,231764748
2024-08-15 10:25:40,18100.0,400,Sell,231764749
2024-08-15 10:25:43,18100.0,900,Sell,231764825
2024-08-15 10:25:43,18100.0,200,Sell,231764826
2024-08-15 10:25:51,18100.0,1000,Sell,231764995
2024-08-15 10:25:53,18100.0,200,Sell,231765024
2024-08-15 10:25:53,18100.0,500,Sell,231765031
2024-08-15 10:25:55,18100.0,1300,Sell,231765080
2024-08-15 10:25:55,18100.0,300,Sell,231765078
2024-08-15 10:25:55,18100.0,500,Sell,231765079
2024-08-15 10:25:55,18100.0,1300,Sell,231765076
2024-08-15 10:25:55,18100.0,3000,Sell,231765075
2024-08-15 10:25:55,18100.0,1600,Sell,231765077
2024-08-15 10:25:57,18100.0,700,Sell,231765116
2024-08-15 10:25:57,18100.0,300,Sell,231765117
2024-08-15 10:26:07,18100.0,800,Sell,231765299
2024-08-15 10:26:17,18100.0,800,Sell,231765550
2024-08-15 10:26:20,18100.0,2700,Sell,231765626
2024-08-15 10:26:26,18100.0,200,Sell,231765774
2024-08-15 10:26:26,18100.0,600,Sell,231765799
2024-08-15 10:26:33,18100.0,900,Sell,231765933
2024-08-15 10:26:38,18100.0,100,Sell,231766070
2024-08-15 10:26:58,18100.0,500,Sell,231766554
2024-08-15 10:26:58,18100.0,200,Sell,231766557
2024-08-15 10:27:00,18100.0,400,Sell,231766614
2024-08-15 10:27:00,18100.0,500,Sell,231766615
2024-08-15 10:27:04,18100.0,500,Sell,231766671
2024-08-15 10:27:11,18100.0,1000,Sell,231766805
2024-08-15 10:27:12,18100.0,5000,Sell,231766813
2024-08-15 10:27:15,18100.0,2600,Sell,231766892
2024-08-15 10:27:15,18100.0,200,Sell,231766874
2024-08-15 10:27:19,18100.0,1000,Sell,231766954
2024-08-15 10:27:22,18100.0,1000,Sell,231766983
2024-08-15 10:27:24,18100.0,3100,Sell,231767009
2024-08-15 10:27:24,18100.0,1700,Sell,231767007
2024-08-15 10:27:24,18100.0,200,Sell,231767008
2024-08-15 10:27:26,18100.0,800,Sell,231767026
2024-08-15 10:27:28,18100.0,5000,Sell,231767121
2024-08-15 10:27:34,18100.0,200,Sell,231767253
2024-08-15 10:27:34,18100.0,900,Sell,231767263
2024-08-15 10:27:34,18100.0,2400,Sell,231767264
2024-08-15 10:27:34,18100.0,1500,Sell,231767265
2024-08-15 10:27:34,18100.0,200,Sell,231767266
2024-08-15 10:27:36,18100.0,300,Sell,231767342
2024-08-15 10:27:36,18150.0,300,Buy,231767340
2024-08-15 10:27:36,18100.0,200,Sell,231767343
2024-08-15 10:27:36,18150.0,300,Buy,231767338
2024-08-15 10:27:36,18150.0,900,Buy,231767337
2024-08-15 10:27:36,18150.0,100,Buy,231767339
2024-08-15 10:27:36,18150.0,400,Buy,231767336
2024-08-15 10:27:39,18100.0,500,Sell,231767406
2024-08-15 10:27:46,18100.0,2800,Sell,231767492
2024-08-15 10:27:46,18100.0,400,Sell,231767493
2024-08-15 10:27:46,18100.0,1600,Sell,231767494
2024-08-15 10:27:46,18100.0,2400,Sell,231767495
2024-08-15 10:27:46,18100.0,300,Sell,231767491
2024-08-15 10:27:46,18100.0,2500,Sell,231767496
2024-08-15 10:27:52,18100.0,7500,Sell,231767590
2024-08-15 10:27:52,18100.0,10500,Sell,231767591
2024-08-15 10:28:05,18100.0,300,Buy,231767857
2024-08-15 10:28:30,18100.0,800,Buy,231768350
2024-08-15 10:28:30,18100.0,500,Buy,231768377
2024-08-15 10:28:44,18100.0,500,Buy,231768697
2024-08-15 10:28:44,18100.0,4900,Buy,231768699
2024-08-15 10:28:44,18100.0,800,Buy,231768698
2024-08-15 10:28:44,18100.0,200,Buy,231768696
2024-08-15 10:28:44,18100.0,100,Buy,231768694
2024-08-15 10:28:44,18100.0,900,Buy,231768695
2024-08-15 10:28:44,18100.0,2600,Buy,231768693
2024-08-15 10:28:46,18100.0,100,Buy,231768726
2024-08-15 10:28:54,18100.0,2400,Buy,231768990
2024-08-15 10:28:56,18100.0,2600,Buy,231769028
2024-08-15 10:28:56,18100.0,1000,Buy,231769029
2024-08-15 10:28:56,18100.0,500,Buy,231769030
2024-08-15 10:28:56,18100.0,5000,Buy,231769031
2024-08-15 10:28:56,18100.0,2700,Buy,231769032
2024-08-15 10:28:56,18100.0,5000,Buy,231769033
2024-08-15 10:28:56,18100.0,900,Buy,231769034
2024-08-15 10:28:56,18100.0,4000,Buy,231769035
2024-08-15 10:28:56,18100.0,500,Buy,231769036
2024-08-15 10:28:56,18100.0,11500,Buy,231769037
2024-08-15 10:28:57,18100.0,100,Buy,231769050
2024-08-15 10:29:00,18100.0,5000,Buy,231769096
2024-08-15 10:29:06,18100.0,500,Buy,231769212
2024-08-15 10:29:15,18100.0,300,Buy,231769410
2024-08-15 10:29:17,18100.0,500,Buy,231769447
2024-08-15 10:29:18,18100.0,100,Buy,231769466
2024-08-15 10:29:26,18100.0,1000,Buy,231769621
2024-08-15 10:29:40,18100.0,1000,Buy,231769907
2024-08-15 10:29:40,18100.0,2000,Buy,231769908
2024-08-15 10:29:40,18100.0,5000,Buy,231769909
2024-08-15 10:29:40,18100.0,800,Buy,231769910
2024-08-15 10:29:40,18100.0,100,Buy,231769911
2024-08-15 10:29:40,18100.0,1100,Buy,231769912
2024-08-15 10:29:41,18100.0,900,Buy,231769937
2024-08-15 10:29:41,18100.0,1000,Buy,231769936
2024-08-15 10:29:41,18100.0,200,Buy,231769935
2024-08-15 10:29:41,18100.0,900,Buy,231769934
2024-08-15 10:29:41,18100.0,1000,Buy,231769932
2024-08-15 10:29:41,18100.0,700,Buy,231769927
2024-08-15 10:29:41,18100.0,2700,Buy,231769933
2024-08-15 10:29:41,18100.0,200,Buy,231769931
2024-08-15 10:29:42,18100.0,200,Sell,231769969
2024-08-15 10:29:47,18100.0,100,Sell,231770020
2024-08-15 10:29:49,18100.0,1000,Sell,231770045
2024-08-15 10:29:52,18100.0,1800,Sell,231770078
2024-08-15 10:29:53,18100.0,200,Buy,231770090
2024-08-15 10:29:53,18100.0,900,Buy,231770091
2024-08-15 10:29:54,18100.0,100,Buy,231770109
2024-08-15 10:29:58,18100.0,6000,Buy,231770200
2024-08-15 10:29:59,18100.0,2600,Sell,231770216
2024-08-15 10:30:05,18100.0,800,Sell,231770294
2024-08-15 10:30:25,18150.0,1500,Buy,231770703
2024-08-15 10:30:25,18150.0,100,Buy,231770705
2024-08-15 10:30:25,18150.0,100,Buy,231770701
2024-08-15 10:30:25,18150.0,600,Buy,231770700
2024-08-15 10:30:25,18150.0,800,Buy,231770702
2024-08-15 10:30:26,18100.0,300,Sell,231770717
2024-08-15 10:30:28,18100.0,300,Sell,231770750
2024-08-15 10:30:28,18100.0,500,Sell,231770751
2024-08-15 10:30:28,18100.0,1200,Sell,231770752
2024-08-15 10:30:32,18100.0,900,Sell,231770820
2024-08-15 10:30:55,18100.0,2200,Sell,231771192
2024-08-15 10:30:55,18100.0,400,Sell,231771193
2024-08-15 10:30:58,18100.0,900,Sell,231771248
2024-08-15 10:31:01,18100.0,1000,Sell,231771287
2024-08-15 10:31:25,18100.0,900,Sell,231771734
2024-08-15 10:31:47,18100.0,1000,Sell,231772067
2024-08-15 10:31:49,18100.0,1800,Sell,231772096
2024-08-15 10:31:49,18100.0,800,Sell,231772095
2024-08-15 10:31:51,18100.0,400,Sell,231772121
2024-08-15 10:31:51,18100.0,400,Sell,231772120
2024-08-15 10:32:07,18100.0,1600,Sell,231772360
2024-08-15 10:32:07,18100.0,300,Sell,231772361
2024-08-15 10:32:07,18100.0,8100,Sell,231772362
2024-08-15 10:32:07,18100.0,1900,Sell,231772366
2024-08-15 10:32:07,18100.0,2600,Sell,231772367
2024-08-15 10:32:07,18100.0,1500,Sell,231772368
2024-08-15 10:32:18,18100.0,900,Sell,231772759
2024-08-15 10:32:44,18100.0,900,Sell,231773169
2024-08-15 10:32:44,18100.0,2600,Sell,231773185
2024-08-15 10:32:46,18100.0,2000,Sell,231773220
2024-08-15 10:32:58,18150.0,100,Buy,231773360
2024-08-15 10:33:15,18100.0,100,Sell,231773610
2024-08-15 10:33:17,18150.0,100,Buy,231773632
2024-08-15 10:33:46,18150.0,2000,Buy,231774104
2024-08-15 10:34:49,18150.0,400,Buy,231775064
2024-08-15 10:35:10,18150.0,100,Buy,231775463
2024-08-15 10:35:17,18150.0,100,Buy,231775562
2024-08-15 10:35:22,18150.0,7000,Buy,231775641
2024-08-15 10:35:22,18150.0,900,Buy,231775651
2024-08-15 10:35:22,18150.0,100,Buy,231775650
2024-08-15 10:35:22,18150.0,200,Buy,231775649
2024-08-15 10:35:22,18150.0,700,Buy,231775648
2024-08-15 10:35:22,18150.0,500,Buy,231775647
2024-08-15 10:35:22,18150.0,200,Buy,231775646
2024-08-15 10:35:22,18150.0,2700,Buy,231775645
2024-08-15 10:35:22,18150.0,800,Buy,231775644
2024-08-15 10:35:22,18150.0,900,Buy,231775643
2024-08-15 10:35:22,18150.0,300,Buy,231775642
2024-08-15 10:35:22,18150.0,2700,Buy,231775640
2024-08-15 10:35:22,18150.0,800,Buy,231775652
2024-08-15 10:35:22,18150.0,200,Buy,231775638
2024-08-15 10:35:22,18150.0,7100,Buy,231775626
2024-08-15 10:35:22,18150.0,900,Buy,231775627
2024-08-15 10:35:22,18150.0,2800,Buy,231775628
2024-08-15 10:35:22,18150.0,600,Buy,231775629
2024-08-15 10:35:22,18150.0,2000,Buy,231775630
2024-08-15 10:35:22,18150.0,900,Buy,231775639
2024-08-15 10:35:22,18150.0,500,Buy,231775632
2024-08-15 10:35:22,18150.0,900,Buy,231775633
2024-08-15 10:35:22,18150.0,2700,Buy,231775634
2024-08-15 10:35:22,18150.0,5000,Buy,231775635
2024-08-15 10:35:22,18150.0,800,Buy,231775637
2024-08-15 10:35:22,18150.0,2000,Buy,231775631
2024-08-15 10:35:33,18100.0,100,Sell,231775794
2024-08-15 10:35:50,18100.0,800,Sell,231776121
2024-08-15 10:36:02,18150.0,100,Buy,231776288
2024-08-15 10:36:05,18100.0,1100,Sell,231776340
2024-08-15 10:36:05,18100.0,1300,Sell,231776341
2024-08-15 10:36:16,18100.0,900,Sell,231776485
2024-08-15 10:36:23,18100.0,2700,Sell,231776561
2024-08-15 10:36:35,18100.0,100,Sell,231776722
2024-08-15 10:36:35,18100.0,100,Sell,231776721
2024-08-15 10:36:43,18100.0,100,Sell,231776854
2024-08-15 10:36:43,18100.0,800,Sell,231776855
2024-08-15 10:37:09,18100.0,800,Sell,231777199
2024-08-15 10:37:12,18100.0,200,Sell,231777225
2024-08-15 10:37:14,18100.0,100,Sell,231777261
2024-08-15 10:37:17,18100.0,2600,Sell,231777309
2024-08-15 10:37:36,18100.0,900,Sell,231777566
2024-08-15 10:37:58,18100.0,1500,Sell,231777878
2024-08-15 10:38:02,18100.0,900,Sell,231777971
2024-08-15 10:38:03,18150.0,300,Buy,231777978
2024-08-15 10:38:20,18100.0,300,Sell,231778185
2024-08-15 10:38:29,18100.0,800,Sell,231778369
2024-08-15 10:38:55,18100.0,900,Sell,231778667
2024-08-15 10:39:02,18100.0,200,Sell,231778726
2024-08-15 10:39:02,18100.0,200,Sell,231778727
2024-08-15 10:39:02,18100.0,900,Sell,231778728
2024-08-15 10:39:02,18100.0,100,Sell,231778729
2024-08-15 10:39:02,18100.0,1100,Sell,231778730
2024-08-15 10:39:07,18100.0,1700,Sell,231778806
2024-08-15 10:39:07,18100.0,900,Sell,231778805
2024-08-15 10:39:15,18100.0,3000,Sell,231778883
2024-08-15 10:39:22,18100.0,200,Sell,231778960
2024-08-15 10:39:22,18100.0,900,Sell,231778949
2024-08-15 10:39:32,18100.0,900,Sell,231779071
2024-08-15 10:39:46,18100.0,2500,Sell,231779233
2024-08-15 10:39:48,18100.0,800,Sell,231779256
2024-08-15 10:40:02,18100.0,2600,Sell,231779426
2024-08-15 10:40:15,18100.0,200,Sell,231779568
2024-08-15 10:40:15,18100.0,500,Sell,231779569
2024-08-15 10:40:15,18100.0,200,Sell,231779570
2024-08-15 10:40:26,18150.0,1300,Buy,231779733
2024-08-15 10:40:26,18150.0,500,Buy,231779734
2024-08-15 10:40:33,18150.0,8700,Buy,231779877
2024-08-15 10:40:33,18150.0,500,Buy,231779875
2024-08-15 10:40:33,18150.0,500,Buy,231779876
2024-08-15 10:40:33,18150.0,300,Buy,231779874
2024-08-15 10:40:35,18100.0,1000,Sell,231779899
2024-08-15 10:40:40,18100.0,300,Sell,231779955
2024-08-15 10:40:40,18100.0,200,Sell,231779956
2024-08-15 10:40:40,18100.0,2100,Sell,231779957
2024-08-15 10:40:41,18100.0,900,Sell,231779969
2024-08-15 10:40:47,18100.0,500,Sell,231780062
2024-08-15 10:40:48,18150.0,2000,Buy,231780070
2024-08-15 10:41:08,18150.0,1000,Buy,231780351
2024-08-15 10:41:19,18100.0,3800,Sell,231780505
2024-08-15 10:41:19,18100.0,1000,Sell,231780506
2024-08-15 10:41:19,18100.0,300,Sell,231780507
2024-08-15 10:41:19,18100.0,400,Sell,231780508
2024-08-15 10:41:25,18150.0,6000,Buy,231780573
2024-08-15 10:41:34,18100.0,2400,Sell,231780684
2024-08-15 10:41:41,18150.0,1000,Buy,231780781
2024-08-15 10:41:51,18150.0,1500,Buy,231780924
2024-08-15 10:41:51,18150.0,5000,Buy,231780925
2024-08-15 10:41:51,18150.0,100,Buy,231780926
2024-08-15 10:41:51,18150.0,100,Buy,231780927
2024-08-15 10:41:51,18150.0,5000,Buy,231780930
2024-08-15 10:41:51,18150.0,200,Buy,231780923
2024-08-15 10:41:51,18150.0,100,Buy,231780929
2024-08-15 10:41:51,18150.0,900,Buy,231780931
2024-08-15 10:41:51,18150.0,600,Buy,231780932
2024-08-15 10:41:51,18150.0,800,Buy,231780928
2024-08-15 10:41:51,18150.0,1000,Buy,231780922
2024-08-15 10:41:51,18150.0,5000,Buy,231780913
2024-08-15 10:41:51,18150.0,1600,Buy,231780920
2024-08-15 10:41:51,18150.0,500,Buy,231780921
2024-08-15 10:41:51,18150.0,1300,Buy,231780909
2024-08-15 10:41:51,18150.0,200,Buy,231780910
2024-08-15 10:41:51,18150.0,200,Buy,231780912
2024-08-15 10:41:51,18150.0,500,Buy,231780914
2024-08-15 10:41:51,18150.0,1000,Buy,231780911
2024-08-15 10:41:51,18150.0,1000,Buy,231780916
2024-08-15 10:41:51,18150.0,1800,Buy,231780915
2024-08-15 10:41:51,18150.0,100,Buy,231780918
2024-08-15 10:41:51,18150.0,1000,Buy,231780919
2024-08-15 10:41:51,18150.0,500,Buy,231780917
2024-08-15 10:42:28,18100.0,2400,Sell,231781320
2024-08-15 10:42:30,18100.0,5000,Sell,231781349
2024-08-15 10:42:34,18150.0,200,Buy,231781371
2024-08-15 10:42:59,18150.0,1800,Buy,231781749
2024-08-15 10:42:59,18150.0,200,Buy,231781750
2024-08-15 10:43:22,18100.0,1400,Sell,231782007
2024-08-15 10:43:22,18100.0,100,Sell,231782008
2024-08-15 10:43:22,18100.0,1100,Sell,231782009
2024-08-15 10:43:41,18100.0,2600,Sell,231782231
2024-08-15 10:43:47,18100.0,800,Sell,231782310
2024-08-15 10:43:53,18100.0,100,Sell,231782416
2024-08-15 10:44:13,18150.0,300,Buy,231782675
2024-08-15 10:44:13,18150.0,600,Buy,231782674
2024-08-15 10:44:13,18150.0,900,Buy,231782673
2024-08-15 10:44:13,18150.0,100,Buy,231782670
2024-08-15 10:44:13,18150.0,100,Buy,231782671
2024-08-15 10:44:13,18100.0,900,Sell,231782668
2024-08-15 10:44:13,18150.0,500,Buy,231782672
2024-08-15 10:44:13,18150.0,300,Buy,231782669
2024-08-15 10:44:16,18100.0,1500,Sell,231782713
2024-08-15 10:44:16,18100.0,100,Sell,231782714
2024-08-15 10:44:16,18100.0,800,Sell,231782715
2024-08-15 10:44:35,18100.0,1800,Sell,231782935
2024-08-15 10:44:35,18100.0,800,Sell,231782934
2024-08-15 10:44:40,18100.0,900,Sell,231782982
2024-08-15 10:45:06,18100.0,600,Sell,231783329
2024-08-15 10:45:06,18100.0,200,Sell,231783328
2024-08-15 10:45:10,18100.0,2600,Sell,231783387
2024-08-15 10:45:17,18100.0,100,Sell,231783449
2024-08-15 10:45:17,18100.0,100,Sell,231783450
2024-08-15 10:45:17,18100.0,9800,Sell,231783451
2024-08-15 10:45:30,18100.0,2600,Sell,231783652
2024-08-15 10:45:33,18100.0,900,Sell,231783694
2024-08-15 10:45:38,18100.0,500,Sell,231783762
2024-08-15 10:45:48,18100.0,4500,Sell,231783913
2024-08-15 10:45:48,18100.0,4200,Sell,231783911
2024-08-15 10:45:48,18100.0,1000,Sell,231783912
2024-08-15 10:45:48,18100.0,100,Sell,231783909
2024-08-15 10:45:48,18100.0,2000,Sell,231783908
2024-08-15 10:45:48,18100.0,6200,Sell,231783907
2024-08-15 10:45:48,18100.0,2000,Sell,231783910
2024-08-15 10:45:53,18100.0,500,Sell,231783994
2024-08-15 10:45:56,18100.0,1000,Sell,231784016
2024-08-15 10:45:58,18100.0,100,Sell,231784048
2024-08-15 10:46:00,18100.0,900,Sell,231784080
2024-08-15 10:46:03,18100.0,100,Sell,231784116
2024-08-15 10:46:04,18100.0,2500,Sell,231784129
2024-08-15 10:46:25,18100.0,2600,Sell,231784448
2024-08-15 10:46:26,18100.0,2000,Sell,231784473
2024-08-15 10:46:26,18100.0,100,Sell,231784472
2024-08-15 10:46:26,18100.0,600,Sell,231784471
2024-08-15 10:46:26,18100.0,2100,Sell,231784474
2024-08-15 10:46:26,18100.0,500,Sell,231784469
2024-08-15 10:46:26,18100.0,100,Sell,231784470
2024-08-15 10:46:26,18100.0,1000,Sell,231784466
2024-08-15 10:46:26,18100.0,1000,Sell,231784468
2024-08-15 10:46:26,18100.0,800,Sell,231784457
2024-08-15 10:46:26,18100.0,200,Sell,231784467
2024-08-15 10:46:26,18100.0,100,Sell,231784464
2024-08-15 10:46:26,18100.0,300,Sell,231784465
2024-08-15 10:46:26,18100.0,2000,Sell,231784463
2024-08-15 10:46:28,18100.0,100,Sell,231784506
2024-08-15 10:46:53,18100.0,900,Sell,231784733
2024-08-15 10:46:58,18100.0,2400,Sell,231784773
2024-08-15 10:47:19,18100.0,900,Sell,231784960
2024-08-15 10:47:20,18100.0,2600,Sell,231784976
2024-08-15 10:47:25,18100.0,2000,Sell,231785074
2024-08-15 10:47:44,18100.0,300,Sell,231785298
2024-08-15 10:47:46,18100.0,800,Sell,231785314
2024-08-15 10:47:52,18150.0,100,Buy,231785392
2024-08-15 10:47:52,18100.0,2400,Sell,231785390
2024-08-15 10:47:52,18150.0,500,Buy,231785391
2024-08-15 10:48:24,18150.0,8200,Buy,231785794
2024-08-15 10:48:24,18150.0,1200,Buy,231785791
2024-08-15 10:48:24,18150.0,200,Buy,231785793
2024-08-15 10:48:24,18150.0,1000,Buy,231785792
2024-08-15 10:48:24,18150.0,100,Buy,231785790
2024-08-15 10:48:24,18150.0,1000,Buy,231785785
2024-08-15 10:48:24,18150.0,2600,Buy,231785788
2024-08-15 10:48:24,18150.0,900,Buy,231785787
2024-08-15 10:48:24,18150.0,900,Buy,231785786
2024-08-15 10:48:24,18150.0,10000,Buy,231785789
2024-08-15 10:48:24,18150.0,2500,Buy,231785784
2024-08-15 10:48:25,18150.0,1000,Buy,231785818
2024-08-15 10:48:46,18100.0,2500,Sell,231786031
2024-08-15 10:49:05,18100.0,800,Sell,231786188
2024-08-15 10:49:09,18100.0,2200,Sell,231786221
2024-08-15 10:49:09,18100.0,400,Sell,231786222
2024-08-15 10:49:21,18100.0,100,Sell,231786338
2024-08-15 10:49:32,18100.0,900,Sell,231786431
2024-08-15 10:49:40,18100.0,2400,Sell,231786489
2024-08-15 10:49:48,18100.0,1200,Sell,231786566
2024-08-15 10:49:48,18100.0,500,Sell,231786567
2024-08-15 10:49:48,18100.0,100,Sell,231786568
2024-08-15 10:49:48,18100.0,200,Sell,231786569
2024-08-15 10:49:58,18100.0,900,Sell,231786758
2024-08-15 10:50:04,18100.0,2500,Sell,231786809
2024-08-15 10:50:25,18100.0,800,Sell,231787058
2024-08-15 10:50:34,18100.0,2400,Sell,231787180
2024-08-15 10:50:37,18100.0,100,Sell,231787212
2024-08-15 10:50:51,18100.0,900,Sell,231787413
2024-08-15 10:50:59,18100.0,300,Sell,231787509
2024-08-15 10:50:59,18100.0,1000,Sell,231787507
2024-08-15 10:50:59,18100.0,200,Sell,231787506
2024-08-15 10:50:59,18100.0,1000,Sell,231787508
2024-08-15 10:51:15,18100.0,700,Sell,231787735
2024-08-15 10:51:18,18100.0,3400,Sell,231787812
2024-08-15 10:51:18,18100.0,100,Sell,231787813
2024-08-15 10:51:28,18050.0,1000,Sell,231787965
2024-08-15 10:51:28,18050.0,1400,Sell,231787966
2024-08-15 10:51:44,18050.0,800,Sell,231788145
2024-08-15 10:51:51,18100.0,100,Buy,231788210
2024-08-15 10:52:22,18050.0,2500,Sell,231788621
2024-08-15 10:52:31,18050.0,300,Sell,231788776
2024-08-15 10:52:31,18050.0,4500,Sell,231788777
2024-08-15 10:52:37,18050.0,500,Sell,231788875
2024-08-15 10:52:37,18050.0,400,Sell,231788876
2024-08-15 10:52:48,18050.0,2600,Sell,231789011
2024-08-15 10:53:03,18050.0,4800,Sell,231789265
2024-08-15 10:53:04,18050.0,800,Sell,231789306
2024-08-15 10:53:07,18050.0,5000,Sell,231789352
2024-08-15 10:53:15,18050.0,100,Sell,231789417
2024-08-15 10:53:16,18050.0,2400,Sell,231789428
2024-08-15 10:53:19,18050.0,1000,Sell,231789473
2024-08-15 10:53:19,18050.0,7600,Sell,231789490
2024-08-15 10:53:19,18050.0,7800,Sell,231789489
2024-08-15 10:53:19,18050.0,500,Sell,231789488
2024-08-15 10:53:19,18050.0,700,Sell,231789487
2024-08-15 10:53:19,18050.0,700,Sell,231789485
2024-08-15 10:53:19,18050.0,1000,Sell,231789484
2024-08-15 10:53:19,18050.0,1000,Sell,231789483
2024-08-15 10:53:19,18050.0,4000,Sell,231789482
2024-08-15 10:53:19,18050.0,100,Sell,231789486
2024-08-15 10:53:19,18050.0,1000,Sell,231789480
2024-08-15 10:53:19,18050.0,5000,Sell,231789481
2024-08-15 10:53:19,18050.0,600,Sell,231789474
2024-08-15 10:53:19,18050.0,100,Sell,231789475
2024-08-15 10:53:19,18050.0,1000,Sell,231789476
2024-08-15 10:53:19,18050.0,3900,Sell,231789472
2024-08-15 10:53:19,18050.0,1000,Sell,231789478
2024-08-15 10:53:19,18050.0,1000,Sell,231789479
2024-08-15 10:53:19,18050.0,1000,Sell,231789477
2024-08-15 10:53:21,18100.0,1800,Buy,231789510
2024-08-15 10:53:27,18050.0,1000,Sell,231789567
2024-08-15 10:53:30,18050.0,900,Sell,231789594
2024-08-15 10:53:43,18050.0,2500,Sell,231789799
2024-08-15 10:53:48,18050.0,100,Sell,231789858
2024-08-15 10:53:57,18050.0,900,Sell,231789957
2024-08-15 10:54:10,18050.0,2400,Sell,231790116
2024-08-15 10:54:15,18050.0,1000,Sell,231790172
2024-08-15 10:54:23,18050.0,800,Sell,231790277
2024-08-15 10:54:38,18050.0,2500,Sell,231790532
2024-08-15 10:54:50,18050.0,900,Sell,231790630
2024-08-15 10:54:56,18050.0,4000,Sell,231790711
2024-08-15 10:54:56,18050.0,1000,Sell,231790712
2024-08-15 10:54:56,18050.0,3600,Sell,231790713
2024-08-15 10:54:56,18050.0,1400,Sell,231790710
2024-08-15 10:55:04,18050.0,2400,Sell,231790845
2024-08-15 10:55:17,18050.0,900,Sell,231791015
2024-08-15 10:55:18,18050.0,100,Sell,231791029
2024-08-15 10:55:32,18050.0,2500,Sell,231791328
2024-08-15 10:55:43,18050.0,800,Sell,231791430
2024-08-15 10:55:58,18050.0,2400,Sell,231791668
2024-08-15 10:56:03,18050.0,2000,Sell,231791712
2024-08-15 10:56:09,18050.0,900,Sell,231791789
2024-08-15 10:56:28,18050.0,100,Sell,231792044
2024-08-15 10:56:28,18050.0,2400,Sell,231792043
2024-08-15 10:56:36,18050.0,900,Sell,231792170
2024-08-15 10:56:52,18050.0,2400,Sell,231792506
2024-08-15 10:57:02,18050.0,800,Sell,231792655
2024-08-15 10:57:22,18050.0,2600,Sell,231792943
2024-08-15 10:57:29,18050.0,900,Sell,231793008
2024-08-15 10:57:43,18050.0,100,Sell,231793244
2024-08-15 10:57:46,18050.0,2400,Sell,231793296
2024-08-15 10:57:55,18050.0,900,Sell,231793453
2024-08-15 10:58:00,18100.0,200,Buy,231793509
2024-08-15 10:58:40,18050.0,900,Sell,231794141
2024-08-15 10:58:40,18050.0,1600,Sell,231794142
2024-08-15 10:58:48,18050.0,900,Sell,231794265
2024-08-15 10:58:49,18050.0,100,Sell,231794302
2024-08-15 10:58:58,18050.0,100,Sell,231794436
2024-08-15 10:59:12,18050.0,2500,Sell,231794695
2024-08-15 10:59:15,18050.0,900,Sell,231794722
2024-08-15 10:59:28,18050.0,1100,Sell,231794920
2024-08-15 10:59:34,18050.0,1800,Sell,231795025
2024-08-15 10:59:34,18050.0,700,Sell,231795026
2024-08-15 10:59:41,18050.0,800,Sell,231795123
2024-08-15 10:59:59,18050.0,1900,Sell,231795397
2024-08-15 11:00:06,18050.0,1600,Sell,231795510
2024-08-15 11:00:06,18050.0,900,Sell,231795511
2024-08-15 11:00:08,18050.0,900,Sell,231795536
2024-08-15 11:00:10,18050.0,2000,Sell,231795558
2024-08-15 11:00:28,18050.0,2400,Sell,231795751
2024-08-15 11:00:28,18050.0,300,Sell,231795744
2024-08-15 11:00:28,18050.0,300,Sell,231795743
2024-08-15 11:00:28,18050.0,100,Sell,231795742
2024-08-15 11:00:28,18050.0,1000,Sell,231795740
2024-08-15 11:00:28,18050.0,4000,Sell,231795738
2024-08-15 11:00:28,18050.0,1200,Sell,231795737
2024-08-15 11:00:28,18050.0,100,Sell,231795741
2024-08-15 11:00:28,18050.0,3000,Sell,231795739
2024-08-15 11:00:34,18050.0,900,Sell,231795811
2024-08-15 11:00:49,18050.0,1000,Sell,231795991
2024-08-15 11:00:53,18050.0,1000,Sell,231796023
2024-08-15 11:01:01,18050.0,1400,Sell,231796218
2024-08-15 11:01:01,18050.0,800,Sell,231796201
2024-08-15 11:01:01,18050.0,1100,Sell,231796216
2024-08-15 11:01:01,18050.0,100,Sell,231796217
2024-08-15 11:01:22,18050.0,2400,Sell,231796475
2024-08-15 11:01:25,18050.0,2500,Sell,231796494
2024-08-15 11:01:27,18050.0,900,Sell,231796543
2024-08-15 11:01:54,18050.0,900,Sell,231796979
2024-08-15 11:01:56,18050.0,2500,Sell,231797003
2024-08-15 11:02:16,18050.0,2300,Sell,231797350
2024-08-15 11:02:20,18050.0,800,Sell,231797422
2024-08-15 11:02:21,18100.0,1600,Buy,231797470
2024-08-15 11:02:22,18050.0,100,Sell,231797504
2024-08-15 11:02:47,18050.0,700,Sell,231797801
2024-08-15 11:02:47,18050.0,200,Sell,231797802
2024-08-15 11:02:51,18050.0,2500,Sell,231797870
2024-08-15 11:03:10,18050.0,2500,Sell,231798302
2024-08-15 11:03:13,18050.0,900,Sell,231798392
2024-08-15 11:03:21,18100.0,100,Buy,231798535
2024-08-15 11:03:25,18050.0,400,Sell,231798614
2024-08-15 11:03:40,18050.0,800,Sell,231798997
2024-08-15 11:03:43,18100.0,3000,Buy,231799070
2024-08-15 11:03:43,18100.0,4600,Buy,231799079
2024-08-15 11:03:43,18100.0,5000,Buy,231799078
2024-08-15 11:03:43,18100.0,500,Buy,231799077
2024-08-15 11:03:43,18100.0,4000,Buy,231799076
2024-08-15 11:03:43,18100.0,800,Buy,231799075
2024-08-15 11:03:43,18100.0,2500,Buy,231799074
2024-08-15 11:03:43,18100.0,1000,Buy,231799073
2024-08-15 11:03:43,18100.0,1500,Buy,231799072
2024-08-15 11:03:43,18100.0,3900,Buy,231799071
2024-08-15 11:03:43,18100.0,100,Buy,231799068
2024-08-15 11:03:43,18100.0,1000,Buy,231799069
2024-08-15 11:03:43,18100.0,2700,Buy,231799056
2024-08-15 11:03:43,18100.0,500,Buy,231799066
2024-08-15 11:03:43,18100.0,5000,Buy,231799065
2024-08-15 11:03:43,18100.0,1000,Buy,231799064
2024-08-15 11:03:43,18100.0,900,Buy,231799063
2024-08-15 11:03:43,18100.0,100,Buy,231799062
2024-08-15 11:03:43,18100.0,1000,Buy,231799061
2024-08-15 11:03:43,18100.0,2500,Buy,231799060
2024-08-15 11:03:43,18100.0,5000,Buy,231799059
2024-08-15 11:03:43,18100.0,2000,Buy,231799058
2024-08-15 11:03:43,18100.0,900,Buy,231799057
2024-08-15 11:03:43,18100.0,500,Buy,231799067
2024-08-15 11:03:49,18100.0,2500,Buy,231799131
2024-08-15 11:03:49,18100.0,200,Buy,231799130
2024-08-15 11:03:49,18100.0,1000,Buy,231799129
2024-08-15 11:03:49,18100.0,5000,Buy,231799125
2024-08-15 11:03:49,18100.0,500,Buy,231799127
2024-08-15 11:03:49,18100.0,10000,Buy,231799126
2024-08-15 11:03:49,18100.0,2500,Buy,231799124
2024-08-15 11:03:49,18100.0,2300,Buy,231799128
2024-08-15 11:03:53,18150.0,1000,Buy,231799213
2024-08-15 11:03:54,18100.0,5000,Sell,231799218
2024-08-15 11:04:05,18100.0,200,Sell,231799402
2024-08-15 11:04:06,18100.0,900,Sell,231799410
2024-08-15 11:04:22,18100.0,1000,Sell,231799579
2024-08-15 11:04:33,18100.0,900,Sell,231799709
2024-08-15 11:04:33,18100.0,1300,Sell,231799706
2024-08-15 11:04:39,18100.0,200,Sell,231799852
2024-08-15 11:04:40,18100.0,2500,Sell,231799863
2024-08-15 11:04:51,18150.0,9800,Buy,231800081
2024-08-15 11:04:51,18150.0,200,Buy,231800082
2024-08-15 11:04:55,18100.0,1000,Sell,231800164
2024-08-15 11:04:58,18200.0,100,Buy,231800312
2024-08-15 11:04:58,18200.0,500,Buy,231800313
2024-08-15 11:04:58,18200.0,100,Buy,231800314
2024-08-15 11:04:58,18200.0,1000,Buy,231800317
2024-08-15 11:04:58,18200.0,500,Buy,231800315
2024-08-15 11:04:58,18200.0,2000,Buy,231800316
2024-08-15 11:04:58,18200.0,800,Buy,231800311
2024-08-15 11:04:58,18200.0,2000,Buy,231800318
2024-08-15 11:04:58,18200.0,1200,Buy,231800287
2024-08-15 11:04:58,18200.0,10000,Buy,231800320
2024-08-15 11:04:58,18200.0,300,Buy,231800321
2024-08-15 11:04:58,18200.0,100,Buy,231800322
2024-08-15 11:04:58,18200.0,1300,Buy,231800323
2024-08-15 11:04:58,18200.0,200,Buy,231800324
2024-08-15 11:04:58,18200.0,200,Buy,231800325
2024-08-15 11:04:58,18200.0,100,Buy,231800326
2024-08-15 11:04:58,18200.0,500,Buy,231800310
2024-08-15 11:04:58,18200.0,12600,Buy,231800319
2024-08-15 11:04:58,18200.0,100,Buy,231800309
2024-08-15 11:04:58,18200.0,100,Buy,231800293
2024-08-15 11:04:58,18200.0,500,Buy,231800307
2024-08-15 11:04:58,18200.0,800,Buy,231800288
2024-08-15 11:04:58,18200.0,5000,Buy,231800289
2024-08-15 11:04:58,18200.0,100,Buy,231800290
2024-08-15 11:04:58,18200.0,500,Buy,231800291
2024-08-15 11:04:58,18200.0,6000,Buy,231800292
2024-08-15 11:04:58,18200.0,100000,Buy,231800327
2024-08-15 11:04:58,18200.0,500,Buy,231800294
2024-08-15 11:04:58,18200.0,500,Buy,231800295
2024-08-15 11:04:58,18200.0,600,Buy,231800296
2024-08-15 11:04:58,18200.0,1000,Buy,231800297
2024-08-15 11:04:58,18200.0,200,Buy,231800298
2024-08-15 11:04:58,18200.0,4300,Buy,231800299
2024-08-15 11:04:58,18200.0,100,Buy,231800300
2024-08-15 11:04:58,18200.0,500,Buy,231800301
2024-08-15 11:04:58,18200.0,1000,Buy,231800302
2024-08-15 11:04:58,18200.0,400,Buy,231800303
2024-08-15 11:04:58,18200.0,800,Buy,231800304
2024-08-15 11:04:58,18200.0,100,Buy,231800305
2024-08-15 11:04:58,18200.0,100,Buy,231800306
2024-08-15 11:04:58,18200.0,100,Buy,231800308
2024-08-15 11:04:58,18200.0,1000,Buy,231800328
2024-08-15 11:04:58,18200.0,500,Buy,231800345
2024-08-15 11:04:58,18200.0,500,Buy,231800330
2024-08-15 11:04:58,18200.0,100,Buy,231800356
2024-08-15 11:04:58,18200.0,100,Buy,231800357
2024-08-15 11:04:58,18200.0,500,Buy,231800358
2024-08-15 11:04:58,18200.0,200,Buy,231800359
2024-08-15 11:04:58,18200.0,1000,Buy,231800360
2024-08-15 11:04:58,18200.0,1000,Buy,231800361
2024-08-15 11:04:58,18200.0,500,Buy,231800362
2024-08-15 11:04:58,18200.0,500,Buy,231800363
2024-08-15 11:04:58,18200.0,5000,Buy,231800364
2024-08-15 11:04:58,18200.0,1000,Buy,231800365
2024-08-15 11:04:58,18200.0,1000,Buy,231800366
2024-08-15 11:04:58,18200.0,100,Buy,231800367
2024-08-15 11:04:58,18200.0,500,Buy,231800368
2024-08-15 11:04:58,18200.0,100,Buy,231800369
2024-08-15 11:04:58,18200.0,700,Buy,231800370
2024-08-15 11:04:58,18200.0,100,Buy,231800371
2024-08-15 11:04:58,18200.0,1300,Buy,231800372
2024-08-15 11:04:58,18200.0,100,Buy,231800355
2024-08-15 11:04:58,18200.0,200,Buy,231800354
2024-08-15 11:04:58,18200.0,500,Buy,231800353
2024-08-15 11:04:58,18200.0,3500,Buy,231800352
2024-08-15 11:04:58,18200.0,300,Buy,231800333
2024-08-15 11:04:58,18200.0,5000,Buy,231800334
2024-08-15 11:04:58,18200.0,700,Buy,231800335
2024-08-15 11:04:58,18200.0,5000,Buy,231800336
2024-08-15 11:04:58,18200.0,200,Buy,231800337
2024-08-15 11:04:58,18200.0,100,Buy,231800338
2024-08-15 11:04:58,18200.0,100,Buy,231800339
2024-08-15 11:04:58,18200.0,5000,Buy,231800340
2024-08-15 11:04:58,18200.0,500,Buy,231800329
2024-08-15 11:04:58,18200.0,100,Buy,231800341
2024-08-15 11:04:58,18200.0,200,Buy,231800343
2024-08-15 11:04:58,18200.0,4000,Buy,231800344
2024-08-15 11:04:58,18200.0,300,Buy,231800346
2024-08-15 11:04:58,18200.0,2400,Buy,231800347
2024-08-15 11:04:58,18200.0,100,Buy,231800348
2024-08-15 11:04:58,18200.0,100,Buy,231800349
2024-08-15 11:04:58,18200.0,100,Buy,231800350
2024-08-15 11:04:58,18200.0,200,Buy,231800351
2024-08-15 11:04:58,18200.0,1000,Buy,231800342
2024-08-15 11:04:58,18200.0,10000,Buy,231800286
2024-08-15 11:04:58,18200.0,1000,Buy,231800332
2024-08-15 11:04:58,18200.0,1500,Buy,231800283
2024-08-15 11:04:58,18150.0,100,Buy,231800220
2024-08-15 11:04:58,18150.0,900,Buy,231800221
2024-08-15 11:04:58,18150.0,1000,Buy,231800222
2024-08-15 11:04:58,18150.0,1000,Buy,231800223
2024-08-15 11:04:58,18150.0,200,Buy,231800224
2024-08-15 11:04:58,18150.0,2000,Buy,231800225
2024-08-15 11:04:58,18150.0,3500,Buy,231800226
2024-08-15 11:04:58,18150.0,500,Buy,231800227
2024-08-15 11:04:58,18150.0,500,Buy,231800219
2024-08-15 11:04:58,18150.0,100,Buy,231800228
2024-08-15 11:04:58,18150.0,1000,Buy,231800230
2024-08-15 11:04:58,18150.0,500,Buy,231800231
2024-08-15 11:04:58,18150.0,500,Buy,231800232
2024-08-15 11:04:58,18150.0,200,Buy,231800233
2024-08-15 11:04:58,18150.0,900,Buy,231800234
2024-08-15 11:04:58,18150.0,2600,Buy,231800235
2024-08-15 11:04:58,18150.0,500,Buy,231800236
2024-08-15 11:04:58,18150.0,900,Buy,231800237
2024-08-15 11:04:58,18150.0,3500,Buy,231800229
2024-08-15 11:04:58,18150.0,100,Buy,231800238
2024-08-15 11:04:58,18150.0,900,Buy,231800218
2024-08-15 11:04:58,18150.0,200,Buy,231800216
2024-08-15 11:04:58,18200.0,900,Buy,231800285
2024-08-15 11:04:58,18150.0,800,Buy,231800199
2024-08-15 11:04:58,18150.0,1300,Buy,231800200
2024-08-15 11:04:58,18150.0,2600,Buy,231800201
2024-08-15 11:04:58,18150.0,5000,Buy,231800202
2024-08-15 11:04:58,18150.0,100,Buy,231800203
2024-08-15 11:04:58,18150.0,2600,Buy,231800204
2024-08-15 11:04:58,18150.0,200,Buy,231800205
2024-08-15 11:04:58,18150.0,2700,Buy,231800217
2024-08-15 11:04:58,18150.0,800,Buy,231800206
2024-08-15 11:04:58,18150.0,500,Buy,231800208
2024-08-15 11:04:58,18150.0,900,Buy,231800209
2024-08-15 11:04:58,18150.0,100,Buy,231800210
2024-08-15 11:04:58,18150.0,2600,Buy,231800211
2024-08-15 11:04:58,18150.0,100,Buy,231800212
2024-08-15 11:04:58,18150.0,900,Buy,231800213
2024-08-15 11:04:58,18150.0,3000,Buy,231800214
2024-08-15 11:04:58,18150.0,800,Buy,231800215
2024-08-15 11:04:58,18150.0,5000,Buy,231800207
2024-08-15 11:04:58,18150.0,3000,Buy,231800239
2024-08-15 11:04:58,18200.0,500,Buy,231800331
2024-08-15 11:04:58,18150.0,1800,Buy,231800240
2024-08-15 11:04:58,18200.0,1000,Buy,231800264
2024-08-15 11:04:58,18200.0,300,Buy,231800265
2024-08-15 11:04:58,18200.0,900,Buy,231800266
2024-08-15 11:04:58,18200.0,100,Buy,231800267
2024-08-15 11:04:58,18200.0,500,Buy,231800268
2024-08-15 11:04:58,18200.0,100,Buy,231800269
2024-08-15 11:04:58,18200.0,900,Buy,231800270
2024-08-15 11:04:58,18200.0,1000,Buy,231800271
2024-08-15 11:04:58,18200.0,800,Buy,231800263
2024-08-15 11:04:58,18200.0,100,Buy,231800272
2024-08-15 11:04:58,18200.0,200,Buy,231800274
2024-08-15 11:04:58,18200.0,100,Buy,231800276
2024-08-15 11:04:58,18200.0,1000,Buy,231800277
2024-08-15 11:04:58,18200.0,900,Buy,231800278
2024-08-15 11:04:58,18200.0,100,Buy,231800279
2024-08-15 11:04:58,18200.0,400,Buy,231800280
2024-08-15 11:04:58,18200.0,500,Buy,231800281
2024-08-15 11:04:58,18200.0,5000,Buy,231800282
2024-08-15 11:04:58,18200.0,500,Buy,231800273
2024-08-15 11:04:58,18200.0,500,Buy,231800262
2024-08-15 11:04:58,18200.0,200,Buy,231800275
2024-08-15 11:04:58,18200.0,1000,Buy,231800260
2024-08-15 11:04:58,18150.0,500,Buy,231800242
2024-08-15 11:04:58,18150.0,1000,Buy,231800243
2024-08-15 11:04:58,18150.0,15000,Buy,231800244
2024-08-15 11:04:58,18150.0,100,Buy,231800245
2024-08-15 11:04:58,18150.0,200,Buy,231800246
2024-08-15 11:04:58,18150.0,1000,Buy,231800247
2024-08-15 11:04:58,18150.0,500,Buy,231800241
2024-08-15 11:04:58,18150.0,500,Buy,231800248
2024-08-15 11:04:58,18150.0,2500,Buy,231800249
2024-08-15 11:04:58,18150.0,5000,Buy,231800250
2024-08-15 11:04:58,18150.0,100,Buy,231800251
2024-08-15 11:04:58,18150.0,200,Buy,231800252
2024-08-15 11:04:58,18150.0,2300,Buy,231800253
2024-08-15 11:04:58,18150.0,500,Buy,231800254
2024-08-15 11:04:58,18150.0,1500,Buy,231800255
2024-08-15 11:04:58,18200.0,17000,Buy,231800256
2024-08-15 11:04:58,18200.0,100,Buy,231800257
2024-08-15 11:04:58,18200.0,200,Buy,231800258
2024-08-15 11:04:58,18200.0,900,Buy,231800259
2024-08-15 11:04:58,18200.0,2000,Buy,231800261
2024-08-15 11:04:59,18200.0,200,Buy,231800376
2024-08-15 11:04:59,18200.0,2300,Buy,231800377
2024-08-15 11:04:59,18200.0,1700,Buy,231800374
2024-08-15 11:04:59,18200.0,6000,Buy,231800373
2024-08-15 11:04:59,18200.0,100,Buy,231800375
2024-08-15 11:05:19,18200.0,2000,Buy,231800662
2024-08-15 11:05:21,18200.0,700,Buy,231800732
2024-08-15 11:05:21,18200.0,200,Buy,231800733
2024-08-15 11:05:21,18200.0,500,Buy,231800734
2024-08-15 11:05:21,18200.0,200,Buy,231800735
2024-08-15 11:05:23,18200.0,600,Buy,231800811
2024-08-15 11:05:23,18200.0,1400,Buy,231800812
2024-08-15 11:05:37,18150.0,1000,Buy,231801009
2024-08-15 11:05:37,18150.0,300,Sell,231801007
2024-08-15 11:05:37,18150.0,500,Sell,231801005
2024-08-15 11:05:37,18150.0,5000,Sell,231801004
2024-08-15 11:05:37,18150.0,10000,Sell,231801006
2024-08-15 11:05:46,18150.0,3200,Buy,231801118
2024-08-15 11:05:52,18150.0,900,Sell,231801212
2024-08-15 11:06:10,18150.0,1100,Sell,231801464
2024-08-15 11:06:13,18150.0,2000,Sell,231801496
2024-08-15 11:06:15,18150.0,1000,Sell,231801512
2024-08-15 11:06:16,18200.0,200,Buy,231801534
2024-08-15 11:06:16,18200.0,200,Buy,231801535
2024-08-15 11:06:16,18200.0,200,Buy,231801536
2024-08-15 11:06:16,18150.0,100,Sell,231801554
2024-08-15 11:06:19,18150.0,800,Sell,231801583
2024-08-15 11:06:19,18150.0,2000,Sell,231801578
2024-08-15 11:06:19,18150.0,100,Sell,231801577
2024-08-15 11:06:19,18150.0,200,Sell,231801576
2024-08-15 11:06:19,18150.0,4700,Sell,231801575
2024-08-15 11:06:30,18150.0,2500,Sell,231801715
2024-08-15 11:06:34,18150.0,1800,Sell,231801761
2024-08-15 11:06:37,18150.0,100,Buy,231801794
2024-08-15 11:06:56,18150.0,3100,Buy,231802056
2024-08-15 11:06:56,18150.0,1000,Buy,231802057
2024-08-15 11:06:56,18150.0,5000,Buy,231802058
2024-08-15 11:06:56,18150.0,900,Buy,231802060
2024-08-15 11:06:56,18150.0,5000,Buy,231802061
2024-08-15 11:06:56,18150.0,1000,Buy,231802062
2024-08-15 11:06:56,18150.0,1000,Sell,231802078
2024-08-15 11:07:04,18150.0,2500,Sell,231802249
2024-08-15 11:07:12,18150.0,500,Sell,231802331
2024-08-15 11:07:12,18150.0,400,Sell,231802332
2024-08-15 11:07:19,18150.0,1000,Sell,231802403
2024-08-15 11:07:24,18150.0,2300,Sell,231802491
2024-08-15 11:07:34,18150.0,200,Sell,231802616
2024-08-15 11:07:38,18150.0,900,Sell,231802657
2024-08-15 11:07:43,18150.0,3200,Sell,231802735
2024-08-15 11:07:43,18150.0,3000,Sell,231802736
2024-08-15 11:07:43,18150.0,800,Sell,231802737
2024-08-15 11:07:43,18150.0,2500,Sell,231802738
2024-08-15 11:07:43,18150.0,600,Sell,231802739
2024-08-15 11:07:58,18100.0,2000,Sell,231802948
2024-08-15 11:07:58,18100.0,400,Sell,231802949
2024-08-15 11:08:05,18100.0,800,Sell,231803090
2024-08-15 11:08:19,18100.0,2300,Sell,231803333
2024-08-15 11:08:31,18100.0,900,Sell,231803541
2024-08-15 11:08:53,18100.0,2400,Sell,231803760
2024-08-15 11:08:58,18100.0,900,Sell,231803840
2024-08-15 11:09:12,18150.0,900,Buy,231804132
2024-08-15 11:09:12,18150.0,1000,Buy,231804133
2024-08-15 11:09:12,18150.0,100,Buy,231804134
2024-08-15 11:09:16,18150.0,100,Buy,231804180
2024-08-15 11:09:16,18150.0,300,Buy,231804179
2024-08-15 11:09:46,18100.0,2300,Sell,231804545
2024-08-15 11:09:51,18100.0,900,Sell,231804572
2024-08-15 11:10:01,18100.0,100,Sell,231804790
2024-08-15 11:10:09,18100.0,200,Sell,231804925
2024-08-15 11:10:09,18100.0,2100,Sell,231804926
2024-08-15 11:10:15,18100.0,1500,Sell,231804993
2024-08-15 11:10:15,18100.0,100,Sell,231804996
2024-08-15 11:10:17,18100.0,900,Sell,231805001
2024-08-15 11:10:41,18100.0,2400,Sell,231805375
2024-08-15 11:10:44,18100.0,800,Sell,231805420
2024-08-15 11:10:56,18100.0,400,Sell,231805546
2024-08-15 11:11:03,18100.0,2300,Sell,231805617
2024-08-15 11:11:10,18100.0,900,Sell,231805674
2024-08-15 11:11:17,18150.0,1000,Buy,231805736
2024-08-15 11:11:17,18150.0,2700,Buy,231805742
2024-08-15 11:11:17,18150.0,100,Buy,231805741
2024-08-15 11:11:17,18150.0,100,Buy,231805739
2024-08-15 11:11:17,18150.0,800,Buy,231805738
2024-08-15 11:11:17,18150.0,2300,Buy,231805737
2024-08-15 11:11:17,18150.0,3000,Buy,231805740
2024-08-15 11:11:35,18100.0,2300,Sell,231805937
2024-08-15 11:11:37,18100.0,900,Sell,231805959
2024-08-15 11:11:58,18100.0,2200,Sell,231806275
2024-08-15 11:12:03,18100.0,800,Sell,231806366
2024-08-15 11:12:23,18100.0,1000,Sell,231806580
2024-08-15 11:12:29,18100.0,2300,Sell,231806670
2024-08-15 11:12:29,18100.0,10000,Sell,231806671
2024-08-15 11:12:30,18100.0,900,Sell,231806694
2024-08-15 11:12:36,18150.0,1900,Buy,231806926
2024-08-15 11:12:36,18150.0,2000,Buy,231806927
2024-08-15 11:12:36,18150.0,500,Buy,231806928
2024-08-15 11:12:36,18150.0,2600,Buy,231806929
2024-08-15 11:13:23,18100.0,2500,Sell,231807628
2024-08-15 11:13:45,18100.0,500,Sell,231807932
2024-08-15 11:13:48,18100.0,2200,Sell,231807963
2024-08-15 11:13:49,18100.0,900,Sell,231807969
2024-08-15 11:14:16,18100.0,900,Sell,231808447
2024-08-15 11:14:17,18100.0,2300,Sell,231808466
