time,price,volume,match_type,id
2024-08-30 09:14:58,19350.0,32200,ATO/ATC,235893520
2024-08-30 09:14:59,19250.0,600,Sell,235893626
2024-08-30 09:14:59,19250.0,500,Sell,235893625
2024-08-30 09:14:59,19250.0,100,Sell,235893624
2024-08-30 09:14:59,19300.0,500,Sell,235893619
2024-08-30 09:14:59,19250.0,500,Sell,235893622
2024-08-30 09:14:59,19300.0,200,Sell,235893620
2024-08-30 09:14:59,19250.0,100,Sell,235893623
2024-08-30 09:14:59,19250.0,1500,Sell,235893621
2024-08-30 09:16:17,19250.0,200,Sell,235894870
2024-08-30 09:16:24,19300.0,200,Buy,235894989
2024-08-30 09:16:29,19300.0,100,Sell,235895051
2024-08-30 09:16:44,19300.0,200,Sell,235895308
2024-08-30 09:16:44,19300.0,1000,Sell,235895307
2024-08-30 09:16:45,19300.0,100,Buy,235895330
2024-08-30 09:16:47,19300.0,100,Buy,235895346
2024-08-30 09:17:05,19300.0,200,Buy,235895565
2024-08-30 09:17:17,19300.0,100,Buy,235895718
2024-08-30 09:17:22,19300.0,300,Buy,235895784
2024-08-30 09:17:23,19300.0,300,Buy,235895798
2024-08-30 09:17:23,19300.0,100,Buy,235895799
2024-08-30 09:17:40,19300.0,500,Buy,235896049
2024-08-30 09:17:47,19300.0,1200,Buy,235896137
2024-08-30 09:17:47,19300.0,800,Buy,235896138
2024-08-30 09:17:56,19300.0,200,Sell,235896262
2024-08-30 09:18:00,19300.0,300,Sell,235896349
2024-08-30 09:18:16,19300.0,1000,Sell,235896535
2024-08-30 09:18:16,19300.0,300,Sell,235896536
2024-08-30 09:18:16,19300.0,7500,Sell,235896533
2024-08-30 09:18:25,19300.0,100,Sell,235896636
2024-08-30 09:18:25,19300.0,800,Sell,235896637
2024-08-30 09:18:25,19300.0,5800,Sell,235896638
2024-08-30 09:18:25,19300.0,2200,Sell,235896639
2024-08-30 09:18:30,19300.0,1900,Sell,235896723
2024-08-30 09:18:40,19300.0,100,Sell,235896890
2024-08-30 09:18:40,19300.0,500,Sell,235896889
2024-08-30 09:18:40,19300.0,200,Sell,235896887
2024-08-30 09:18:40,19300.0,100,Sell,235896886
2024-08-30 09:18:40,19300.0,3500,Sell,235896888
2024-08-30 09:18:51,19300.0,500,Buy,235897049
2024-08-30 09:19:16,19300.0,200,Buy,235897444
2024-08-30 09:19:20,19300.0,200,Buy,235897483
2024-08-30 09:19:32,19250.0,800,Sell,235897691
2024-08-30 09:19:32,19250.0,500,Sell,235897692
2024-08-30 09:19:32,19250.0,100,Sell,235897693
2024-08-30 09:19:32,19250.0,2000,Sell,235897694
2024-08-30 09:19:32,19250.0,1200,Sell,235897695
2024-08-30 09:19:32,19250.0,500,Sell,235897696
2024-08-30 09:19:32,19250.0,1000,Sell,235897690
2024-08-30 09:19:32,19250.0,100,Sell,235897699
2024-08-30 09:19:32,19250.0,100,Sell,235897700
2024-08-30 09:19:32,19250.0,3000,Sell,235897701
2024-08-30 09:19:32,19250.0,100,Sell,235897702
2024-08-30 09:19:32,19250.0,1000,Sell,235897703
2024-08-30 09:19:32,19250.0,500,Sell,235897697
2024-08-30 09:19:32,19250.0,5000,Sell,235897698
2024-08-30 09:19:32,19250.0,900,Sell,235897689
2024-08-30 09:19:32,19250.0,100,Sell,235897687
2024-08-30 09:19:32,19250.0,1200,Sell,235897673
2024-08-30 09:19:32,19250.0,1000,Sell,235897674
2024-08-30 09:19:32,19250.0,1000,Sell,235897675
2024-08-30 09:19:32,19250.0,200,Sell,235897676
2024-08-30 09:19:32,19250.0,100,Sell,235897677
2024-08-30 09:19:32,19250.0,200,Sell,235897678
2024-08-30 09:19:32,19250.0,100,Sell,235897679
2024-08-30 09:19:32,19250.0,200,Sell,235897688
2024-08-30 09:19:32,19250.0,100,Sell,235897681
2024-08-30 09:19:32,19250.0,800,Sell,235897682
2024-08-30 09:19:32,19250.0,100,Sell,235897683
2024-08-30 09:19:32,19250.0,200,Sell,235897684
2024-08-30 09:19:32,19250.0,1500,Sell,235897685
2024-08-30 09:19:32,19250.0,100,Sell,235897686
2024-08-30 09:19:32,19250.0,1000,Sell,235897680
2024-08-30 09:19:45,19250.0,300,Buy,235897949
2024-08-30 09:19:55,19250.0,1200,Sell,235898103
2024-08-30 09:19:55,19250.0,1100,Sell,235898104
2024-08-30 09:20:00,19250.0,1700,Sell,235898198
2024-08-30 09:20:31,19250.0,800,Sell,235898730
2024-08-30 09:21:16,19250.0,1000,Sell,235899267
2024-08-30 09:21:18,19250.0,400,Sell,235899282
2024-08-30 09:21:18,19250.0,100,Sell,235899280
2024-08-30 09:21:18,19250.0,100,Sell,235899279
2024-08-30 09:21:18,19250.0,500,Sell,235899281
2024-08-30 09:21:18,19250.0,400,Sell,235899277
2024-08-30 09:21:18,19250.0,100,Sell,235899278
2024-08-30 09:21:18,19250.0,9600,Sell,235899276
2024-08-30 09:21:18,19250.0,5400,Sell,235899275
2024-08-30 09:21:22,19250.0,1600,Buy,235899326
2024-08-30 09:21:25,19200.0,100,Sell,235899393
2024-08-30 09:21:25,19200.0,500,Sell,235899394
2024-08-30 09:21:25,19200.0,100,Sell,235899395
2024-08-30 09:21:25,19200.0,1400,Sell,235899396
2024-08-30 09:21:30,19200.0,1200,Sell,235899448
2024-08-30 09:21:30,19200.0,600,Sell,235899447
2024-08-30 09:21:44,19250.0,2400,Buy,235899641
2024-08-30 09:21:44,19250.0,3500,Buy,235899642
2024-08-30 09:21:45,19250.0,900,Buy,235899745
2024-08-30 09:21:45,19250.0,200,Buy,235899746
2024-08-30 09:21:45,19250.0,2300,Buy,235899747
2024-08-30 09:21:45,19250.0,1700,Buy,235899748
2024-08-30 09:21:51,19250.0,300,Sell,235899881
2024-08-30 09:21:56,19250.0,2000,Sell,235899943
2024-08-30 09:22:05,19250.0,400,Sell,235900105
2024-08-30 09:22:23,19250.0,200,Sell,235900394
2024-08-30 09:22:53,19250.0,300,Sell,235901057
2024-08-30 09:23:09,19250.0,100,Sell,235901349
2024-08-30 09:23:19,19250.0,900,Sell,235901562
2024-08-30 09:23:24,19250.0,700,Sell,235901645
2024-08-30 09:23:24,19250.0,100,Sell,235901646
2024-08-30 09:23:24,19250.0,200,Sell,235901647
2024-08-30 09:23:24,19250.0,1600,Sell,235901648
2024-08-30 09:23:24,19250.0,4700,Sell,235901649
2024-08-30 09:23:24,19250.0,1500,Sell,235901650
2024-08-30 09:23:24,19250.0,200,Sell,235901651
2024-08-30 09:23:24,19250.0,100,Sell,235901652
2024-08-30 09:23:24,19250.0,1000,Sell,235901653
2024-08-30 09:23:28,19250.0,1500,Buy,235901818
2024-08-30 09:23:36,19250.0,100,Buy,235901943
2024-08-30 09:23:47,19200.0,100,Sell,235902163
2024-08-30 09:23:58,19200.0,5000,Sell,235902350
2024-08-30 09:23:58,19200.0,100,Sell,235902349
2024-08-30 09:23:58,19200.0,700,Sell,235902346
2024-08-30 09:23:58,19200.0,100,Sell,235902347
2024-08-30 09:23:58,19200.0,100,Sell,235902348
2024-08-30 09:24:07,19200.0,3000,Sell,235902548
2024-08-30 09:24:15,19250.0,300,Buy,235902698
2024-08-30 09:24:26,19200.0,10100,Sell,235902966
2024-08-30 09:24:26,19200.0,26100,Sell,235902971
2024-08-30 09:24:26,19200.0,100,Sell,235902970
2024-08-30 09:24:26,19200.0,1200,Sell,235902969
2024-08-30 09:24:26,19200.0,100,Sell,235902968
2024-08-30 09:24:26,19200.0,1000,Sell,235902965
2024-08-30 09:24:26,19200.0,3000,Sell,235902967
2024-08-30 09:24:26,19200.0,100,Sell,235902963
2024-08-30 09:24:26,19200.0,2000,Sell,235902958
2024-08-30 09:24:26,19200.0,200,Sell,235902962
2024-08-30 09:24:26,19200.0,1000,Sell,235902961
2024-08-30 09:24:26,19200.0,4000,Sell,235902960
2024-08-30 09:24:26,19200.0,1000,Sell,235902959
2024-08-30 09:24:26,19200.0,100,Sell,235902964
2024-08-30 09:24:32,19250.0,100,Buy,235903144
2024-08-30 09:24:39,19200.0,1800,Sell,235903259
2024-08-30 09:24:42,19200.0,1700,Sell,235903307
2024-08-30 09:24:44,19200.0,1300,Sell,235903377
2024-08-30 09:24:44,19200.0,500,Sell,235903375
2024-08-30 09:24:44,19200.0,400,Sell,235903374
2024-08-30 09:24:44,19200.0,100,Sell,235903376
2024-08-30 09:24:51,19200.0,600,Sell,235903502
2024-08-30 09:25:59,19200.0,300,Sell,235904845
2024-08-30 09:25:59,19200.0,100,Sell,235904841
2024-08-30 09:25:59,19200.0,100,Sell,235904842
2024-08-30 09:25:59,19200.0,100,Sell,235904844
2024-08-30 09:25:59,19200.0,1000,Sell,235904840
2024-08-30 09:25:59,19200.0,100,Sell,235904846
2024-08-30 09:25:59,19200.0,10400,Sell,235904853
2024-08-30 09:25:59,19200.0,600,Sell,235904848
2024-08-30 09:25:59,19200.0,500,Sell,235904849
2024-08-30 09:25:59,19200.0,100,Sell,235904850
2024-08-30 09:25:59,19200.0,300,Sell,235904851
2024-08-30 09:25:59,19200.0,2000,Sell,235904852
2024-08-30 09:25:59,19200.0,100,Sell,235904839
2024-08-30 09:25:59,19200.0,100,Sell,235904847
2024-08-30 09:25:59,19200.0,100,Sell,235904838
2024-08-30 09:25:59,19200.0,500,Sell,235904825
2024-08-30 09:25:59,19200.0,200,Sell,235904836
2024-08-30 09:25:59,19200.0,1000,Sell,235904837
2024-08-30 09:25:59,19200.0,1100,Sell,235904821
2024-08-30 09:25:59,19200.0,100,Sell,235904822
2024-08-30 09:25:59,19200.0,100,Sell,235904823
2024-08-30 09:25:59,19200.0,100,Sell,235904826
2024-08-30 09:25:59,19200.0,100,Sell,235904827
2024-08-30 09:25:59,19200.0,200,Sell,235904828
2024-08-30 09:25:59,19200.0,100,Sell,235904824
2024-08-30 09:25:59,19200.0,100,Sell,235904830
2024-08-30 09:25:59,19200.0,100,Sell,235904831
2024-08-30 09:25:59,19200.0,100,Sell,235904829
2024-08-30 09:25:59,19200.0,100,Sell,235904832
2024-08-30 09:25:59,19200.0,100,Sell,235904833
2024-08-30 09:25:59,19200.0,20000,Sell,235904834
2024-08-30 09:25:59,19200.0,100,Sell,235904835
2024-08-30 09:26:00,19250.0,3800,Buy,235904868
2024-08-30 09:26:00,19250.0,7900,Buy,235904867
2024-08-30 09:26:12,19200.0,1800,Sell,235905054
2024-08-30 09:26:14,19200.0,2300,Sell,235905079
2024-08-30 09:26:44,19250.0,700,Buy,235905481
2024-08-30 09:26:44,19250.0,4400,Buy,235905483
2024-08-30 09:26:44,19250.0,4000,Buy,235905484
2024-08-30 09:26:44,19250.0,4000,Buy,235905485
2024-08-30 09:26:44,19250.0,200,Buy,235905486
2024-08-30 09:26:44,19250.0,800,Buy,235905487
2024-08-30 09:26:44,19250.0,300,Buy,235905488
2024-08-30 09:26:44,19250.0,5600,Buy,235905482
2024-08-30 09:26:46,19250.0,200,Buy,235905528
2024-08-30 09:26:48,19250.0,500,Buy,235905569
2024-08-30 09:26:48,19250.0,1500,Buy,235905570
2024-08-30 09:26:50,19250.0,2200,Buy,235905603
2024-08-30 09:26:50,19250.0,200,Buy,235905602
2024-08-30 09:26:51,19250.0,4400,Sell,235905624
2024-08-30 09:26:51,19250.0,5600,Sell,235905623
2024-08-30 09:27:15,19250.0,4400,Sell,235906014
2024-08-30 09:27:15,19250.0,4000,Sell,235906013
2024-08-30 09:27:15,19250.0,100,Sell,235906012
2024-08-30 09:27:15,19250.0,100,Sell,235906008
2024-08-30 09:27:15,19250.0,1000,Sell,235906010
2024-08-30 09:27:15,19250.0,200,Sell,235906011
2024-08-30 09:27:15,19250.0,200,Sell,235906009
2024-08-30 09:27:25,19300.0,100,Buy,235906186
2024-08-30 09:28:10,19300.0,1000,Buy,235907070
2024-08-30 09:28:49,19300.0,300,Buy,235907729
2024-08-30 09:28:51,19300.0,500,Buy,235907781
2024-08-30 09:29:06,19300.0,100,Buy,235907990
2024-08-30 09:29:07,19300.0,2700,Buy,235908016
2024-08-30 09:29:07,19300.0,1300,Buy,235908017
2024-08-30 09:29:11,19300.0,400,Buy,235908058
2024-08-30 09:29:11,19300.0,9600,Buy,235908059
2024-08-30 09:29:13,19300.0,1000,Buy,235908098
2024-08-30 09:29:14,19300.0,9400,Buy,235908120
2024-08-30 09:29:14,19300.0,16400,Buy,235908119
2024-08-30 09:29:14,19250.0,500,Sell,235908112
2024-08-30 09:29:17,19300.0,100,Buy,235908193
2024-08-30 09:29:19,19300.0,500,Buy,235908218
2024-08-30 09:29:19,19300.0,9500,Buy,235908219
2024-08-30 09:29:21,19300.0,100,Buy,235908281
2024-08-30 09:29:22,19300.0,900,Buy,235908306
2024-08-30 09:29:22,19300.0,300,Buy,235908305
2024-08-30 09:29:22,19300.0,7000,Buy,235908304
2024-08-30 09:29:22,19300.0,2200,Buy,235908303
2024-08-30 09:29:22,19300.0,1700,Buy,235908302
2024-08-30 09:29:22,19300.0,10800,Buy,235908297
2024-08-30 09:29:22,19300.0,5600,Buy,235908300
2024-08-30 09:29:22,19300.0,1000,Buy,235908299
2024-08-30 09:29:22,19300.0,1000,Buy,235908298
2024-08-30 09:29:22,19300.0,400,Buy,235908295
2024-08-30 09:29:22,19300.0,4400,Buy,235908301
2024-08-30 09:29:22,19300.0,100,Buy,235908296
2024-08-30 09:29:39,19300.0,2000,Sell,235908706
2024-08-30 09:29:52,19300.0,40000,Sell,235908920
2024-08-30 09:29:59,19350.0,200,Buy,235909037
2024-08-30 09:30:05,19300.0,100,Sell,235909136
2024-08-30 09:30:05,19300.0,1000,Sell,235909137
2024-08-30 09:30:11,19300.0,700,Buy,235909231
2024-08-30 09:30:18,19300.0,2000,Buy,235909331
2024-08-30 09:30:18,19300.0,1000,Buy,235909329
2024-08-30 09:30:18,19300.0,2200,Buy,235909330
2024-08-30 09:30:20,19300.0,200,Buy,235909373
2024-08-30 09:30:20,19300.0,800,Buy,235909372
2024-08-30 09:30:26,19300.0,1000,Buy,235909484
2024-08-30 09:30:30,19300.0,1000,Buy,235909572
2024-08-30 09:30:30,19300.0,100,Buy,235909573
2024-08-30 09:30:35,19350.0,1800,Buy,235909618
2024-08-30 09:30:35,19350.0,1000,Buy,235909619
2024-08-30 09:30:35,19350.0,2400,Buy,235909620
2024-08-30 09:30:48,19350.0,3200,Buy,235909896
2024-08-30 09:30:48,19350.0,1800,Buy,235909897
2024-08-30 09:30:58,19350.0,1500,Buy,235910086
2024-08-30 09:31:02,19350.0,2000,Buy,235910133
2024-08-30 09:31:02,19350.0,100,Buy,235910134
2024-08-30 09:31:02,19350.0,500,Buy,235910135
2024-08-30 09:31:02,19350.0,400,Buy,235910136
2024-08-30 09:31:02,19350.0,1100,Buy,235910137
2024-08-30 09:31:02,19350.0,1100,Buy,235910132
2024-08-30 09:31:09,19300.0,1800,Sell,235910273
2024-08-30 09:31:10,19350.0,4400,Buy,235910280
2024-08-30 09:31:10,19350.0,3800,Buy,235910281
2024-08-30 09:31:10,19350.0,2300,Buy,235910278
2024-08-30 09:31:10,19350.0,5600,Buy,235910279
2024-08-30 09:31:10,19350.0,3900,Buy,235910277
2024-08-30 09:31:18,19350.0,1200,Buy,235910406
2024-08-30 09:31:18,19350.0,100,Buy,235910407
2024-08-30 09:31:18,19350.0,700,Buy,235910408
2024-08-30 09:31:26,19350.0,700,Buy,235910513
2024-08-30 09:31:27,19350.0,100,Buy,235910538
2024-08-30 09:31:32,19350.0,200,Buy,235910612
2024-08-30 09:31:32,19350.0,200,Buy,235910613
2024-08-30 09:31:32,19350.0,2300,Buy,235910614
2024-08-30 09:31:36,19400.0,200,Buy,235910665
2024-08-30 09:31:36,19400.0,100,Buy,235910666
2024-08-30 09:31:36,19450.0,100,Buy,235910674
2024-08-30 09:31:36,19450.0,100,Buy,235910676
2024-08-30 09:31:36,19450.0,100,Buy,235910677
2024-08-30 09:31:36,19450.0,300,Buy,235910682
2024-08-30 09:31:36,19450.0,1000,Buy,235910680
2024-08-30 09:31:36,19450.0,500,Buy,235910681
2024-08-30 09:31:36,19450.0,2700,Buy,235910683
2024-08-30 09:31:36,19400.0,4400,Buy,235910664
2024-08-30 09:31:36,19450.0,100,Buy,235910679
2024-08-30 09:31:36,19400.0,5600,Buy,235910663
2024-08-30 09:31:36,19450.0,100,Buy,235910678
2024-08-30 09:31:36,19400.0,10000,Buy,235910661
2024-08-30 09:31:36,19400.0,100,Buy,235910662
2024-08-30 09:31:36,19400.0,5000,Buy,235910649
2024-08-30 09:31:36,19400.0,200,Buy,235910650
2024-08-30 09:31:36,19400.0,500,Buy,235910651
2024-08-30 09:31:36,19400.0,300,Buy,235910652
2024-08-30 09:31:36,19400.0,500,Buy,235910653
2024-08-30 09:31:36,19400.0,100,Buy,235910654
2024-08-30 09:31:36,19450.0,5000,Buy,235910675
2024-08-30 09:31:36,19400.0,1000,Buy,235910656
2024-08-30 09:31:36,19400.0,100,Buy,235910659
2024-08-30 09:31:36,19400.0,100,Buy,235910658
2024-08-30 09:31:36,19400.0,10000,Buy,235910660
2024-08-30 09:31:36,19400.0,10000,Buy,235910655
2024-08-30 09:31:36,19400.0,200,Buy,235910657
2024-08-30 09:31:41,19400.0,5000,Sell,235910763
2024-08-30 09:31:55,19400.0,20000,Sell,235911153
2024-08-30 09:32:01,19400.0,100,Sell,235911284
2024-08-30 09:32:04,19400.0,100,Sell,235911409
2024-08-30 09:32:08,19450.0,1000,Buy,235911489
2024-08-30 09:32:14,19450.0,5000,Buy,235911628
2024-08-30 09:32:15,19400.0,1400,Sell,235911638
2024-08-30 09:32:15,19400.0,200,Sell,235911640
2024-08-30 09:32:15,19400.0,200,Sell,235911639
2024-08-30 09:32:20,19400.0,8200,Buy,235911807
2024-08-30 09:32:20,19400.0,100,Buy,235911808
2024-08-30 09:32:30,19400.0,1000,Sell,235911973
2024-08-30 09:32:30,19400.0,700,Sell,235911974
2024-08-30 09:32:33,19400.0,1000,Buy,235912013
2024-08-30 09:32:36,19400.0,200,Buy,235912071
2024-08-30 09:32:44,19400.0,500,Buy,235912228
2024-08-30 09:32:51,19350.0,500,Sell,235912421
2024-08-30 09:32:51,19350.0,2900,Sell,235912422
2024-08-30 09:32:51,19350.0,1600,Sell,235912420
2024-08-30 09:32:52,19400.0,100,Buy,235912441
2024-08-30 09:32:52,19400.0,2200,Buy,235912440
2024-08-30 09:32:52,19400.0,1000,Buy,235912438
2024-08-30 09:32:52,19400.0,1700,Buy,235912437
2024-08-30 09:32:52,19400.0,2800,Buy,235912439
2024-08-30 09:32:52,19400.0,1000,Buy,235912435
2024-08-30 09:32:52,19400.0,1000,Buy,235912434
2024-08-30 09:32:52,19400.0,1000,Buy,235912433
2024-08-30 09:32:52,19400.0,2600,Buy,235912432
2024-08-30 09:32:52,19400.0,1000,Buy,235912436
2024-08-30 09:32:53,19400.0,600,Sell,235912472
2024-08-30 09:33:07,19400.0,10000,Buy,235912751
2024-08-30 09:33:21,19400.0,100,Buy,235913213
2024-08-30 09:33:24,19400.0,1000,Buy,235913273
2024-08-30 09:33:32,19400.0,100,Buy,235913450
2024-08-30 09:33:42,19400.0,1000,Buy,235913625
2024-08-30 09:33:45,19400.0,2200,Buy,235913689
2024-08-30 09:33:45,19400.0,7800,Buy,235913688
2024-08-30 09:33:50,19400.0,800,Buy,235913753
2024-08-30 09:33:54,19400.0,700,Buy,235913927
2024-08-30 09:33:54,19400.0,1000,Buy,235913926
2024-08-30 09:33:54,19400.0,100,Buy,235913925
2024-08-30 09:33:54,19400.0,100,Buy,235913924
2024-08-30 09:33:54,19400.0,2200,Buy,235913923
2024-08-30 09:33:54,19400.0,1300,Buy,235913911
2024-08-30 09:33:54,19400.0,5700,Buy,235913922
2024-08-30 09:33:56,19400.0,300,Buy,235913948
2024-08-30 09:33:56,19400.0,1000,Buy,235913949
2024-08-30 09:33:56,19400.0,1000,Buy,235913950
2024-08-30 09:33:56,19400.0,1000,Buy,235913951
2024-08-30 09:33:56,19400.0,1000,Buy,235913952
2024-08-30 09:34:14,19400.0,5000,Sell,235914411
2024-08-30 09:34:22,19400.0,5000,Sell,235914619
2024-08-30 09:34:24,19400.0,5000,Sell,235914677
2024-08-30 09:34:26,19400.0,4000,Sell,235914746
2024-08-30 09:34:26,19400.0,1000,Sell,235914747
2024-08-30 09:34:30,19400.0,800,Sell,235914825
2024-08-30 09:34:32,19400.0,1500,Sell,235914889
2024-08-30 09:34:32,19400.0,200,Sell,235914886
2024-08-30 09:34:32,19400.0,1000,Sell,235914887
2024-08-30 09:34:32,19400.0,1900,Sell,235914888
2024-08-30 09:34:43,19400.0,500,Buy,235915074
2024-08-30 09:34:43,19400.0,400,Buy,235915072
2024-08-30 09:34:43,19400.0,500,Buy,235915073
2024-08-30 09:34:45,19400.0,100,Sell,235915109
2024-08-30 09:35:13,19400.0,2100,Buy,235915783
2024-08-30 09:35:14,19400.0,2800,Buy,235915800
2024-08-30 09:35:14,19400.0,2200,Buy,235915802
2024-08-30 09:35:17,19400.0,2800,Buy,235915880
2024-08-30 09:35:17,19400.0,1200,Buy,235915881
2024-08-30 09:35:30,19400.0,1100,Buy,235916120
2024-08-30 09:35:30,19400.0,100,Buy,235916121
2024-08-30 09:35:30,19400.0,1000,Buy,235916122
2024-08-30 09:35:30,19400.0,7800,Buy,235916123
2024-08-30 09:35:35,19400.0,2200,Buy,235916230
2024-08-30 09:35:43,19400.0,200,Sell,235916485
2024-08-30 09:35:54,19400.0,1400,Sell,235916681
2024-08-30 09:35:54,19400.0,600,Sell,235916683
2024-08-30 09:35:54,19400.0,300,Sell,235916684
2024-08-30 09:35:54,19400.0,200,Sell,235916680
2024-08-30 09:35:54,19400.0,1400,Sell,235916682
2024-08-30 09:35:56,19400.0,500,Buy,235916722
2024-08-30 09:36:19,19400.0,200,Buy,235917256
2024-08-30 09:36:30,19400.0,100,Buy,235917445
2024-08-30 09:36:53,19400.0,500,Buy,235917846
2024-08-30 09:37:14,19400.0,5900,Buy,235918186
2024-08-30 09:37:14,19400.0,200,Buy,235918184
2024-08-30 09:37:14,19400.0,100,Buy,235918185
2024-08-30 09:37:16,19350.0,200,Sell,235918219
2024-08-30 09:37:16,19350.0,100,Sell,235918217
2024-08-30 09:37:16,19350.0,200,Sell,235918218
2024-08-30 09:37:18,19350.0,900,Sell,235918251
2024-08-30 09:37:21,19350.0,500,Sell,235918310
2024-08-30 09:37:34,19350.0,500,Sell,235918574
2024-08-30 09:37:39,19350.0,100,Sell,235918684
2024-08-30 09:37:41,19350.0,300,Sell,235918710
2024-08-30 09:37:42,19400.0,5000,Buy,235918746
2024-08-30 09:37:50,19350.0,500,Sell,235918869
2024-08-30 09:38:05,19400.0,1000,Buy,235919141
2024-08-30 09:38:14,19400.0,100,Buy,235919322
2024-08-30 09:38:27,19400.0,1500,Buy,235919515
2024-08-30 09:39:15,19400.0,5000,Buy,235920536
2024-08-30 09:39:17,19400.0,2000,Buy,235920566
2024-08-30 09:40:48,19400.0,100,Buy,235922002
2024-08-30 09:41:22,19400.0,100,Buy,235922559
2024-08-30 09:41:24,19400.0,4000,Buy,235922570
2024-08-30 09:42:01,19400.0,500,Buy,235923472
2024-08-30 09:42:03,19400.0,1000,Buy,235923527
2024-08-30 09:42:03,19400.0,300,Buy,235923528
2024-08-30 09:42:03,19400.0,2800,Buy,235923525
2024-08-30 09:42:03,19400.0,2200,Buy,235923526
2024-08-30 09:42:03,19400.0,100,Buy,235923523
2024-08-30 09:42:03,19400.0,12300,Buy,235923520
2024-08-30 09:42:03,19400.0,100,Buy,235923522
2024-08-30 09:42:03,19400.0,2000,Buy,235923521
2024-08-30 09:42:03,19400.0,200,Buy,235923524
2024-08-30 09:42:12,19400.0,1000,Buy,235923711
2024-08-30 09:42:12,19400.0,100,Buy,235923712
2024-08-30 09:42:12,19400.0,300,Buy,235923713
2024-08-30 09:42:12,19400.0,100,Buy,235923714
2024-08-30 09:43:08,19400.0,2000,Buy,235924813
2024-08-30 09:43:13,19400.0,300,Buy,235924913
2024-08-30 09:43:16,19400.0,200,Buy,235925021
2024-08-30 09:43:36,19350.0,400,Sell,235925544
2024-08-30 09:43:47,19350.0,3000,Sell,235925729
2024-08-30 09:44:14,19400.0,4800,Buy,235926418
2024-08-30 09:44:26,19350.0,2000,Sell,235926766
2024-08-30 09:45:25,19350.0,2800,Sell,235928141
2024-08-30 09:45:25,19350.0,2200,Sell,235928145
2024-08-30 09:45:41,19350.0,900,Sell,235928502
2024-08-30 09:46:03,19350.0,100,Sell,235929008
2024-08-30 09:46:03,19350.0,4200,Sell,235929014
2024-08-30 09:46:03,19350.0,100,Sell,235929013
2024-08-30 09:46:03,19350.0,5000,Sell,235929012
2024-08-30 09:46:03,19350.0,1000,Sell,235929010
2024-08-30 09:46:03,19350.0,500,Sell,235929009
2024-08-30 09:46:03,19350.0,100,Sell,235929007
2024-08-30 09:46:03,19350.0,1600,Sell,235929011
2024-08-30 09:46:03,19350.0,3100,Sell,235929005
2024-08-30 09:46:03,19350.0,100,Sell,235929004
2024-08-30 09:46:03,19350.0,100,Sell,235929003
2024-08-30 09:46:03,19350.0,15700,Sell,235928999
2024-08-30 09:46:03,19350.0,20000,Sell,235929002
2024-08-30 09:46:03,19350.0,1000,Sell,235929001
2024-08-30 09:46:03,19350.0,100,Sell,235929000
2024-08-30 09:46:03,19350.0,100,Sell,235929006
2024-08-30 09:46:10,19350.0,1500,Sell,235929161
2024-08-30 09:46:10,19350.0,2300,Sell,235929159
2024-08-30 09:46:10,19350.0,2500,Sell,235929160
2024-08-30 09:46:10,19350.0,200,Sell,235929157
2024-08-30 09:46:10,19350.0,500,Sell,235929156
2024-08-30 09:46:10,19350.0,600,Sell,235929155
2024-08-30 09:46:10,19350.0,4800,Sell,235929158
2024-08-30 09:46:22,19350.0,100,Buy,235929465
2024-08-30 09:46:33,19350.0,2500,Buy,235929725
2024-08-30 09:46:33,19350.0,2300,Buy,235929726
2024-08-30 09:47:04,19350.0,500,Buy,235930376
2024-08-30 09:47:04,19350.0,2200,Buy,235930377
2024-08-30 09:47:04,19350.0,1000,Buy,235930378
2024-08-30 09:47:04,19350.0,500,Buy,235930379
2024-08-30 09:47:05,19350.0,600,Sell,235930533
2024-08-30 09:48:22,19350.0,1000,Buy,235932234
2024-08-30 09:48:49,19350.0,1000,Buy,235932935
2024-08-30 09:49:16,19350.0,1000,Buy,235933736
2024-08-30 09:49:16,19350.0,800,Buy,235933737
2024-08-30 09:49:16,19350.0,1000,Buy,235933734
2024-08-30 09:49:16,19350.0,1800,Buy,235933733
2024-08-30 09:49:16,19350.0,200,Buy,235933735
2024-08-30 09:49:31,19350.0,100,Buy,235934078
2024-08-30 09:49:35,19350.0,300,Buy,235934144
2024-08-30 09:49:36,19350.0,2000,Buy,235934270
2024-08-30 09:49:42,19350.0,1500,Buy,235934415
2024-08-30 09:51:05,19300.0,500,Sell,235937087
2024-08-30 09:51:05,19300.0,1000,Sell,235937100
2024-08-30 09:51:17,19300.0,900,Sell,235937463
2024-08-30 09:51:21,19300.0,400,Sell,235937558
2024-08-30 09:51:58,19300.0,200,Sell,235938893
2024-08-30 09:52:50,19300.0,400,Sell,235940301
2024-08-30 09:52:50,19300.0,25000,Sell,235940300
2024-08-30 09:52:50,19300.0,100,Sell,235940299
2024-08-30 09:52:50,19300.0,100,Sell,235940297
2024-08-30 09:52:50,19300.0,100,Sell,235940296
2024-08-30 09:52:50,19300.0,100,Sell,235940295
2024-08-30 09:52:50,19300.0,4100,Sell,235940294
2024-08-30 09:52:50,19300.0,100,Sell,235940298
2024-08-30 09:52:55,19300.0,500,Sell,235940486
2024-08-30 09:52:55,19300.0,500,Sell,235940494
2024-08-30 09:52:55,19300.0,100,Sell,235940493
2024-08-30 09:52:55,19300.0,300,Sell,235940492
2024-08-30 09:52:55,19300.0,1000,Sell,235940491
2024-08-30 09:52:55,19300.0,100,Sell,235940490
2024-08-30 09:52:55,19300.0,100,Sell,235940489
2024-08-30 09:52:55,19300.0,100,Sell,235940488
2024-08-30 09:52:55,19300.0,100,Sell,235940487
2024-08-30 09:52:55,19300.0,700,Sell,235940485
2024-08-30 09:52:55,19300.0,100,Sell,235940476
2024-08-30 09:52:55,19300.0,1000,Sell,235940483
2024-08-30 09:52:55,19300.0,100,Sell,235940474
2024-08-30 09:52:55,19300.0,600,Sell,235940473
2024-08-30 09:52:55,19300.0,500,Sell,235940477
2024-08-30 09:52:55,19300.0,100,Sell,235940478
2024-08-30 09:52:55,19300.0,1000,Sell,235940475
2024-08-30 09:52:55,19300.0,1000,Sell,235940480
2024-08-30 09:52:55,19300.0,100,Sell,235940481
2024-08-30 09:52:55,19300.0,100,Sell,235940482
2024-08-30 09:52:55,19300.0,100,Sell,235940479
2024-08-30 09:52:55,19300.0,600,Sell,235940484
2024-08-30 09:53:04,19300.0,100,Buy,235940707
2024-08-30 09:53:04,19300.0,100,Buy,235940708
2024-08-30 09:53:26,19300.0,1500,Buy,235941285
2024-08-30 09:54:08,19300.0,300,Buy,235942370
2024-08-30 09:54:08,19300.0,200,Buy,235942378
2024-08-30 09:54:13,19300.0,100,Buy,235942462
2024-08-30 09:54:45,19300.0,4800,Buy,235943131
2024-08-30 09:54:48,19300.0,100,Buy,235943171
2024-08-30 09:54:52,19300.0,200,Buy,235943234
2024-08-30 09:54:58,19250.0,43400,Sell,235943399
2024-08-30 09:54:58,19250.0,300,Sell,235943398
2024-08-30 09:54:58,19250.0,15000,Sell,235943397
2024-08-30 09:54:58,19250.0,1000,Sell,235943396
2024-08-30 09:54:58,19250.0,100,Sell,235943395
2024-08-30 09:54:58,19250.0,3600,Sell,235943394
2024-08-30 09:54:58,19250.0,10000,Sell,235943393
2024-08-30 09:54:58,19250.0,100,Sell,235943385
2024-08-30 09:54:58,19250.0,800,Sell,235943391
2024-08-30 09:54:58,19250.0,100,Sell,235943390
2024-08-30 09:54:58,19250.0,400,Sell,235943389
2024-08-30 09:54:58,19250.0,10000,Sell,235943388
2024-08-30 09:54:58,19250.0,1000,Sell,235943387
2024-08-30 09:54:58,19250.0,100,Sell,235943386
2024-08-30 09:54:58,19250.0,100,Sell,235943384
2024-08-30 09:54:58,19250.0,500,Sell,235943392
2024-08-30 09:54:58,19250.0,1800,Sell,235943382
2024-08-30 09:54:58,19250.0,300,Sell,235943367
2024-08-30 09:54:58,19250.0,1500,Sell,235943368
2024-08-30 09:54:58,19250.0,100,Sell,235943369
2024-08-30 09:54:58,19250.0,200,Sell,235943371
2024-08-30 09:54:58,19250.0,100,Sell,235943372
2024-08-30 09:54:58,19250.0,6000,Sell,235943373
2024-08-30 09:54:58,19250.0,200,Sell,235943374
2024-08-30 09:54:58,19250.0,100,Sell,235943370
2024-08-30 09:54:58,19250.0,100,Sell,235943376
2024-08-30 09:54:58,19250.0,500,Sell,235943377
2024-08-30 09:54:58,19250.0,100,Sell,235943378
2024-08-30 09:54:58,19250.0,100,Sell,235943379
2024-08-30 09:54:58,19250.0,2100,Sell,235943380
2024-08-30 09:54:58,19250.0,100,Sell,235943381
2024-08-30 09:54:58,19250.0,100,Sell,235943375
2024-08-30 09:54:58,19250.0,100,Sell,235943383
2024-08-30 09:55:10,19250.0,1500,Sell,235943607
2024-08-30 09:55:21,19250.0,3000,Sell,235943896
2024-08-30 09:55:21,19250.0,5100,Sell,235943890
2024-08-30 09:55:21,19250.0,100,Sell,235943891
2024-08-30 09:55:21,19250.0,400,Sell,235943892
2024-08-30 09:55:21,19250.0,600,Sell,235943893
2024-08-30 09:55:21,19250.0,500,Sell,235943894
2024-08-30 09:55:21,19250.0,300,Sell,235943895
2024-08-30 09:55:38,19250.0,2200,Sell,235944272
2024-08-30 09:55:38,19250.0,2000,Sell,235944270
2024-08-30 09:55:38,19250.0,800,Sell,235944271
2024-08-30 09:55:51,19250.0,500,Sell,235944524
2024-08-30 09:55:53,19250.0,300,Sell,235944574
2024-08-30 09:55:53,19250.0,1700,Sell,235944575
2024-08-30 09:56:47,19250.0,18300,Sell,235945718
2024-08-30 09:56:47,19250.0,10000,Sell,235945719
2024-08-30 09:56:47,19250.0,100,Sell,235945720
2024-08-30 09:56:47,19250.0,1900,Sell,235945721
2024-08-30 09:56:47,19250.0,100,Sell,235945722
2024-08-30 09:57:11,19250.0,1500,Buy,235946178
2024-08-30 09:57:18,19250.0,200,Buy,235946264
2024-08-30 09:57:21,19250.0,1500,Buy,235946349
2024-08-30 09:57:22,19250.0,4800,Buy,235946388
2024-08-30 09:57:38,19250.0,100,Buy,235946649
2024-08-30 09:57:55,19250.0,4800,Buy,235947011
2024-08-30 09:58:24,19250.0,2000,Buy,235947510
2024-08-30 09:58:29,19250.0,500,Buy,235947618
2024-08-30 09:58:45,19250.0,200,Buy,235947952
2024-08-30 09:59:04,19250.0,100,Buy,235948278
2024-08-30 09:59:06,19250.0,500,Buy,235948318
2024-08-30 09:59:07,19250.0,1000,Buy,235948366
2024-08-30 09:59:17,19250.0,200,Buy,235948536
2024-08-30 09:59:18,19250.0,100,Buy,235948550
2024-08-30 09:59:18,19250.0,100,Buy,235948549
2024-08-30 09:59:18,19250.0,2000,Buy,235948547
2024-08-30 09:59:18,19250.0,2000,Buy,235948548
2024-08-30 09:59:18,19250.0,2000,Buy,235948546
2024-08-30 09:59:18,19250.0,5600,Buy,235948541
2024-08-30 09:59:18,19250.0,500,Buy,235948544
2024-08-30 09:59:18,19250.0,2000,Buy,235948545
2024-08-30 09:59:18,19250.0,2200,Buy,235948539
2024-08-30 09:59:18,19250.0,800,Buy,235948540
2024-08-30 09:59:18,19250.0,4400,Buy,235948542
2024-08-30 09:59:18,19250.0,500,Buy,235948543
2024-08-30 09:59:41,19250.0,900,Sell,235948978
2024-08-30 09:59:58,19250.0,5000,Sell,235949266
2024-08-30 10:00:06,19250.0,1000,Sell,235949545
2024-08-30 10:00:06,19300.0,1500,Buy,235949546
2024-08-30 10:00:57,19300.0,1500,Buy,235950551
2024-08-30 10:01:06,19300.0,800,Buy,235950723
2024-08-30 10:01:06,19300.0,200,Buy,235950724
2024-08-30 10:01:27,19300.0,1500,Buy,235951035
2024-08-30 10:01:38,19300.0,800,Buy,235951334
2024-08-30 10:01:38,19300.0,4000,Buy,235951335
2024-08-30 10:01:44,19250.0,100,Sell,235951425
2024-08-30 10:02:28,19250.0,800,Sell,235952448
2024-08-30 10:02:40,19250.0,2000,Sell,235952763
2024-08-30 10:03:26,19250.0,300,Sell,235953593
2024-08-30 10:03:49,19250.0,300,Sell,235954133
2024-08-30 10:04:02,19250.0,10000,Sell,235954368
2024-08-30 10:04:02,19250.0,200,Sell,235954369
2024-08-30 10:04:22,19250.0,300,Sell,235954724
2024-08-30 10:04:40,19250.0,1100,Sell,235955152
2024-08-30 10:04:46,19250.0,500,Sell,235955299
2024-08-30 10:04:52,19250.0,3800,Sell,235955415
2024-08-30 10:04:56,19250.0,600,Sell,235955492
2024-08-30 10:04:56,19250.0,100,Sell,235955491
2024-08-30 10:04:56,19250.0,200,Sell,235955489
2024-08-30 10:04:56,19250.0,1500,Sell,235955488
2024-08-30 10:04:56,19250.0,100,Sell,235955490
2024-08-30 10:05:02,19250.0,400,Sell,235955582
2024-08-30 10:05:02,19250.0,500,Sell,235955583
2024-08-30 10:05:02,19250.0,4700,Sell,235955584
2024-08-30 10:05:02,19250.0,4400,Sell,235955585
2024-08-30 10:05:16,19250.0,800,Sell,235955821
2024-08-30 10:06:06,19250.0,100,Sell,235956731
2024-08-30 10:06:06,19250.0,1700,Sell,235956732
2024-08-30 10:06:06,19250.0,100,Sell,235956729
2024-08-30 10:06:06,19250.0,100,Sell,235956730
2024-08-30 10:06:10,19250.0,7300,Sell,235956793
2024-08-30 10:06:10,19250.0,200,Sell,235956794
2024-08-30 10:06:10,19250.0,100,Sell,235956795
2024-08-30 10:06:10,19250.0,4800,Sell,235956796
2024-08-30 10:06:10,19250.0,500,Sell,235956797
2024-08-30 10:06:10,19250.0,300,Sell,235956798
2024-08-30 10:06:11,19250.0,900,Sell,235956840
2024-08-30 10:06:11,19250.0,100,Sell,235956839
2024-08-30 10:06:11,19250.0,200,Sell,235956838
2024-08-30 10:06:11,19250.0,1000,Sell,235956837
2024-08-30 10:06:11,19250.0,100,Sell,235956835
2024-08-30 10:06:11,19250.0,100,Sell,235956836
2024-08-30 10:06:11,19250.0,600,Sell,235956834
2024-08-30 10:06:14,19250.0,500,Sell,235956872
2024-08-30 10:06:14,19250.0,1000,Sell,235956873
2024-08-30 10:06:14,19250.0,300,Sell,235956874
2024-08-30 10:06:14,19250.0,4400,Sell,235956875
2024-08-30 10:06:14,19250.0,2200,Sell,235956876
2024-08-30 10:06:14,19250.0,2800,Sell,235956888
2024-08-30 10:06:23,19250.0,100,Buy,235957026
2024-08-30 10:06:35,19250.0,1300,Buy,235957186
2024-08-30 10:06:35,19250.0,3700,Buy,235957185
2024-08-30 10:06:37,19250.0,200,Buy,235957226
2024-08-30 10:06:37,19250.0,1000,Buy,235957214
2024-08-30 10:06:39,19250.0,200,Buy,235957241
2024-08-30 10:06:41,19250.0,300,Buy,235957255
2024-08-30 10:07:15,19250.0,300,Sell,235957926
2024-08-30 10:07:15,19250.0,1000,Sell,235957927
2024-08-30 10:07:15,19250.0,2000,Sell,235957928
2024-08-30 10:07:15,19250.0,3900,Sell,235957929
2024-08-30 10:07:17,19250.0,100,Sell,235957976
2024-08-30 10:07:32,19250.0,200,Sell,235958212
2024-08-30 10:08:04,19250.0,900,Sell,235958725
2024-08-30 10:08:22,19250.0,400,Sell,235958989
2024-08-30 10:08:39,19250.0,3000,Sell,235959246
2024-08-30 10:09:17,19300.0,1000,Buy,235959832
2024-08-30 10:09:22,19300.0,500,Buy,235959915
2024-08-30 10:09:33,19300.0,1000,Buy,235960052
2024-08-30 10:09:53,19300.0,300,Buy,235960411
2024-08-30 10:09:53,19300.0,1700,Buy,235960412
2024-08-30 10:09:54,19300.0,100,Buy,235960423
2024-08-30 10:09:57,19300.0,200,Buy,235960464
2024-08-30 10:10:13,19300.0,3100,Buy,235960654
2024-08-30 10:10:13,19300.0,10000,Buy,235960653
2024-08-30 10:10:13,19300.0,100,Buy,235960652
2024-08-30 10:10:13,19300.0,1000,Buy,235960650
2024-08-30 10:10:13,19300.0,800,Buy,235960651
2024-08-30 10:10:14,19300.0,6900,Buy,235960691
2024-08-30 10:10:14,19300.0,100,Buy,235960692
2024-08-30 10:10:16,19300.0,3000,Buy,235960751
2024-08-30 10:10:16,19300.0,400,Buy,235960750
2024-08-30 10:10:16,19300.0,400,Buy,235960749
2024-08-30 10:10:16,19300.0,4400,Buy,235960748
2024-08-30 10:10:16,19300.0,500,Buy,235960747
2024-08-30 10:10:16,19300.0,5600,Buy,235960746
2024-08-30 10:10:16,19300.0,2800,Buy,235960745
2024-08-30 10:10:16,19300.0,500,Buy,235960740
2024-08-30 10:10:16,19300.0,2800,Buy,235960741
2024-08-30 10:10:16,19300.0,600,Buy,235960744
2024-08-30 10:10:16,19300.0,3000,Buy,235960743
2024-08-30 10:10:16,19300.0,2000,Buy,235960742
2024-08-30 10:10:23,19300.0,100,Buy,235960863
2024-08-30 10:10:34,19300.0,100,Buy,235961062
2024-08-30 10:10:35,19300.0,100,Buy,235961078
2024-08-30 10:10:35,19300.0,300,Buy,235961077
2024-08-30 10:10:36,19300.0,600,Sell,235961089
2024-08-30 10:10:36,19300.0,9400,Buy,235961091
2024-08-30 10:10:39,19300.0,10000,Buy,235961133
2024-08-30 10:10:52,19300.0,800,Sell,235961375
2024-08-30 10:11:09,19300.0,100,Sell,235961598
2024-08-30 10:11:21,19300.0,200,Sell,235961777
2024-08-30 10:11:28,19300.0,100,Sell,235961852
2024-08-30 10:11:36,19350.0,100,Buy,235961990
2024-08-30 10:12:10,19350.0,800,Buy,235962521
2024-08-30 10:12:10,19350.0,600,Buy,235962522
2024-08-30 10:12:11,19350.0,1000,Buy,235962546
2024-08-30 10:12:20,19300.0,1400,Sell,235962739
2024-08-30 10:12:29,19300.0,2200,Sell,235962878
2024-08-30 10:12:29,19300.0,300,Sell,235962879
2024-08-30 10:12:29,19300.0,300,Sell,235962880
2024-08-30 10:13:36,19300.0,1500,Sell,235964051
2024-08-30 10:13:40,19300.0,800,Sell,235964138
2024-08-30 10:14:17,19300.0,5000,Sell,235964820
2024-08-30 10:14:22,19300.0,2600,Sell,235964885
2024-08-30 10:14:22,19300.0,2400,Sell,235964884
2024-08-30 10:15:04,19300.0,4800,Sell,235965444
2024-08-30 10:15:09,19300.0,100,Sell,235965485
2024-08-30 10:15:16,19300.0,100,Sell,235965590
2024-08-30 10:15:31,19350.0,200,Buy,235965821
2024-08-30 10:15:35,19350.0,3800,Buy,235965979
2024-08-30 10:15:35,19350.0,4400,Buy,235965978
2024-08-30 10:15:35,19350.0,5600,Buy,235965977
2024-08-30 10:15:35,19350.0,500,Buy,235965976
2024-08-30 10:15:35,19350.0,1000,Buy,235965973
2024-08-30 10:15:35,19350.0,1000,Buy,235965974
2024-08-30 10:15:35,19350.0,100,Buy,235965971
2024-08-30 10:15:35,19350.0,2600,Buy,235965970
2024-08-30 10:15:35,19350.0,200,Buy,235965975
2024-08-30 10:15:35,19350.0,800,Buy,235965972
2024-08-30 10:15:40,19350.0,2300,Buy,235966040
2024-08-30 10:15:40,19350.0,2700,Buy,235966039
2024-08-30 10:15:48,19350.0,500,Buy,235966194
2024-08-30 10:15:54,19350.0,1000,Buy,235966315
2024-08-30 10:15:55,19350.0,1400,Buy,235966328
2024-08-30 10:16:04,19350.0,1000,Buy,235966425
2024-08-30 10:16:09,19350.0,1000,Buy,235966496
2024-08-30 10:16:20,19350.0,100,Buy,235966640
2024-08-30 10:16:27,19350.0,200,Buy,235966757
2024-08-30 10:16:39,19350.0,1000,Buy,235966916
2024-08-30 10:17:24,19350.0,200,Buy,235967618
2024-08-30 10:18:06,19350.0,100,Buy,235968252
2024-08-30 10:18:20,19300.0,8000,Sell,235968408
2024-08-30 10:18:59,19350.0,2600,Buy,235969104
2024-08-30 10:19:20,19350.0,8600,Buy,235969403
2024-08-30 10:19:20,19350.0,1400,Buy,235969402
2024-08-30 10:19:24,19300.0,100,Sell,235969480
2024-08-30 10:19:33,19300.0,200,Sell,235969579
2024-08-30 10:19:45,19300.0,2800,Sell,235969713
2024-08-30 10:20:06,19350.0,300,Buy,235970007
2024-08-30 10:20:56,19300.0,800,Sell,235970830
2024-08-30 10:20:56,19300.0,2000,Sell,235970831
2024-08-30 10:20:56,19300.0,500,Sell,235970832
2024-08-30 10:20:56,19300.0,1000,Sell,235970833
2024-08-30 10:20:56,19300.0,700,Sell,235970834
2024-08-30 10:20:58,19300.0,700,Sell,235970885
2024-08-30 10:20:58,19300.0,4300,Sell,235970884
2024-08-30 10:21:11,19300.0,2900,Sell,235971073
2024-08-30 10:21:14,19300.0,6400,Sell,235971125
2024-08-30 10:21:14,19300.0,1000,Sell,235971126
2024-08-30 10:21:14,19300.0,100,Sell,235971127
2024-08-30 10:21:14,19300.0,2500,Sell,235971128
2024-08-30 10:21:16,19300.0,3600,Sell,235971179
2024-08-30 10:21:16,19300.0,100,Sell,235971180
2024-08-30 10:21:16,19300.0,500,Sell,235971181
2024-08-30 10:21:16,19300.0,1000,Sell,235971182
2024-08-30 10:21:16,19300.0,4800,Sell,235971183
2024-08-30 10:21:18,19300.0,15700,Sell,235971212
2024-08-30 10:21:23,19300.0,5200,Sell,235971282
2024-08-30 10:21:23,19300.0,1000,Sell,235971283
2024-08-30 10:21:23,19300.0,200,Sell,235971284
2024-08-30 10:21:23,19300.0,300,Sell,235971285
2024-08-30 10:21:23,19300.0,10000,Sell,235971286
2024-08-30 10:21:23,19300.0,13300,Sell,235971281
2024-08-30 10:22:03,19300.0,900,Sell,235971903
2024-08-30 10:22:22,19300.0,700,Sell,235972159
2024-08-30 10:22:25,19300.0,2000,Sell,235972195
2024-08-30 10:23:18,19300.0,4200,Sell,235972916
2024-08-30 10:23:43,19300.0,3100,Sell,235973369
2024-08-30 10:23:43,19300.0,2600,Sell,235973367
2024-08-30 10:23:43,19300.0,1000,Sell,235973368
2024-08-30 10:23:43,19300.0,100,Sell,235973366
2024-08-30 10:23:43,19300.0,6000,Sell,235973365
2024-08-30 10:23:43,19300.0,7200,Sell,235973364
2024-08-30 10:23:52,19300.0,1000,Sell,235973468
2024-08-30 10:23:58,19300.0,100,Sell,235973566
2024-08-30 10:23:58,19300.0,2400,Sell,235973579
2024-08-30 10:23:58,19300.0,900,Sell,235973578
2024-08-30 10:23:58,19300.0,3500,Sell,235973577
2024-08-30 10:23:58,19300.0,2100,Sell,235973576
2024-08-30 10:23:58,19300.0,1400,Sell,235973575
2024-08-30 10:23:58,19300.0,300,Sell,235973574
2024-08-30 10:23:58,19300.0,5300,Sell,235973565
2024-08-30 10:23:58,19300.0,100,Sell,235973572
2024-08-30 10:23:58,19300.0,100,Sell,235973567
2024-08-30 10:23:58,19300.0,3000,Sell,235973568
2024-08-30 10:23:58,19300.0,4800,Sell,235973573
2024-08-30 10:23:58,19300.0,200,Sell,235973570
2024-08-30 10:23:58,19300.0,1000,Sell,235973571
2024-08-30 10:23:58,19300.0,4800,Sell,235973569
2024-08-30 10:24:17,19300.0,800,Sell,235973815
2024-08-30 10:24:17,19300.0,100,Sell,235973813
2024-08-30 10:24:17,19300.0,3600,Sell,235973816
2024-08-30 10:24:17,19300.0,200,Sell,235973811
2024-08-30 10:24:17,19300.0,4500,Sell,235973810
2024-08-30 10:24:17,19300.0,200,Sell,235973812
2024-08-30 10:24:17,19300.0,600,Sell,235973814
2024-08-30 10:24:51,19300.0,800,Sell,235974278
2024-08-30 10:24:53,19300.0,400,Sell,235974315
2024-08-30 10:24:53,19300.0,400,Sell,235974316
2024-08-30 10:24:53,19300.0,4700,Sell,235974317
2024-08-30 10:24:53,19300.0,100,Sell,235974318
2024-08-30 10:24:53,19300.0,100,Sell,235974319
2024-08-30 10:24:55,19300.0,100,Buy,235974371
2024-08-30 10:25:18,19300.0,600,Buy,235974633
2024-08-30 10:25:18,19300.0,4200,Buy,235974632
2024-08-30 10:25:43,19300.0,3600,Buy,235974956
2024-08-30 10:25:43,19300.0,1200,Buy,235974957
2024-08-30 10:25:54,19300.0,1600,Buy,235975114
2024-08-30 10:25:59,19300.0,1400,Buy,235975311
2024-08-30 10:26:20,19350.0,1100,Buy,235975597
2024-08-30 10:26:20,19350.0,500,Buy,235975598
2024-08-30 10:26:30,19300.0,1200,Sell,235975845
2024-08-30 10:26:30,19300.0,1000,Sell,235975844
2024-08-30 10:26:30,19300.0,2400,Sell,235975843
2024-08-30 10:26:30,19300.0,2000,Sell,235975842
2024-08-30 10:26:30,19350.0,1300,Buy,235975840
2024-08-30 10:26:30,19350.0,100,Buy,235975839
2024-08-30 10:26:30,19350.0,100,Buy,235975838
2024-08-30 10:26:30,19350.0,2800,Buy,235975837
2024-08-30 10:26:30,19350.0,500,Buy,235975836
2024-08-30 10:26:30,19300.0,3400,Sell,235975841
2024-08-30 10:26:34,19300.0,3600,Sell,235975894
2024-08-30 10:26:34,19300.0,500,Sell,235975895
2024-08-30 10:26:34,19300.0,100,Sell,235975896
2024-08-30 10:26:44,19250.0,600,Sell,235976048
2024-08-30 10:26:44,19250.0,100,Sell,235976046
2024-08-30 10:26:44,19250.0,100,Sell,235976047
2024-08-30 10:26:45,19300.0,1600,Buy,235976072
2024-08-30 10:26:56,19300.0,4200,Buy,235976267
2024-08-30 10:26:56,19300.0,800,Buy,235976268
2024-08-30 10:27:09,19300.0,1400,Buy,235976408
2024-08-30 10:27:18,19300.0,500,Buy,235976516
2024-08-30 10:27:22,19250.0,100,Sell,235976588
2024-08-30 10:27:38,19250.0,300,Sell,235976837
2024-08-30 10:27:38,19250.0,100,Sell,235976838
2024-08-30 10:27:38,19250.0,400,Sell,235976839
2024-08-30 10:28:06,19250.0,100,Sell,235977170
2024-08-30 10:28:31,19300.0,400,Buy,235977472
2024-08-30 10:28:46,19250.0,5000,Sell,235977664
2024-08-30 10:28:47,19300.0,1100,Buy,235977688
2024-08-30 10:28:47,19300.0,2000,Buy,235977687
2024-08-30 10:28:47,19250.0,500,Sell,235977685
2024-08-30 10:28:47,19300.0,6900,Buy,235977686
2024-08-30 10:28:49,19300.0,200,Buy,235977709
2024-08-30 10:29:08,19300.0,100,Buy,235977966
2024-08-30 10:29:28,19300.0,100,Buy,235978265
2024-08-30 10:29:29,19250.0,3800,Sell,235978286
2024-08-30 10:29:58,19250.0,6600,Sell,235978702
2024-08-30 10:29:58,19250.0,1000,Sell,235978701
2024-08-30 10:29:58,19250.0,3000,Sell,235978700
2024-08-30 10:29:58,19250.0,500,Sell,235978699
2024-08-30 10:29:58,19250.0,100,Sell,235978698
2024-08-30 10:29:58,19250.0,1000,Sell,235978696
2024-08-30 10:29:58,19250.0,500,Sell,235978695
2024-08-30 10:29:58,19250.0,400,Sell,235978694
2024-08-30 10:29:58,19250.0,1400,Sell,235978693
2024-08-30 10:29:58,19250.0,200,Sell,235978692
2024-08-30 10:29:58,19250.0,500,Sell,235978697
2024-08-30 10:30:27,19250.0,900,Sell,235979176
2024-08-30 10:30:50,19250.0,300,Sell,235979483
2024-08-30 10:31:44,19300.0,200,Buy,235980382
2024-08-30 10:32:30,19250.0,300,Sell,235981284
2024-08-30 10:33:15,19250.0,800,Sell,235982135
2024-08-30 10:33:34,19250.0,1000,Sell,235982548
2024-08-30 10:35:51,19250.0,1000,Sell,235985175
2024-08-30 10:36:03,19250.0,800,Sell,235985385
2024-08-30 10:37:57,19250.0,2000,Sell,235987386
2024-08-30 10:38:02,19250.0,100,Sell,235987438
2024-08-30 10:38:50,19250.0,900,Sell,235988361
2024-08-30 10:38:57,19250.0,100,Sell,235988491
2024-08-30 10:38:59,19300.0,700,Buy,235988506
2024-08-30 10:38:59,19300.0,1000,Buy,235988507
2024-08-30 10:38:59,19300.0,300,Buy,235988508
2024-08-30 10:39:16,19250.0,5000,Sell,235988753
2024-08-30 10:39:18,19300.0,4000,Buy,235988785
2024-08-30 10:39:59,19300.0,1000,Buy,235989451
2024-08-30 10:40:10,19300.0,200,Buy,235989599
2024-08-30 10:40:10,19300.0,300,Buy,235989598
2024-08-30 10:40:19,19300.0,1000,Buy,235989745
2024-08-30 10:40:34,19300.0,3200,Buy,235989935
2024-08-30 10:40:34,19300.0,10000,Buy,235989953
2024-08-30 10:40:34,19300.0,400,Buy,235989952
2024-08-30 10:40:34,19300.0,4400,Buy,235989951
2024-08-30 10:40:34,19300.0,5600,Buy,235989950
2024-08-30 10:40:34,19300.0,5000,Buy,235989949
2024-08-30 10:40:34,19300.0,5000,Buy,235989948
2024-08-30 10:40:34,19300.0,2800,Buy,235989947
2024-08-30 10:40:34,19300.0,4400,Buy,235989946
2024-08-30 10:40:34,19300.0,5600,Buy,235989945
2024-08-30 10:40:34,19300.0,400,Buy,235989943
2024-08-30 10:40:34,19300.0,200,Buy,235989942
2024-08-30 10:40:34,19300.0,100,Buy,235989941
2024-08-30 10:40:34,19300.0,200,Buy,235989940
2024-08-30 10:40:34,19300.0,2400,Buy,235989939
2024-08-30 10:40:34,19300.0,1000,Buy,235989938
2024-08-30 10:40:34,19300.0,2400,Buy,235989937
2024-08-30 10:40:34,19300.0,5000,Buy,235989936
2024-08-30 10:40:34,19300.0,3700,Buy,235989954
2024-08-30 10:40:34,19300.0,100,Buy,235989944
2024-08-30 10:40:37,19300.0,5000,Buy,235990019
2024-08-30 10:40:52,19300.0,1000,Buy,235990235
2024-08-30 10:40:56,19300.0,200,Buy,235990356
2024-08-30 10:40:56,19300.0,400,Buy,235990355
2024-08-30 10:40:56,19300.0,300,Buy,235990352
2024-08-30 10:40:56,19300.0,1500,Buy,235990353
2024-08-30 10:40:56,19300.0,2400,Buy,235990354
2024-08-30 10:40:58,19300.0,800,Buy,235990367
2024-08-30 10:40:58,19300.0,200,Buy,235990368
2024-08-30 10:41:01,19300.0,200,Buy,235990402
2024-08-30 10:41:02,19300.0,100,Buy,235990417
2024-08-30 10:41:06,19300.0,1900,Buy,235990491
2024-08-30 10:41:38,19300.0,800,Sell,235990870
2024-08-30 10:42:11,19300.0,2400,Sell,235991350
2024-08-30 10:42:24,19300.0,400,Sell,235991510
2024-08-30 10:42:26,19300.0,200,Sell,235991581
2024-08-30 10:42:26,19300.0,1200,Sell,235991582
2024-08-30 10:42:26,19300.0,3000,Sell,235991583
2024-08-30 10:42:26,19300.0,200,Sell,235991584
2024-08-30 10:42:26,19300.0,200,Sell,235991585
2024-08-30 10:42:26,19300.0,700,Sell,235991586
2024-08-30 10:42:26,19300.0,4500,Sell,235991566
2024-08-30 10:42:28,19300.0,400,Sell,235991640
2024-08-30 10:42:28,19300.0,700,Sell,235991639
2024-08-30 10:43:19,19300.0,1000,Buy,235992506
2024-08-30 10:44:10,19250.0,300,Sell,235993483
2024-08-30 10:44:26,19250.0,900,Sell,235993835
2024-08-30 10:44:42,19300.0,100,Buy,235994144
2024-08-30 10:45:19,19300.0,100,Buy,235994695
2024-08-30 10:45:21,19300.0,200,Buy,235994726
2024-08-30 10:45:43,19250.0,100,Sell,235995055
2024-08-30 10:45:56,19250.0,300,Sell,235995239
2024-08-30 10:46:05,19250.0,200,Sell,235995364
2024-08-30 10:47:13,19250.0,800,Sell,235996512
2024-08-30 10:47:18,19300.0,500,Buy,235996600
2024-08-30 10:47:44,19300.0,100,Buy,235996957
2024-08-30 10:48:40,19300.0,200,Buy,235997753
2024-08-30 10:48:56,19300.0,200,Buy,235997980
2024-08-30 10:49:11,19300.0,300,Buy,235998222
2024-08-30 10:49:25,19250.0,2000,Sell,235998410
2024-08-30 10:49:44,19250.0,1000,Sell,235998748
2024-08-30 10:50:01,19250.0,800,Sell,235999004
2024-08-30 10:50:20,19300.0,300,Buy,235999249
2024-08-30 10:51:45,19250.0,15000,Sell,236000260
2024-08-30 10:52:08,19250.0,2500,Sell,236000528
2024-08-30 10:52:39,19250.0,100,Sell,236000982
2024-08-30 10:52:50,19250.0,900,Sell,236001101
2024-08-30 10:53:16,19250.0,1000,Sell,236001363
2024-08-30 10:53:21,19250.0,2500,Sell,236001450
2024-08-30 10:53:41,19250.0,500,Sell,236001712
2024-08-30 10:53:59,19250.0,200,Sell,236002006
2024-08-30 10:53:59,19250.0,2000,Sell,236001985
2024-08-30 10:53:59,19250.0,500,Sell,236001986
2024-08-30 10:53:59,19250.0,100,Sell,236001984
2024-08-30 10:53:59,19250.0,300,Sell,236001987
2024-08-30 10:53:59,19250.0,200,Sell,236001988
2024-08-30 10:53:59,19250.0,100,Sell,236001989
2024-08-30 10:53:59,19250.0,100,Sell,236001992
2024-08-30 10:53:59,19250.0,4900,Sell,236001993
2024-08-30 10:53:59,19250.0,1100,Sell,236001994
2024-08-30 10:53:59,19250.0,16500,Sell,236002007
2024-08-30 10:53:59,19250.0,4000,Sell,236001995
2024-08-30 10:53:59,19250.0,100,Sell,236001997
2024-08-30 10:53:59,19250.0,1400,Sell,236001998
2024-08-30 10:53:59,19250.0,1000,Sell,236001999
2024-08-30 10:53:59,19250.0,5000,Sell,236002000
2024-08-30 10:53:59,19250.0,2000,Sell,236002001
2024-08-30 10:53:59,19250.0,100,Sell,236002002
2024-08-30 10:53:59,19250.0,500,Sell,236002003
2024-08-30 10:53:59,19250.0,1000,Sell,236002004
2024-08-30 10:53:59,19250.0,200,Sell,236002005
2024-08-30 10:53:59,19250.0,300,Sell,236001996
2024-08-30 10:53:59,19250.0,500,Sell,236001983
2024-08-30 10:53:59,19250.0,100,Sell,236001978
2024-08-30 10:53:59,19250.0,100,Sell,236001981
2024-08-30 10:53:59,19250.0,1400,Sell,236001982
2024-08-30 10:53:59,19250.0,1300,Sell,236001959
2024-08-30 10:53:59,19250.0,100,Sell,236001960
2024-08-30 10:53:59,19250.0,200,Sell,236001961
2024-08-30 10:53:59,19250.0,200,Sell,236001962
2024-08-30 10:53:59,19250.0,3000,Sell,236001963
2024-08-30 10:53:59,19250.0,1200,Sell,236001964
2024-08-30 10:53:59,19250.0,300,Sell,236001965
2024-08-30 10:53:59,19250.0,4000,Sell,236001966
2024-08-30 10:53:59,19250.0,1000,Sell,236001967
2024-08-30 10:53:59,19250.0,100,Sell,236001968
2024-08-30 10:53:59,19250.0,100,Sell,236001976
2024-08-30 10:53:59,19250.0,900,Sell,236001970
2024-08-30 10:53:59,19250.0,300,Sell,236001980
2024-08-30 10:53:59,19250.0,1000,Sell,236001979
2024-08-30 10:53:59,19250.0,1000,Sell,236001977
2024-08-30 10:53:59,19250.0,100,Sell,236001975
2024-08-30 10:53:59,19250.0,200,Sell,236001969
2024-08-30 10:53:59,19250.0,100,Sell,236001974
2024-08-30 10:53:59,19250.0,100,Sell,236001973
2024-08-30 10:53:59,19250.0,1000,Sell,236001972
2024-08-30 10:53:59,19250.0,100,Sell,236001971
2024-08-30 10:54:05,19250.0,200,Sell,236002089
2024-08-30 10:54:40,19300.0,2000,Buy,236002565
2024-08-30 10:55:24,19300.0,100,Buy,236003282
2024-08-30 10:55:58,19300.0,1000,Buy,236003733
2024-08-30 10:56:56,19250.0,500,Sell,236004365
2024-08-30 10:58:25,19250.0,800,Sell,236005436
2024-08-30 10:58:57,19300.0,1000,Buy,236005861
2024-08-30 10:59:51,19300.0,300,Buy,236006451
2024-08-30 11:00:52,19300.0,1400,Buy,236007116
2024-08-30 11:00:58,19300.0,100,Buy,236007199
2024-08-30 11:02:03,19250.0,500,Sell,236007965
2024-08-30 11:02:12,19250.0,400,Sell,236008067
2024-08-30 11:02:20,19250.0,1000,Sell,236008166
2024-08-30 11:02:20,19250.0,3200,Sell,236008168
2024-08-30 11:02:20,19250.0,100,Sell,236008167
2024-08-30 11:02:20,19250.0,500,Sell,236008165
2024-08-30 11:02:20,19250.0,100,Sell,236008164
2024-08-30 11:02:20,19250.0,1400,Sell,236008163
2024-08-30 11:02:20,19250.0,100,Sell,236008162
2024-08-30 11:02:20,19250.0,300,Sell,236008161
2024-08-30 11:02:20,19250.0,2000,Sell,236008160
2024-08-30 11:02:20,19250.0,1100,Sell,236008159
2024-08-30 11:02:24,19250.0,500,Sell,236008239
2024-08-30 11:02:38,19250.0,500,Sell,236008403
2024-08-30 11:02:49,19250.0,500,Sell,236008513
2024-08-30 11:02:57,19250.0,300,Sell,236008611
2024-08-30 11:03:05,19250.0,2000,Sell,236008716
2024-08-30 11:03:07,19250.0,400,Sell,236008750
2024-08-30 11:03:20,19250.0,500,Sell,236008897
2024-08-30 11:03:30,19250.0,400,Sell,236009021
2024-08-30 11:03:44,19250.0,200,Sell,236009194
2024-08-30 11:03:44,19250.0,600,Sell,236009195
2024-08-30 11:03:53,19250.0,400,Sell,236009297
2024-08-30 11:03:53,19250.0,300,Sell,236009300
2024-08-30 11:04:01,19250.0,800,Sell,236009385
2024-08-30 11:04:08,19250.0,600,Sell,236009523
2024-08-30 11:04:21,19250.0,600,Sell,236009667
2024-08-30 11:04:32,19250.0,400,Sell,236009831
2024-08-30 11:04:42,19250.0,400,Sell,236009964
2024-08-30 11:04:54,19250.0,500,Sell,236010151
2024-08-30 11:05:08,19250.0,500,Sell,236010330
2024-08-30 11:05:13,19300.0,300,Buy,236010381
2024-08-30 11:05:16,19250.0,400,Sell,236010416
2024-08-30 11:05:26,19250.0,400,Sell,236010558
2024-08-30 11:05:36,19250.0,400,Sell,236010710
2024-08-30 11:05:55,19250.0,700,Sell,236010888
2024-08-30 11:06:04,19250.0,400,Sell,236011005
2024-08-30 11:06:07,19250.0,200,Sell,236011043
2024-08-30 11:06:11,19300.0,200,Buy,236011157
2024-08-30 11:06:16,19250.0,500,Sell,236011240
2024-08-30 11:06:20,19250.0,200,Sell,236011277
2024-08-30 11:06:25,19250.0,300,Sell,236011395
2024-08-30 11:06:43,19250.0,800,Sell,236011628
2024-08-30 11:06:48,19250.0,600,Sell,236011699
2024-08-30 11:06:48,19250.0,100,Sell,236011700
2024-08-30 11:06:48,19250.0,200,Sell,236011701
2024-08-30 11:06:57,19250.0,500,Sell,236011783
2024-08-30 11:07:07,19250.0,400,Sell,236011852
2024-08-30 11:07:18,19250.0,300,Sell,236011961
2024-08-30 11:07:18,19250.0,100,Sell,236011962
2024-08-30 11:07:29,19250.0,500,Sell,236012048
2024-08-30 11:07:31,19250.0,200,Sell,236012086
2024-08-30 11:07:40,19250.0,300,Sell,236012193
2024-08-30 11:07:40,19250.0,100,Sell,236012194
2024-08-30 11:07:47,19300.0,1000,Buy,236012313
2024-08-30 11:07:47,19300.0,2400,Buy,236012314
2024-08-30 11:07:47,19300.0,800,Buy,236012315
2024-08-30 11:07:47,19300.0,2800,Buy,236012316
2024-08-30 11:07:47,19300.0,700,Buy,236012317
2024-08-30 11:07:47,19300.0,2000,Buy,236012312
2024-08-30 11:07:47,19300.0,100,Buy,236012319
2024-08-30 11:07:47,19300.0,500,Buy,236012320
2024-08-30 11:07:47,19300.0,2800,Buy,236012321
2024-08-30 11:07:47,19300.0,2800,Buy,236012322
2024-08-30 11:07:47,19300.0,1000,Buy,236012323
2024-08-30 11:07:47,19300.0,1000,Buy,236012324
2024-08-30 11:07:47,19300.0,900,Buy,236012318
2024-08-30 11:07:47,19300.0,1000,Buy,236012325
2024-08-30 11:07:47,19300.0,200,Buy,236012310
2024-08-30 11:07:47,19300.0,1000,Buy,236012309
2024-08-30 11:07:47,19300.0,1000,Buy,236012311
2024-08-30 11:07:47,19300.0,2300,Buy,236012296
2024-08-30 11:07:47,19300.0,5600,Buy,236012297
2024-08-30 11:07:47,19300.0,4400,Buy,236012298
2024-08-30 11:07:47,19300.0,5600,Buy,236012299
2024-08-30 11:07:47,19300.0,4400,Buy,236012300
2024-08-30 11:07:47,19300.0,4400,Buy,236012303
2024-08-30 11:07:47,19300.0,5600,Buy,236012302
2024-08-30 11:07:47,19300.0,300,Buy,236012301
2024-08-30 11:07:47,19300.0,200,Buy,236012307
2024-08-30 11:07:47,19300.0,2400,Buy,236012308
2024-08-30 11:07:47,19300.0,1000,Buy,236012305
2024-08-30 11:07:47,19300.0,2800,Buy,236012304
2024-08-30 11:07:47,19300.0,2400,Buy,236012306
2024-08-30 11:08:06,19300.0,2000,Sell,236012610
2024-08-30 11:08:52,19300.0,500,Sell,236013098
2024-08-30 11:09:06,19300.0,500,Sell,236013269
2024-08-30 11:09:18,19300.0,500,Sell,236013443
2024-08-30 11:09:20,19300.0,100,Sell,236013464
2024-08-30 11:09:29,19300.0,15000,Sell,236013648
2024-08-30 11:09:32,19300.0,600,Sell,236013674
2024-08-30 11:09:36,19300.0,800,Sell,236013748
2024-08-30 11:09:44,19300.0,20000,Sell,236013858
2024-08-30 11:09:46,19300.0,500,Sell,236013871
2024-08-30 11:09:47,19300.0,11100,Sell,236013880
2024-08-30 11:09:47,19300.0,8900,Sell,236013879
2024-08-30 11:10:05,19300.0,800,Sell,236014155
2024-08-30 11:10:11,19300.0,500,Sell,236014321
2024-08-30 11:10:11,19300.0,1400,Sell,236014320
2024-08-30 11:10:11,19300.0,8900,Sell,236014316
2024-08-30 11:10:11,19300.0,300,Sell,236014318
2024-08-30 11:10:11,19300.0,8800,Sell,236014317
2024-08-30 11:10:11,19300.0,100,Sell,236014319
2024-08-30 11:10:21,19300.0,600,Sell,236014437
2024-08-30 11:10:31,19300.0,400,Sell,236014551
2024-08-30 11:10:37,19300.0,100,Sell,236014636
2024-08-30 11:10:54,19250.0,100,Sell,236014868
2024-08-30 11:10:54,19250.0,500,Sell,236014869
2024-08-30 11:10:54,19250.0,400,Sell,236014870
2024-08-30 11:10:55,19300.0,9900,Buy,236014897
2024-08-30 11:10:55,19300.0,100,Buy,236014898
2024-08-30 11:11:06,19250.0,400,Sell,236015082
2024-08-30 11:11:20,19250.0,600,Sell,236015257
2024-08-30 11:11:21,19300.0,100,Buy,236015266
2024-08-30 11:11:33,19250.0,500,Sell,236015411
2024-08-30 11:11:47,19250.0,600,Sell,236015593
2024-08-30 11:11:57,19300.0,600,Buy,236015717
2024-08-30 11:12:04,19300.0,1000,Buy,236015788
2024-08-30 11:12:06,19300.0,1400,Buy,236015808
2024-08-30 11:12:09,19250.0,900,Sell,236015892
2024-08-30 11:12:17,19300.0,100,Buy,236015982
2024-08-30 11:12:19,19300.0,1000,Buy,236016013
2024-08-30 11:12:26,19300.0,5700,Buy,236016089
2024-08-30 11:12:26,19300.0,500,Buy,236016090
2024-08-30 11:12:26,19300.0,400,Buy,236016091
2024-08-30 11:12:26,19300.0,600,Buy,236016092
2024-08-30 11:12:26,19300.0,400,Buy,236016094
2024-08-30 11:12:26,19300.0,400,Buy,236016095
2024-08-30 11:12:26,19300.0,600,Buy,236016096
2024-08-30 11:12:26,19300.0,500,Buy,236016093
2024-08-30 11:12:42,19300.0,800,Buy,236016326
2024-08-30 11:12:42,19300.0,800,Buy,236016327
2024-08-30 11:12:50,19250.0,800,Sell,236016461
2024-08-30 11:13:01,19250.0,400,Sell,236016579
2024-08-30 11:13:20,19250.0,800,Sell,236016751
2024-08-30 11:13:25,19300.0,2400,Buy,236016822
2024-08-30 11:13:27,19350.0,100,Buy,236016845
2024-08-30 11:13:31,19250.0,400,Sell,236016919
2024-08-30 11:13:36,19300.0,200,Buy,236016970
2024-08-30 11:13:39,19300.0,2200,Buy,236017000
2024-08-30 11:13:43,19250.0,500,Sell,236017058
2024-08-30 11:13:54,19300.0,800,Buy,236017138
2024-08-30 11:13:57,19300.0,600,Sell,236017172
2024-08-30 11:14:10,19300.0,500,Sell,236017294
2024-08-30 11:14:21,19300.0,500,Sell,236017487
2024-08-30 11:14:23,19300.0,2600,Sell,236017529
2024-08-30 11:14:23,19300.0,7400,Sell,236017530
2024-08-30 11:14:25,19300.0,10000,Sell,236017553
2024-08-30 11:14:32,19300.0,400,Sell,236017655
2024-08-30 11:14:44,19300.0,16400,Sell,236017773
2024-08-30 11:14:45,19300.0,500,Sell,236017785
2024-08-30 11:14:58,19300.0,1000,Sell,236017958
2024-08-30 11:15:02,19300.0,700,Sell,236017990
2024-08-30 11:15:05,19300.0,19800,Sell,236018020
2024-08-30 11:15:05,19300.0,200,Sell,236018021
2024-08-30 11:15:10,19300.0,4800,Sell,236018075
2024-08-30 11:15:12,19250.0,400,Sell,236018114
2024-08-30 11:15:27,19250.0,600,Sell,236018315
2024-08-30 11:15:36,19250.0,300,Sell,236018433
2024-08-30 11:15:44,19250.0,100,Sell,236018535
2024-08-30 11:15:49,19250.0,500,Sell,236018606
2024-08-30 11:16:02,19300.0,3900,Buy,236018773
2024-08-30 11:16:02,19300.0,800,Buy,236018770
2024-08-30 11:16:02,19300.0,4400,Buy,236018771
2024-08-30 11:16:02,19300.0,900,Buy,236018772
2024-08-30 11:16:03,19250.0,600,Sell,236018791
2024-08-30 11:16:15,19250.0,500,Sell,236018926
2024-08-30 11:16:25,19250.0,400,Sell,236019037
2024-08-30 11:16:36,19250.0,300,Sell,236019184
2024-08-30 11:16:36,19250.0,100,Sell,236019185
2024-08-30 11:16:44,19250.0,400,Sell,236019297
2024-08-30 11:16:57,19250.0,100,Sell,236019419
2024-08-30 11:16:57,19250.0,400,Sell,236019420
2024-08-30 11:17:10,19250.0,500,Sell,236019572
2024-08-30 11:17:13,19250.0,2600,Sell,236019619
2024-08-30 11:17:24,19250.0,600,Sell,236019688
2024-08-30 11:17:27,19250.0,100,Sell,236019699
2024-08-30 11:17:33,19250.0,300,Sell,236019758
2024-08-30 11:17:34,19250.0,600,Sell,236019771
2024-08-30 11:17:46,19250.0,500,Sell,236019918
2024-08-30 11:17:49,19250.0,600,Sell,236019941
2024-08-30 11:17:58,19250.0,400,Sell,236020097
2024-08-30 11:17:59,19250.0,800,Sell,236020118
2024-08-30 11:18:13,19250.0,600,Sell,236020270
2024-08-30 11:18:15,19250.0,1000,Sell,236020301
2024-08-30 11:18:21,19250.0,300,Sell,236020366
2024-08-30 11:18:31,19250.0,400,Sell,236020449
2024-08-30 11:18:42,19250.0,400,Sell,236020609
2024-08-30 11:18:42,19250.0,100,Sell,236020610
2024-08-30 11:18:54,19250.0,400,Sell,236020783
2024-08-30 11:19:07,19250.0,500,Sell,236020913
2024-08-30 11:19:07,19250.0,100,Sell,236020914
2024-08-30 11:19:17,19250.0,400,Sell,236021047
2024-08-30 11:19:28,19250.0,400,Sell,236021183
2024-08-30 11:19:40,19250.0,500,Sell,236021334
2024-08-30 11:19:52,19250.0,100,Sell,236021468
2024-08-30 11:19:52,19250.0,100,Sell,236021465
2024-08-30 11:19:52,19250.0,100,Sell,236021466
2024-08-30 11:19:52,19250.0,200,Sell,236021467
2024-08-30 11:20:01,19250.0,300,Sell,236021561
2024-08-30 11:20:14,19250.0,500,Sell,236021696
2024-08-30 11:20:24,19250.0,400,Sell,236021816
2024-08-30 11:20:35,19250.0,100,Sell,236021944
2024-08-30 11:20:35,19250.0,400,Sell,236021945
2024-08-30 11:20:48,19250.0,800,Sell,236022096
2024-08-30 11:20:49,19250.0,500,Sell,236022101
2024-08-30 11:21:00,19250.0,500,Sell,236022210
2024-08-30 11:21:13,19250.0,300,Sell,236022376
2024-08-30 11:21:13,19250.0,200,Sell,236022375
2024-08-30 11:21:21,19250.0,200,Sell,236022475
2024-08-30 11:21:21,19250.0,1100,Sell,236022474
2024-08-30 11:21:21,19250.0,200,Sell,236022476
2024-08-30 11:21:22,19250.0,7400,Sell,236022477
2024-08-30 11:21:22,19250.0,11100,Sell,236022478
2024-08-30 11:21:23,19250.0,400,Sell,236022496
2024-08-30 11:21:38,19250.0,600,Sell,236022692
2024-08-30 11:21:47,19250.0,300,Sell,236022791
2024-08-30 11:22:00,19300.0,300,Buy,236022958
2024-08-30 11:22:02,19250.0,600,Sell,236022979
2024-08-30 11:22:13,19250.0,500,Sell,236023127
2024-08-30 11:22:28,19250.0,100,Sell,236023259
2024-08-30 11:22:29,19250.0,600,Sell,236023269
2024-08-30 11:22:36,19250.0,200,Sell,236023331
2024-08-30 11:22:38,19300.0,1200,Buy,236023344
2024-08-30 11:22:39,19250.0,400,Sell,236023356
2024-08-30 11:22:50,19250.0,500,Sell,236023440
2024-08-30 11:23:01,19250.0,400,Sell,236023541
2024-08-30 11:23:11,19250.0,400,Sell,236023628
2024-08-30 11:23:22,19250.0,500,Sell,236023808
2024-08-30 11:23:33,19250.0,400,Sell,236023912
2024-08-30 11:23:36,19250.0,900,Sell,236023948
2024-08-30 11:23:46,19250.0,500,Sell,236024068
2024-08-30 11:23:55,19250.0,400,Sell,236024165
2024-08-30 11:24:08,19250.0,500,Sell,236024310
2024-08-30 11:24:18,19250.0,400,Sell,236024410
2024-08-30 11:24:27,19250.0,300,Sell,236024513
2024-08-30 11:24:32,19250.0,1400,Sell,236024562
2024-08-30 11:24:41,19300.0,200,Buy,236024634
2024-08-30 11:24:41,19300.0,2400,Buy,236024635
2024-08-30 11:24:44,19250.0,700,Sell,236024689
2024-08-30 11:24:58,19250.0,600,Sell,236024842
2024-08-30 11:25:08,19250.0,400,Sell,236024921
2024-08-30 11:25:19,19250.0,400,Sell,236025123
2024-08-30 11:25:28,19300.0,1000,Buy,236025220
2024-08-30 11:25:30,19250.0,500,Sell,236025236
2024-08-30 11:25:41,19250.0,400,Sell,236025351
2024-08-30 11:25:56,19300.0,1000,Buy,236025492
2024-08-30 11:25:56,19300.0,1000,Buy,236025493
2024-08-30 11:25:56,19250.0,600,Sell,236025496
2024-08-30 11:26:10,19250.0,600,Sell,236025639
2024-08-30 11:26:12,19300.0,1400,Buy,236025660
2024-08-30 11:26:12,19300.0,1000,Buy,236025661
2024-08-30 11:26:12,19300.0,100,Buy,236025662
2024-08-30 11:26:23,19250.0,500,Sell,236025820
2024-08-30 11:26:24,19250.0,800,Sell,236025834
2024-08-30 11:26:34,19250.0,400,Sell,236025972
2024-08-30 11:26:36,19300.0,600,Buy,236025981
2024-08-30 11:26:48,19300.0,100,Buy,236026100
2024-08-30 11:26:48,19300.0,2300,Buy,236026098
2024-08-30 11:26:48,19250.0,600,Sell,236026111
2024-08-30 11:26:49,19300.0,100,Buy,236026114
2024-08-30 11:26:55,19250.0,1000,Sell,236026161
2024-08-30 11:27:04,19250.0,600,Sell,236026261
2024-08-30 11:27:06,19300.0,100,Buy,236026276
2024-08-30 11:27:14,19250.0,400,Sell,236026355
2024-08-30 11:27:24,19300.0,2300,Buy,236026567
2024-08-30 11:27:24,19300.0,4400,Buy,236026568
2024-08-30 11:27:24,19300.0,2800,Buy,236026569
2024-08-30 11:27:24,19300.0,2800,Buy,236026570
2024-08-30 11:27:24,19300.0,100,Buy,236026571
2024-08-30 11:27:24,19300.0,7600,Buy,236026572
2024-08-30 11:27:26,19250.0,500,Sell,236026603
2024-08-30 11:27:27,19300.0,200,Buy,236026622
2024-08-30 11:27:28,19300.0,100,Buy,236026627
2024-08-30 11:27:37,19250.0,500,Sell,236026810
2024-08-30 11:27:43,19300.0,100,Buy,236026865
2024-08-30 11:27:43,19300.0,100,Buy,236026866
2024-08-30 11:27:43,19300.0,1200,Buy,236026867
2024-08-30 11:27:43,19250.0,500,Sell,236026869
2024-08-30 11:27:43,19300.0,1400,Buy,236026875
2024-08-30 11:27:46,19250.0,300,Sell,236026926
2024-08-30 11:27:52,19300.0,7400,Buy,236027034
2024-08-30 11:27:52,19300.0,1300,Buy,236027035
2024-08-30 11:27:52,19300.0,1000,Buy,236027036
2024-08-30 11:27:52,19300.0,300,Buy,236027037
2024-08-30 11:28:02,19250.0,600,Sell,236027168
2024-08-30 11:28:13,19250.0,500,Sell,236027278
2024-08-30 11:28:23,19250.0,400,Sell,236027503
2024-08-30 11:28:37,19250.0,600,Sell,236027670
2024-08-30 11:28:48,19250.0,400,Sell,236027780
2024-08-30 11:28:55,19250.0,300,Sell,236027865
2024-08-30 11:29:04,19250.0,100,Sell,236027955
2024-08-30 11:29:12,19250.0,900,Sell,236028017
2024-08-30 11:29:12,19250.0,5600,Sell,236028018
2024-08-30 11:29:12,19250.0,1500,Sell,236028020
2024-08-30 11:29:12,19250.0,100,Sell,236028021
2024-08-30 11:29:12,19250.0,300,Sell,236028022
2024-08-30 11:29:12,19250.0,2500,Sell,236028023
2024-08-30 11:29:23,19250.0,5600,Sell,236028139
2024-08-30 11:29:23,19250.0,4400,Sell,236028140
2024-08-30 11:29:34,19250.0,1300,Sell,236028242
2024-08-30 11:29:42,19250.0,4400,Sell,236028317
2024-08-30 11:29:42,19250.0,5600,Sell,236028314
2024-08-30 11:29:52,19250.0,8300,Sell,236028440
2024-08-30 11:29:52,19250.0,200,Sell,236028432
2024-08-30 11:29:52,19250.0,200,Sell,236028439
2024-08-30 11:29:52,19250.0,2000,Sell,236028438
2024-08-30 11:29:52,19250.0,300,Sell,236028437
2024-08-30 11:29:52,19250.0,200,Sell,236028436
2024-08-30 11:29:52,19250.0,1000,Sell,236028435
2024-08-30 11:29:52,19250.0,3000,Sell,236028434
2024-08-30 11:29:52,19250.0,5000,Sell,236028433
2024-08-30 11:29:52,19250.0,3000,Sell,236028431
2024-08-30 11:29:52,19250.0,200,Sell,236028420
2024-08-30 11:29:52,19250.0,100,Sell,236028429
2024-08-30 11:29:52,19250.0,700,Sell,236028430
2024-08-30 11:29:52,19250.0,1000,Sell,236028421
2024-08-30 11:29:52,19250.0,400,Sell,236028422
2024-08-30 11:29:52,19250.0,500,Sell,236028423
2024-08-30 11:29:52,19250.0,20200,Sell,236028419
2024-08-30 11:29:52,19250.0,200,Sell,236028425
2024-08-30 11:29:52,19250.0,5000,Sell,236028426
2024-08-30 11:29:52,19250.0,1000,Sell,236028427
2024-08-30 11:29:52,19250.0,300,Sell,236028424
2024-08-30 11:29:52,19250.0,400,Sell,236028428
2024-08-30 11:29:55,19250.0,600,Sell,236028487
2024-08-30 12:59:56,19250.0,1500,Sell,236028765
2024-08-30 12:59:56,19300.0,3000,Buy,236029204
2024-08-30 12:59:58,19300.0,100,Buy,236029729
2024-08-30 12:59:58,19300.0,3800,Buy,236029732
2024-08-30 13:00:03,19300.0,200,Buy,236030527
2024-08-30 13:00:04,19250.0,400,Sell,236030628
2024-08-30 13:00:13,19250.0,100,Sell,236031327
2024-08-30 13:00:14,19250.0,500,Sell,236031433
2024-08-30 13:00:18,19250.0,400,Sell,236031700
2024-08-30 13:00:44,19300.0,3800,Buy,236032208
2024-08-30 13:00:44,19300.0,1000,Buy,236032209
2024-08-30 13:00:50,19300.0,1400,Buy,236032286
2024-08-30 13:01:03,19250.0,800,Sell,236032564
2024-08-30 13:01:04,19250.0,400,Sell,236032578
2024-08-30 13:01:09,19300.0,400,Buy,236032763
2024-08-30 13:01:09,19300.0,4400,Buy,236032764
2024-08-30 13:01:21,19300.0,4500,Buy,236033075
2024-08-30 13:01:21,19300.0,300,Buy,236033076
2024-08-30 13:01:37,19300.0,4800,Buy,236033415
2024-08-30 13:01:41,19300.0,700,Buy,236033466
2024-08-30 13:01:54,19300.0,4800,Buy,236033684
2024-08-30 13:01:57,19300.0,500,Buy,236033725
2024-08-30 13:01:57,19300.0,1300,Buy,236033726
2024-08-30 13:02:03,19250.0,800,Sell,236033805
2024-08-30 13:02:13,19300.0,600,Buy,236033987
2024-08-30 13:02:13,19300.0,200,Buy,236033985
2024-08-30 13:02:13,19300.0,100,Buy,236033984
2024-08-30 13:02:13,19300.0,100,Buy,236033986
2024-08-30 13:02:38,19300.0,100,Buy,236034494
2024-08-30 13:02:38,19300.0,3100,Buy,236034499
2024-08-30 13:02:38,19300.0,100,Buy,236034498
2024-08-30 13:02:38,19300.0,200,Buy,236034493
2024-08-30 13:02:38,19300.0,100,Buy,236034496
2024-08-30 13:02:38,19300.0,1000,Buy,236034495
2024-08-30 13:02:38,19300.0,200,Buy,236034497
2024-08-30 13:02:51,19300.0,100,Buy,236034705
2024-08-30 13:03:06,19250.0,800,Sell,236035029
2024-08-30 13:03:53,19250.0,800,Sell,236035859
2024-08-30 13:04:09,19250.0,800,Sell,236036170
2024-08-30 13:04:15,19300.0,900,Buy,236036311
2024-08-30 13:04:36,19300.0,1400,Buy,236036670
2024-08-30 13:04:41,19300.0,100,Buy,236036774
2024-08-30 13:04:48,19300.0,100,Buy,236036866
2024-08-30 13:05:14,19250.0,800,Sell,236037286
2024-08-30 13:05:25,19300.0,3200,Buy,236037513
2024-08-30 13:05:25,19300.0,1800,Buy,236037514
2024-08-30 13:06:15,19300.0,100,Buy,236038429
2024-08-30 13:06:15,19300.0,500,Buy,236038433
2024-08-30 13:06:17,19250.0,800,Sell,236038467
2024-08-30 13:06:56,19300.0,200,Buy,236039253
2024-08-30 13:07:07,19300.0,500,Buy,236039454
2024-08-30 13:07:21,19250.0,800,Sell,236039684
2024-08-30 13:07:34,19250.0,900,Sell,236040022
2024-08-30 13:07:37,19300.0,200,Buy,236040055
2024-08-30 13:07:55,19300.0,500,Buy,236040432
2024-08-30 13:07:57,19300.0,3100,Buy,236040496
2024-08-30 13:07:57,19300.0,1300,Buy,236040495
2024-08-30 13:07:57,19300.0,900,Buy,236040493
2024-08-30 13:07:57,19300.0,800,Buy,236040492
2024-08-30 13:07:57,19300.0,2600,Buy,236040491
2024-08-30 13:07:57,19300.0,1300,Buy,236040490
2024-08-30 13:07:57,19300.0,7300,Buy,236040482
2024-08-30 13:07:57,19300.0,1400,Buy,236040488
2024-08-30 13:07:57,19300.0,1000,Buy,236040489
2024-08-30 13:07:57,19300.0,1300,Buy,236040483
2024-08-30 13:07:57,19300.0,1000,Buy,236040484
2024-08-30 13:07:57,19300.0,300,Buy,236040494
2024-08-30 13:07:57,19300.0,800,Buy,236040485
2024-08-30 13:07:57,19300.0,600,Buy,236040486
2024-08-30 13:07:57,19300.0,5000,Buy,236040487
2024-08-30 13:08:04,19300.0,300,Buy,236040636
2024-08-30 13:08:12,19300.0,500,Buy,236040787
2024-08-30 13:08:13,19300.0,500,Buy,236040803
2024-08-30 13:08:19,19300.0,600,Buy,236040907
2024-08-30 13:08:19,19300.0,800,Buy,236040908
2024-08-30 13:08:21,19300.0,1200,Buy,236040949
2024-08-30 13:08:24,19300.0,300,Buy,236041042
2024-08-30 13:08:24,19250.0,800,Sell,236041051
2024-08-30 13:08:32,19300.0,500,Buy,236041343
2024-08-30 13:08:37,19300.0,200,Buy,236041440
2024-08-30 13:08:44,19300.0,100,Buy,236041614
2024-08-30 13:08:46,19250.0,2000,Sell,236041675
2024-08-30 13:08:48,19300.0,2000,Buy,236041738
2024-08-30 13:08:50,19300.0,100,Buy,236041757
2024-08-30 13:08:53,19250.0,100,Sell,236041844
2024-08-30 13:09:05,19300.0,3700,Buy,236042016
2024-08-30 13:09:05,19300.0,11100,Buy,236042017
2024-08-30 13:09:05,19300.0,100,Buy,236042018
2024-08-30 13:09:05,19300.0,200,Buy,236042019
2024-08-30 13:09:05,19300.0,1900,Buy,236042020
2024-08-30 13:09:05,19300.0,1300,Buy,236042021
2024-08-30 13:09:26,19300.0,800,Sell,236042463
2024-08-30 13:09:26,19350.0,900,Buy,236042469
2024-08-30 13:09:28,19350.0,1600,Buy,236042495
2024-08-30 13:09:43,19350.0,100,Buy,236042862
2024-08-30 13:09:43,19350.0,1700,Buy,236042861
2024-08-30 13:10:10,19350.0,4300,Buy,236043709
2024-08-30 13:10:10,19350.0,200,Buy,236043710
2024-08-30 13:10:10,19350.0,900,Buy,236043711
2024-08-30 13:10:10,19350.0,5600,Buy,236043712
2024-08-30 13:10:15,19350.0,600,Buy,236043832
2024-08-30 13:10:27,19300.0,800,Sell,236044127
2024-08-30 13:10:31,19350.0,2000,Buy,236044203
2024-08-30 13:10:50,19350.0,100,Buy,236044576
2024-08-30 13:10:55,19350.0,1700,Buy,236044759
2024-08-30 13:10:55,19350.0,8300,Buy,236044760
2024-08-30 13:11:29,19300.0,800,Sell,236045524
2024-08-30 13:12:14,19300.0,500,Sell,236046566
2024-08-30 13:12:23,19350.0,1000,Buy,236046737
2024-08-30 13:12:30,19300.0,800,Sell,236046897
2024-08-30 13:12:49,19300.0,100,Sell,236047264
2024-08-30 13:12:54,19300.0,2900,Sell,236047392
2024-08-30 13:12:54,19300.0,5000,Sell,236047393
2024-08-30 13:12:54,19300.0,500,Sell,236047394
2024-08-30 13:12:54,19300.0,9100,Sell,236047395
2024-08-30 13:12:54,19300.0,4800,Sell,236047396
2024-08-30 13:12:54,19300.0,2700,Sell,236047397
2024-08-30 13:12:54,19300.0,15000,Sell,236047398
2024-08-30 13:12:58,19300.0,1300,Sell,236047527
2024-08-30 13:13:02,19300.0,3500,Sell,236047597
2024-08-30 13:13:11,19300.0,800,Sell,236047809
2024-08-30 13:13:25,19300.0,20000,Sell,236048127
2024-08-30 13:13:31,19300.0,900,Sell,236048270
2024-08-30 13:13:35,19300.0,500,Sell,236048349
2024-08-30 13:13:35,19300.0,100,Sell,236048378
2024-08-30 13:13:35,19300.0,100,Sell,236048355
2024-08-30 13:13:35,19300.0,4800,Sell,236048354
2024-08-30 13:13:35,19300.0,1000,Sell,236048353
2024-08-30 13:13:35,19300.0,200,Sell,236048352
2024-08-30 13:13:35,19300.0,200,Sell,236048351
2024-08-30 13:13:35,19300.0,100,Sell,236048350
2024-08-30 13:13:35,19300.0,3000,Sell,236048348
2024-08-30 13:13:35,19300.0,8500,Sell,236048337
2024-08-30 13:13:35,19300.0,1400,Sell,236048346
2024-08-30 13:13:35,19300.0,1000,Sell,236048339
2024-08-30 13:13:35,19300.0,1000,Sell,236048340
2024-08-30 13:13:35,19300.0,800,Sell,236048341
2024-08-30 13:13:35,19300.0,2000,Sell,236048338
2024-08-30 13:13:35,19300.0,1000,Sell,236048343
2024-08-30 13:13:35,19300.0,3000,Sell,236048344
2024-08-30 13:13:35,19300.0,100,Sell,236048345
2024-08-30 13:13:35,19300.0,400,Sell,236048342
2024-08-30 13:13:35,19300.0,900,Sell,236048347
2024-08-30 13:13:45,19300.0,1000,Buy,236048741
2024-08-30 13:14:19,19300.0,100,Sell,236049569
2024-08-30 13:14:36,19300.0,900,Sell,236049863
2024-08-30 13:14:39,19300.0,1300,Sell,236049988
2024-08-30 13:14:51,19300.0,200,Sell,236050267
2024-08-30 13:14:53,19350.0,1100,Buy,236050323
2024-08-30 13:15:00,19350.0,1600,Buy,236050471
2024-08-30 13:15:16,19350.0,1000,Buy,236050951
2024-08-30 13:15:20,19350.0,3600,Buy,236051078
2024-08-30 13:15:22,19350.0,1600,Buy,236051192
2024-08-30 13:15:31,19350.0,9600,Buy,236051407
2024-08-30 13:15:35,19350.0,2800,Buy,236051573
2024-08-30 13:15:40,19350.0,2000,Buy,236051680
2024-08-30 13:15:42,19300.0,800,Sell,236051796
2024-08-30 13:15:47,19350.0,3200,Buy,236051964
2024-08-30 13:15:51,19350.0,1000,Buy,236052187
2024-08-30 13:15:51,19350.0,1100,Buy,236052193
2024-08-30 13:15:51,19350.0,1400,Buy,236052192
2024-08-30 13:15:51,19350.0,2000,Buy,236052191
2024-08-30 13:15:51,19350.0,100,Buy,236052190
2024-08-30 13:15:51,19350.0,800,Buy,236052189
2024-08-30 13:15:51,19350.0,2000,Buy,236052188
2024-08-30 13:15:51,19350.0,1000,Buy,236052186
2024-08-30 13:15:51,19350.0,14200,Buy,236052174
2024-08-30 13:15:51,19350.0,100,Buy,236052184
2024-08-30 13:15:51,19350.0,100,Buy,236052183
2024-08-30 13:15:51,19350.0,2300,Buy,236052182
2024-08-30 13:15:51,19350.0,100,Buy,236052181
2024-08-30 13:15:51,19350.0,1000,Buy,236052180
2024-08-30 13:15:51,19350.0,100,Buy,236052179
2024-08-30 13:15:51,19350.0,800,Buy,236052178
2024-08-30 13:15:51,19350.0,600,Buy,236052185
2024-08-30 13:16:00,19350.0,300,Buy,236052403
2024-08-30 13:16:01,19350.0,400,Buy,236052482
2024-08-30 13:16:01,19350.0,900,Buy,236052487
2024-08-30 13:16:01,19350.0,100,Buy,236052486
2024-08-30 13:16:01,19350.0,100,Buy,236052485
2024-08-30 13:16:01,19350.0,5000,Buy,236052484
2024-08-30 13:16:01,19350.0,600,Buy,236052483
2024-08-30 13:16:01,19350.0,3000,Buy,236052481
2024-08-30 13:16:01,19350.0,7500,Buy,236052468
2024-08-30 13:16:01,19350.0,200,Buy,236052474
2024-08-30 13:16:01,19350.0,11100,Buy,236052469
2024-08-30 13:16:01,19350.0,800,Buy,236052470
2024-08-30 13:16:01,19350.0,100,Buy,236052480
2024-08-30 13:16:01,19350.0,1300,Buy,236052472
2024-08-30 13:16:01,19350.0,100,Buy,236052473
2024-08-30 13:16:01,19350.0,500,Buy,236052471
2024-08-30 13:16:04,19350.0,9300,Sell,236052533
2024-08-30 13:16:20,19350.0,1300,Sell,236052975
2024-08-30 13:16:25,19350.0,4900,Sell,236053092
2024-08-30 13:16:25,19350.0,6200,Sell,236053093
2024-08-30 13:16:25,19350.0,8900,Sell,236053091
2024-08-30 13:16:28,19350.0,900,Sell,236053173
2024-08-30 13:16:28,19350.0,100,Sell,236053174
2024-08-30 13:16:31,19350.0,700,Sell,236053297
2024-08-30 13:16:32,19350.0,300,Buy,236053306
2024-08-30 13:16:37,19350.0,400,Buy,236053445
2024-08-30 13:16:37,19350.0,600,Sell,236053430
2024-08-30 13:16:45,19350.0,800,Sell,236053613
2024-08-30 13:17:01,19350.0,100,Sell,236054027
2024-08-30 13:17:10,19350.0,900,Sell,236054237
2024-08-30 13:17:10,19350.0,1900,Sell,236054238
2024-08-30 13:17:11,19350.0,1300,Sell,236054242
2024-08-30 13:17:11,19350.0,500,Sell,236054243
2024-08-30 13:17:12,19350.0,400,Buy,236054301
2024-08-30 13:17:12,19400.0,1600,Buy,236054302
2024-08-30 13:17:12,19400.0,1000,Buy,236054303
2024-08-30 13:17:12,19400.0,100,Buy,236054304
2024-08-30 13:17:12,19400.0,500,Buy,236054305
2024-08-30 13:17:12,19400.0,800,Buy,236054306
2024-08-30 13:17:12,19400.0,2800,Buy,236054307
2024-08-30 13:17:12,19400.0,2200,Buy,236054308
2024-08-30 13:17:12,19400.0,600,Buy,236054309
2024-08-30 13:17:25,19350.0,100,Buy,236054707
2024-08-30 13:17:26,19350.0,200,Buy,236054737
2024-08-30 13:17:35,19350.0,4000,Buy,236055025
2024-08-30 13:17:44,19350.0,100,Buy,236055217
2024-08-30 13:17:44,19350.0,700,Buy,236055216
2024-08-30 13:17:44,19350.0,800,Sell,236055242
2024-08-30 13:17:48,19350.0,1100,Sell,236055321
2024-08-30 13:17:55,19350.0,5600,Sell,236055495
2024-08-30 13:17:55,19350.0,300,Sell,236055487
2024-08-30 13:17:56,19350.0,4400,Sell,236055497
2024-08-30 13:18:00,19350.0,1400,Sell,236055597
2024-08-30 13:18:04,19350.0,300,Sell,236055701
2024-08-30 13:18:04,19350.0,2500,Sell,236055700
2024-08-30 13:18:04,19350.0,700,Sell,236055702
2024-08-30 13:18:13,19350.0,1500,Buy,236055967
2024-08-30 13:18:45,19350.0,800,Sell,236056798
2024-08-30 13:18:46,19350.0,800,Sell,236056842
2024-08-30 13:19:04,19350.0,1000,Sell,236057273
2024-08-30 13:19:41,19350.0,900,Sell,236058265
2024-08-30 13:19:41,19350.0,400,Sell,236058273
2024-08-30 13:19:48,19350.0,900,Sell,236058478
2024-08-30 13:19:50,19350.0,100,Sell,236058517
2024-08-30 13:19:54,19350.0,200,Sell,236058590
2024-08-30 13:20:09,19350.0,4500,Sell,236058898
2024-08-30 13:20:09,19350.0,100,Sell,236058899
2024-08-30 13:20:09,19350.0,400,Sell,236058897
2024-08-30 13:20:10,19350.0,100,Sell,236058921
2024-08-30 13:20:10,19350.0,900,Sell,236058922
2024-08-30 13:20:11,19350.0,7300,Sell,236058954
2024-08-30 13:20:11,19350.0,200,Sell,236058953
2024-08-30 13:20:11,19350.0,1300,Sell,236058952
2024-08-30 13:20:11,19350.0,1500,Sell,236058951
2024-08-30 13:20:11,19350.0,400,Sell,236058950
2024-08-30 13:20:11,19350.0,5000,Sell,236058948
2024-08-30 13:20:11,19350.0,2100,Sell,236058945
2024-08-30 13:20:11,19350.0,300,Sell,236058949
2024-08-30 13:20:11,19350.0,1000,Sell,236058947
2024-08-30 13:20:11,19350.0,100,Sell,236058946
2024-08-30 13:20:16,19350.0,300,Buy,236059071
2024-08-30 13:20:21,19350.0,300,Buy,236059142
2024-08-30 13:20:26,19350.0,200,Buy,236059282
2024-08-30 13:20:26,19350.0,100,Buy,236059283
2024-08-30 13:20:26,19400.0,4400,Buy,236059284
2024-08-30 13:20:26,19400.0,100,Buy,236059285
2024-08-30 13:20:43,19400.0,200,Buy,236059840
2024-08-30 13:20:43,19400.0,500,Buy,236059839
2024-08-30 13:20:43,19400.0,900,Buy,236059838
2024-08-30 13:20:45,19400.0,600,Buy,236059890
2024-08-30 13:20:45,19400.0,3000,Buy,236059891
2024-08-30 13:20:45,19400.0,1200,Buy,236059892
2024-08-30 13:20:54,19350.0,800,Sell,236060239
2024-08-30 13:21:21,19350.0,300,Sell,236061077
2024-08-30 13:21:21,19350.0,1000,Sell,236061078
2024-08-30 13:21:34,19350.0,900,Sell,236061432
2024-08-30 13:21:54,19350.0,100,Sell,236061932
2024-08-30 13:21:57,19350.0,900,Sell,236061994
2024-08-30 13:22:07,19350.0,100,Sell,236062238
2024-08-30 13:22:14,19350.0,100,Sell,236062419
2024-08-30 13:22:28,19350.0,400,Sell,236062745
2024-08-30 13:22:32,19400.0,1200,Buy,236062837
2024-08-30 13:22:35,19350.0,100,Sell,236062944
2024-08-30 13:22:55,19350.0,100,Sell,236063481
2024-08-30 13:23:02,19350.0,1300,Sell,236063730
2024-08-30 13:23:03,19350.0,800,Sell,236063745
2024-08-30 13:23:15,19350.0,100,Sell,236064149
2024-08-30 13:23:34,19350.0,1400,Sell,236064549
2024-08-30 13:23:35,19350.0,100,Sell,236064590
2024-08-30 13:23:55,19350.0,100,Sell,236065033
2024-08-30 13:24:05,19350.0,800,Sell,236065255
2024-08-30 13:24:07,19350.0,6800,Sell,236065289
2024-08-30 13:24:07,19350.0,4300,Sell,236065290
2024-08-30 13:24:07,19350.0,8900,Sell,236065288
2024-08-30 13:24:15,19350.0,100,Sell,236065502
2024-08-30 13:24:15,19350.0,100,Sell,236065513
2024-08-30 13:24:22,19350.0,800,Sell,236065617
2024-08-30 13:24:33,19350.0,1000,Sell,236065855
2024-08-30 13:24:35,19350.0,400,Sell,236065890
2024-08-30 13:24:35,19350.0,1500,Sell,236065891
2024-08-30 13:24:35,19350.0,3300,Sell,236065888
2024-08-30 13:24:35,19350.0,4800,Sell,236065889
2024-08-30 13:24:36,19350.0,100,Sell,236065893
2024-08-30 13:24:37,19350.0,8900,Sell,236065959
2024-08-30 13:24:37,19350.0,9500,Sell,236065972
2024-08-30 13:24:37,19350.0,100,Sell,236065973
2024-08-30 13:24:37,19350.0,200,Sell,236065974
2024-08-30 13:24:37,19350.0,1300,Sell,236065975
2024-08-30 13:24:43,19350.0,1400,Sell,236066061
2024-08-30 13:24:46,19350.0,3600,Sell,236066127
2024-08-30 13:24:46,19350.0,2000,Sell,236066128
2024-08-30 13:24:47,19350.0,700,Sell,236066137
2024-08-30 13:24:47,19350.0,1200,Sell,236066136
2024-08-30 13:24:47,19350.0,1300,Sell,236066135
2024-08-30 13:24:55,19350.0,1200,Buy,236066344
2024-08-30 13:24:55,19350.0,1000,Buy,236066345
2024-08-30 13:24:55,19350.0,100,Sell,236066366
2024-08-30 13:25:04,19350.0,1200,Sell,236066545
2024-08-30 13:25:08,19350.0,800,Sell,236066621
2024-08-30 13:25:11,19350.0,100,Sell,236066712
2024-08-30 13:25:15,19350.0,100,Sell,236066838
2024-08-30 13:25:17,19350.0,500,Sell,236066862
2024-08-30 13:25:17,19350.0,1000,Sell,236066863
2024-08-30 13:25:18,19350.0,500,Buy,236066912
2024-08-30 13:25:20,19350.0,100,Sell,236066959
2024-08-30 13:25:35,19350.0,100,Sell,236067254
2024-08-30 13:25:39,19350.0,1000,Sell,236067320
2024-08-30 13:25:43,19350.0,1000,Sell,236067433
2024-08-30 13:25:55,19350.0,100,Sell,236067662
2024-08-30 13:26:12,19350.0,600,Sell,236068025
2024-08-30 13:26:12,19350.0,200,Sell,236068024
2024-08-30 13:26:15,19350.0,100,Sell,236068090
2024-08-30 13:26:20,19350.0,5600,Sell,236068199
2024-08-30 13:26:20,19350.0,1200,Sell,236068200
2024-08-30 13:26:20,19350.0,1600,Sell,236068201
2024-08-30 13:26:43,19300.0,100,Sell,236068709
2024-08-30 13:26:43,19300.0,100,Sell,236068727
2024-08-30 13:26:55,19350.0,1600,Buy,236068967
2024-08-30 13:26:55,19350.0,400,Buy,236068968
2024-08-30 13:26:56,19300.0,100,Sell,236068978
2024-08-30 13:27:10,19300.0,800,Sell,236069307
2024-08-30 13:27:13,19300.0,800,Sell,236069377
2024-08-30 13:27:16,19300.0,100,Sell,236069473
2024-08-30 13:27:36,19300.0,100,Sell,236069881
2024-08-30 13:27:50,19300.0,1000,Sell,236070152
2024-08-30 13:27:56,19300.0,100,Sell,236070295
2024-08-30 13:28:04,19300.0,1300,Sell,236070449
2024-08-30 13:28:07,19350.0,1900,Buy,236070536
2024-08-30 13:28:07,19350.0,200,Buy,236070537
2024-08-30 13:28:07,19350.0,600,Buy,236070534
2024-08-30 13:28:07,19350.0,1300,Buy,236070535
2024-08-30 13:28:16,19300.0,100,Sell,236070737
2024-08-30 13:28:17,19300.0,900,Sell,236070761
2024-08-30 13:28:18,19350.0,300,Buy,236070766
2024-08-30 13:28:18,19350.0,500,Buy,236070767
2024-08-30 13:28:18,19350.0,1000,Buy,236070768
2024-08-30 13:28:18,19350.0,2700,Buy,236070769
2024-08-30 13:28:27,19300.0,1000,Sell,236071031
2024-08-30 13:28:27,19300.0,1400,Sell,236071030
2024-08-30 13:28:27,19300.0,200,Sell,236071029
2024-08-30 13:28:27,19300.0,1000,Sell,236071028
2024-08-30 13:28:27,19300.0,2000,Sell,236071027
2024-08-30 13:28:27,19300.0,300,Sell,236071026
2024-08-30 13:28:27,19350.0,2000,Buy,236071020
2024-08-30 13:28:27,19350.0,100,Buy,236071021
2024-08-30 13:28:27,19350.0,100,Buy,236071019
2024-08-30 13:28:27,19350.0,500,Buy,236071018
2024-08-30 13:28:27,19350.0,4400,Buy,236071017
2024-08-30 13:28:27,19350.0,2900,Buy,236071016
2024-08-30 13:28:27,19300.0,900,Sell,236071025
2024-08-30 13:28:33,19300.0,1100,Sell,236071132
2024-08-30 13:28:34,19350.0,900,Buy,236071143
2024-08-30 13:28:34,19350.0,100,Buy,236071144
2024-08-30 13:28:36,19300.0,100,Sell,236071218
2024-08-30 13:28:45,19300.0,100,Sell,236071353
2024-08-30 13:28:56,19300.0,100,Sell,236071633
2024-08-30 13:29:16,19300.0,100,Sell,236072381
2024-08-30 13:29:23,19300.0,200,Sell,236072539
2024-08-30 13:29:23,19300.0,500,Sell,236072537
2024-08-30 13:29:23,19300.0,100,Sell,236072538
2024-08-30 13:29:33,19350.0,1000,Buy,236072710
2024-08-30 13:29:36,19300.0,100,Sell,236072796
2024-08-30 13:29:44,19300.0,100,Sell,236072890
2024-08-30 13:29:44,19300.0,1200,Sell,236072891
2024-08-30 13:29:56,19300.0,100,Sell,236073174
2024-08-30 13:29:57,19300.0,100,Sell,236073202
2024-08-30 13:29:57,19300.0,700,Sell,236073200
2024-08-30 13:29:57,19300.0,100,Sell,236073201
2024-08-30 13:30:07,19300.0,500,Sell,236073411
2024-08-30 13:30:07,19300.0,100,Sell,236073412
2024-08-30 13:30:07,19350.0,2500,Buy,236073420
2024-08-30 13:30:07,19300.0,400,Sell,236073410
2024-08-30 13:30:08,19300.0,200,Sell,236073433
2024-08-30 13:30:08,19300.0,5000,Sell,236073434
2024-08-30 13:30:08,19300.0,4800,Sell,236073435
2024-08-30 13:30:16,19300.0,100,Sell,236073637
2024-08-30 13:30:19,19300.0,4600,Sell,236073695
2024-08-30 13:30:19,19300.0,5000,Sell,236073694
2024-08-30 13:30:19,19300.0,100,Sell,236073692
2024-08-30 13:30:19,19300.0,300,Sell,236073693
2024-08-30 13:30:21,19350.0,100,Buy,236073731
2024-08-30 13:30:24,19300.0,800,Sell,236073862
2024-08-30 13:30:37,19300.0,100,Sell,236074177
2024-08-30 13:30:54,19300.0,1000,Sell,236074582
2024-08-30 13:30:57,19300.0,100,Sell,236074632
2024-08-30 13:31:01,19300.0,500,Sell,236074751
2024-08-30 13:31:01,19300.0,500,Sell,236074752
2024-08-30 13:31:04,19300.0,100,Sell,236074804
2024-08-30 13:31:11,19350.0,100,Buy,236074926
2024-08-30 13:31:17,19300.0,100,Sell,236075113
2024-08-30 13:31:25,19300.0,1300,Sell,236075340
2024-08-30 13:31:26,19300.0,800,Sell,236075348
2024-08-30 13:31:37,19300.0,100,Sell,236075588
2024-08-30 13:31:51,19300.0,100,Sell,236075957
2024-08-30 13:31:57,19300.0,100,Sell,236076188
2024-08-30 13:32:17,19300.0,100,Sell,236076541
2024-08-30 13:32:29,19300.0,5000,Sell,236076768
2024-08-30 13:32:29,19300.0,800,Sell,236076769
2024-08-30 13:32:35,19350.0,1800,Buy,236077031
2024-08-30 13:32:35,19350.0,1400,Buy,236077032
2024-08-30 13:32:37,19350.0,200,Buy,236077056
2024-08-30 13:32:38,19300.0,100,Sell,236077063
2024-08-30 13:32:41,19300.0,5000,Sell,236077131
2024-08-30 13:32:45,19300.0,800,Sell,236077191
2024-08-30 13:32:58,19300.0,100,Sell,236077465
2024-08-30 13:33:04,19300.0,200,Sell,236077556
2024-08-30 13:33:05,19300.0,1000,Sell,236077584
2024-08-30 13:33:06,19300.0,1400,Sell,236077589
2024-08-30 13:33:18,19300.0,100,Sell,236077805
2024-08-30 13:33:30,19350.0,2800,Buy,236078246
2024-08-30 13:33:30,19350.0,700,Buy,236078247
2024-08-30 13:33:31,19300.0,800,Sell,236078363
2024-08-30 13:33:38,19300.0,100,Sell,236078528
2024-08-30 13:33:42,19350.0,500,Buy,236078625
2024-08-30 13:33:44,19350.0,3500,Buy,236078649
2024-08-30 13:33:58,19300.0,100,Sell,236078956
2024-08-30 13:34:13,19300.0,100,Sell,236079243
2024-08-30 13:34:18,19300.0,100,Sell,236079320
2024-08-30 13:34:19,19300.0,100,Sell,236079332
2024-08-30 13:34:34,19350.0,300,Buy,236079603
2024-08-30 13:34:34,19350.0,2000,Buy,236079604
2024-08-30 13:34:34,19350.0,1300,Buy,236079605
2024-08-30 13:34:34,19300.0,800,Sell,236079633
2024-08-30 13:34:38,19300.0,100,Sell,236079724
2024-08-30 13:34:46,19300.0,1300,Sell,236079873
2024-08-30 13:34:50,19300.0,5800,Sell,236079961
2024-08-30 13:34:54,19350.0,100,Buy,236080064
2024-08-30 13:34:59,19300.0,100,Sell,236080134
2024-08-30 13:35:19,19300.0,100,Sell,236080525
2024-08-30 13:35:24,19300.0,300,Sell,236080627
2024-08-30 13:35:34,19300.0,800,Sell,236080804
2024-08-30 13:35:36,19300.0,800,Sell,236080840
2024-08-30 13:35:39,19300.0,100,Sell,236080899
2024-08-30 13:35:44,19300.0,8900,Sell,236081039
2024-08-30 13:35:44,19300.0,3400,Sell,236081047
2024-08-30 13:35:44,19300.0,7700,Sell,236081048
2024-08-30 13:35:53,19300.0,300,Sell,236081228
2024-08-30 13:35:53,19300.0,1000,Sell,236081227
2024-08-30 13:35:53,19300.0,100,Sell,236081226
2024-08-30 13:35:53,19300.0,9000,Sell,236081225
2024-08-30 13:35:53,19300.0,100,Sell,236081224
2024-08-30 13:35:53,19300.0,500,Sell,236081222
2024-08-30 13:35:53,19300.0,700,Sell,236081220
2024-08-30 13:35:53,19300.0,1000,Sell,236081219
2024-08-30 13:35:53,19300.0,4900,Sell,236081218
2024-08-30 13:35:53,19300.0,2300,Sell,236081217
2024-08-30 13:35:53,19300.0,100,Sell,236081223
2024-08-30 13:35:59,19300.0,100,Sell,236081338
2024-08-30 13:36:04,19300.0,7600,Sell,236081440
2024-08-30 13:36:04,19300.0,1000,Sell,236081439
2024-08-30 13:36:04,19300.0,2500,Sell,236081435
2024-08-30 13:36:04,19300.0,4800,Sell,236081438
2024-08-30 13:36:04,19300.0,200,Sell,236081437
2024-08-30 13:36:04,19300.0,4800,Sell,236081436
2024-08-30 13:36:04,19300.0,1000,Sell,236081434
2024-08-30 13:36:04,19300.0,4800,Sell,236081422
2024-08-30 13:36:04,19300.0,4600,Sell,236081427
2024-08-30 13:36:04,19300.0,1000,Sell,236081426
2024-08-30 13:36:04,19300.0,4800,Sell,236081425
2024-08-30 13:36:04,19300.0,1300,Sell,236081424
2024-08-30 13:36:04,19300.0,100,Sell,236081423
2024-08-30 13:36:04,19300.0,1700,Sell,236081421
2024-08-30 13:36:04,19300.0,9600,Sell,236081420
2024-08-30 13:36:04,19300.0,200,Sell,236081433
2024-08-30 13:36:19,19300.0,4700,Sell,236081715
2024-08-30 13:36:19,19300.0,300,Sell,236081723
2024-08-30 13:36:19,19300.0,100,Sell,236081727
2024-08-30 13:36:25,19300.0,300,Sell,236081877
2024-08-30 13:36:27,19300.0,1300,Sell,236081921
2024-08-30 13:36:39,19300.0,100,Sell,236082240
2024-08-30 13:36:40,19300.0,800,Sell,236082262
2024-08-30 13:37:00,19300.0,100,Sell,236082678
2024-08-30 13:37:16,19300.0,4700,Sell,236082953
2024-08-30 13:37:16,19300.0,1000,Sell,236082954
2024-08-30 13:37:16,19300.0,1200,Sell,236082955
2024-08-30 13:37:16,19300.0,3100,Sell,236082956
2024-08-30 13:37:20,19300.0,100,Sell,236083026
2024-08-30 13:37:31,19300.0,1000,Sell,236083320
2024-08-30 13:37:31,19300.0,200,Sell,236083321
2024-08-30 13:37:31,19300.0,500,Sell,236083319
2024-08-30 13:37:31,19300.0,1600,Sell,236083314
2024-08-30 13:37:31,19300.0,500,Sell,236083317
2024-08-30 13:37:31,19300.0,1300,Sell,236083316
2024-08-30 13:37:31,19300.0,100,Sell,236083315
2024-08-30 13:37:31,19300.0,4800,Sell,236083318
2024-08-30 13:37:35,19300.0,1000,Sell,236083365
2024-08-30 13:37:40,19300.0,100,Sell,236083454
2024-08-30 13:37:40,19300.0,1000,Sell,236083445
2024-08-30 13:37:40,19300.0,3300,Sell,236083446
2024-08-30 13:37:40,19300.0,100,Sell,236083443
2024-08-30 13:37:40,19300.0,3600,Sell,236083442
2024-08-30 13:37:40,19300.0,2000,Sell,236083444
2024-08-30 13:37:42,19300.0,500,Sell,236083493
2024-08-30 13:37:42,19300.0,300,Sell,236083494
2024-08-30 13:37:47,19300.0,1000,Sell,236083584
2024-08-30 13:37:47,19300.0,1000,Sell,236083585
2024-08-30 13:37:47,19300.0,8000,Sell,236083586
2024-08-30 13:37:54,19300.0,800,Sell,236083704
2024-08-30 13:37:54,19300.0,2000,Sell,236083702
2024-08-30 13:37:54,19300.0,200,Sell,236083703
2024-08-30 13:38:00,19300.0,100,Sell,236083822
2024-08-30 13:38:07,19300.0,1300,Sell,236083976
2024-08-30 13:38:20,19300.0,100,Sell,236084294
2024-08-30 13:38:22,19300.0,900,Sell,236084339
2024-08-30 13:38:40,19300.0,100,Sell,236084677
2024-08-30 13:38:47,19300.0,800,Sell,236084779
2024-08-30 13:39:01,19300.0,100,Sell,236085076
2024-08-30 13:39:21,19300.0,100,Sell,236085500
2024-08-30 13:39:41,19300.0,100,Sell,236085909
2024-08-30 13:39:48,19300.0,1400,Sell,236086042
2024-08-30 13:39:51,19300.0,800,Sell,236086143
2024-08-30 13:40:01,19300.0,100,Sell,236086295
2024-08-30 13:40:12,19350.0,1600,Buy,236086598
2024-08-30 13:40:12,19350.0,1800,Buy,236086599
2024-08-30 13:40:21,19300.0,100,Sell,236086801
2024-08-30 13:40:26,19350.0,1200,Buy,236086960
2024-08-30 13:40:26,19350.0,1000,Buy,236086961
2024-08-30 13:40:26,19350.0,800,Buy,236086962
2024-08-30 13:40:39,19350.0,100,Buy,236087356
2024-08-30 13:40:39,19350.0,300,Buy,236087357
2024-08-30 13:40:41,19300.0,100,Sell,236087393
2024-08-30 13:40:52,19300.0,800,Sell,236087689
2024-08-30 13:40:55,19350.0,200,Buy,236087746
2024-08-30 13:40:55,19350.0,5000,Buy,236087747
2024-08-30 13:40:55,19350.0,100,Buy,236087745
2024-08-30 13:40:55,19350.0,4400,Buy,236087742
2024-08-30 13:40:55,19350.0,5600,Buy,236087743
2024-08-30 13:40:55,19350.0,9700,Buy,236087740
2024-08-30 13:40:55,19350.0,5600,Buy,236087741
2024-08-30 13:40:55,19350.0,4400,Buy,236087744
2024-08-30 13:41:01,19300.0,100,Sell,236087875
2024-08-30 13:41:07,19350.0,1000,Buy,236087970
2024-08-30 13:41:22,19300.0,100,Sell,236088311
2024-08-30 13:41:26,19350.0,4000,Buy,236088383
2024-08-30 13:41:26,19350.0,500,Buy,236088384
2024-08-30 13:41:29,19300.0,500,Sell,236088489
2024-08-30 13:41:35,19350.0,7000,Buy,236088572
2024-08-30 13:41:42,19300.0,100,Sell,236088777
2024-08-30 13:41:43,19350.0,100,Buy,236088800
2024-08-30 13:41:55,19350.0,100,Buy,236089020
2024-08-30 13:41:56,19300.0,800,Sell,236089058
2024-08-30 13:41:59,19350.0,100,Buy,236089217
2024-08-30 13:42:02,19300.0,100,Sell,236089280
2024-08-30 13:42:16,19300.0,1600,Sell,236089599
2024-08-30 13:42:21,19350.0,5200,Buy,236089700
2024-08-30 13:42:21,19350.0,700,Buy,236089699
2024-08-30 13:42:21,19350.0,1000,Buy,236089698
2024-08-30 13:42:21,19350.0,1000,Buy,236089697
2024-08-30 13:42:21,19350.0,100,Buy,236089693
2024-08-30 13:42:21,19350.0,1000,Buy,236089695
2024-08-30 13:42:21,19350.0,2200,Buy,236089691
2024-08-30 13:42:21,19350.0,1200,Buy,236089696
2024-08-30 13:42:21,19350.0,500,Buy,236089694
2024-08-30 13:42:21,19350.0,2000,Buy,236089692
2024-08-30 13:42:22,19300.0,100,Sell,236089717
2024-08-30 13:42:25,19350.0,500,Buy,236089816
2024-08-30 13:42:25,19350.0,1300,Buy,236089814
2024-08-30 13:42:25,19350.0,5000,Buy,236089812
2024-08-30 13:42:25,19350.0,1700,Buy,236089815
2024-08-30 13:42:25,19350.0,5000,Buy,236089810
2024-08-30 13:42:25,19350.0,11100,Buy,236089809
2024-08-30 13:42:25,19350.0,3700,Buy,236089808
2024-08-30 13:42:25,19350.0,500,Buy,236089811
2024-08-30 13:42:25,19350.0,800,Buy,236089813
2024-08-30 13:42:42,19300.0,100,Sell,236090183
2024-08-30 13:42:59,19300.0,800,Sell,236090646
2024-08-30 13:43:03,19300.0,100,Sell,236090773
2024-08-30 13:43:09,19300.0,1300,Sell,236090878
2024-08-30 13:43:22,19300.0,100,Sell,236091129
2024-08-30 13:43:43,19300.0,100,Sell,236091531
2024-08-30 13:43:44,19400.0,1600,Buy,236091572
2024-08-30 13:43:58,19350.0,100,Buy,236091919
2024-08-30 13:43:58,19400.0,3400,Buy,236091920
2024-08-30 13:44:02,19300.0,800,Sell,236092051
2024-08-30 13:44:03,19300.0,100,Sell,236092056
2024-08-30 13:44:11,19400.0,100,Buy,236092249
2024-08-30 13:44:12,19300.0,1000,Sell,236092262
2024-08-30 13:44:23,19350.0,100,Sell,236092450
2024-08-30 13:44:26,19400.0,3100,Buy,236092538
2024-08-30 13:44:37,19400.0,2800,Buy,236092780
2024-08-30 13:44:43,19350.0,100,Sell,236092894
2024-08-30 13:44:50,19350.0,200,Sell,236093041
2024-08-30 13:44:50,19350.0,800,Sell,236093040
2024-08-30 13:44:50,19350.0,300,Sell,236093039
2024-08-30 13:44:51,19400.0,200,Buy,236093124
2024-08-30 13:44:55,19350.0,3400,Sell,236093215
2024-08-30 13:45:03,19350.0,100,Sell,236093379
2024-08-30 13:45:06,19350.0,800,Sell,236093505
2024-08-30 13:45:08,19350.0,100,Sell,236093542
2024-08-30 13:45:17,19350.0,3400,Sell,236093741
2024-08-30 13:45:24,19350.0,700,Sell,236093883
2024-08-30 13:45:24,19350.0,300,Sell,236093882
2024-08-30 13:45:24,19350.0,900,Sell,236093884
2024-08-30 13:45:24,19350.0,8900,Sell,236093880
2024-08-30 13:45:24,19350.0,9200,Sell,236093881
2024-08-30 13:45:24,19350.0,100,Sell,236093868
2024-08-30 13:45:33,19350.0,100,Sell,236094022
2024-08-30 13:45:33,19350.0,900,Sell,236094023
2024-08-30 13:45:44,19350.0,100,Sell,236094292
2024-08-30 13:46:00,19350.0,300,Sell,236094677
2024-08-30 13:46:00,19350.0,400,Sell,236094678
2024-08-30 13:46:00,19350.0,300,Sell,236094671
2024-08-30 13:46:04,19350.0,100,Sell,236094736
2024-08-30 13:46:10,19350.0,900,Sell,236094926
2024-08-30 13:46:12,19350.0,1000,Sell,236094979
2024-08-30 13:46:18,19350.0,1400,Sell,236095059
2024-08-30 13:46:24,19350.0,100,Sell,236095205
2024-08-30 13:46:30,19350.0,1300,Sell,236095319
2024-08-30 13:46:34,19350.0,100,Sell,236095397
2024-08-30 13:46:44,19350.0,100,Sell,236095593
2024-08-30 13:46:44,19350.0,900,Sell,236095602
2024-08-30 13:46:48,19350.0,1000,Sell,236095684
2024-08-30 13:47:05,19350.0,100,Sell,236095996
2024-08-30 13:47:15,19350.0,800,Sell,236096274
2024-08-30 13:47:25,19350.0,100,Sell,236096508
2024-08-30 13:47:31,19350.0,100,Sell,236096702
2024-08-30 13:47:36,19350.0,3300,Sell,236096852
2024-08-30 13:47:36,19350.0,1100,Sell,236096851
2024-08-30 13:47:36,19350.0,4900,Sell,236096850
2024-08-30 13:47:36,19350.0,100,Sell,236096849
2024-08-30 13:47:36,19350.0,600,Sell,236096848
2024-08-30 13:47:45,19350.0,100,Sell,236097059
2024-08-30 13:47:46,19400.0,300,Buy,236097115
2024-08-30 13:47:46,19400.0,100,Buy,236097116
2024-08-30 13:47:46,19400.0,5400,Buy,236097117
2024-08-30 13:47:46,19400.0,100,Buy,236097118
2024-08-30 13:47:46,19400.0,1000,Buy,236097119
2024-08-30 13:47:46,19400.0,100,Buy,236097120
2024-08-30 13:47:46,19400.0,1000,Buy,236097121
2024-08-30 13:47:46,19400.0,100,Buy,236097124
2024-08-30 13:47:46,19400.0,100,Buy,236097125
2024-08-30 13:47:46,19400.0,2300,Buy,236097126
2024-08-30 13:47:46,19400.0,400,Buy,236097127
2024-08-30 13:47:46,19400.0,2500,Buy,236097128
2024-08-30 13:47:46,19400.0,100,Buy,236097114
2024-08-30 13:47:46,19400.0,100,Buy,236097113
2024-08-30 13:47:46,19400.0,200,Buy,236097123
2024-08-30 13:47:46,19400.0,100,Buy,236097111
2024-08-30 13:47:46,19400.0,2700,Buy,236097112
2024-08-30 13:47:46,19400.0,6400,Buy,236097098
2024-08-30 13:47:46,19400.0,100,Buy,236097099
2024-08-30 13:47:46,19400.0,1000,Buy,236097100
2024-08-30 13:47:46,19400.0,200,Buy,236097101
2024-08-30 13:47:46,19400.0,300,Buy,236097102
2024-08-30 13:47:46,19400.0,200,Buy,236097103
2024-08-30 13:47:46,19400.0,2000,Buy,236097122
2024-08-30 13:47:46,19400.0,100,Buy,236097104
2024-08-30 13:47:46,19400.0,4400,Buy,236097109
2024-08-30 13:47:46,19400.0,5600,Buy,236097108
2024-08-30 13:47:46,19400.0,100,Buy,236097110
2024-08-30 13:47:46,19400.0,500,Buy,236097106
2024-08-30 13:47:46,19400.0,1000,Buy,236097105
2024-08-30 13:47:46,19400.0,700,Buy,236097107
2024-08-30 13:47:47,19400.0,500,Buy,236097130
2024-08-30 13:47:47,19400.0,7000,Buy,236097131
2024-08-30 13:47:47,19400.0,1000,Buy,236097132
2024-08-30 13:47:47,19400.0,2300,Buy,236097133
2024-08-30 13:48:05,19350.0,100,Sell,236097624
2024-08-30 13:48:11,19350.0,1300,Sell,236097765
2024-08-30 13:48:11,19350.0,100,Sell,236097766
2024-08-30 13:48:16,19350.0,900,Sell,236097900
2024-08-30 13:48:20,19350.0,300,Sell,236097980
2024-08-30 13:48:20,19350.0,1700,Sell,236097981
2024-08-30 13:48:25,19350.0,100,Sell,236098126
2024-08-30 13:48:26,19350.0,500,Sell,236098135
2024-08-30 13:48:26,19350.0,6900,Sell,236098136
2024-08-30 13:48:26,19350.0,3700,Sell,236098134
2024-08-30 13:48:26,19350.0,7800,Sell,236098129
2024-08-30 13:48:26,19350.0,1100,Sell,236098130
2024-08-30 13:48:41,19350.0,7600,Sell,236098606
2024-08-30 13:48:46,19350.0,100,Sell,236098776
2024-08-30 13:48:46,19350.0,1000,Sell,236098775
2024-08-30 13:48:52,19350.0,3400,Sell,236099022
2024-08-30 13:49:01,19350.0,200,Sell,236099184
2024-08-30 13:49:05,19350.0,100,Sell,236099309
2024-08-30 13:49:08,19350.0,700,Sell,236099358
2024-08-30 13:49:08,19350.0,4300,Sell,236099359
2024-08-30 13:49:11,19350.0,7600,Sell,236099442
2024-08-30 13:49:18,19350.0,100,Sell,236099582
2024-08-30 13:49:22,19350.0,100,Sell,236099683
2024-08-30 13:49:22,19350.0,500,Sell,236099681
2024-08-30 13:49:22,19350.0,200,Sell,236099682
2024-08-30 13:49:26,19350.0,100,Sell,236099742
2024-08-30 13:49:32,19350.0,800,Sell,236099900
2024-08-30 13:49:41,19350.0,7700,Sell,236100119
2024-08-30 13:49:43,19350.0,6300,Sell,236100182
2024-08-30 13:49:43,19350.0,1000,Sell,236100183
2024-08-30 13:49:43,19350.0,1600,Sell,236100184
2024-08-30 13:49:43,19350.0,9600,Sell,236100185
2024-08-30 13:49:43,19350.0,1500,Sell,236100186
2024-08-30 13:49:46,19350.0,100,Sell,236100257
2024-08-30 13:49:46,19350.0,1000,Sell,236100261
2024-08-30 13:49:49,19350.0,3400,Sell,236100378
2024-08-30 13:49:51,19350.0,1300,Sell,236100445
2024-08-30 13:50:00,19350.0,1000,Sell,236100624
2024-08-30 13:50:06,19350.0,100,Sell,236100807
2024-08-30 13:50:11,19350.0,7600,Sell,236100894
2024-08-30 13:50:18,19350.0,2200,Sell,236101073
2024-08-30 13:50:18,19350.0,3800,Sell,236101065
2024-08-30 13:50:18,19350.0,5100,Sell,236101069
2024-08-30 13:50:18,19350.0,8900,Sell,236101072
2024-08-30 13:50:26,19350.0,100,Sell,236101224
2024-08-30 13:50:26,19350.0,100,Sell,236101225
2024-08-30 13:50:26,19350.0,800,Sell,236101209
2024-08-30 13:50:27,19350.0,1800,Sell,236101226
2024-08-30 13:50:27,19350.0,200,Sell,236101227
2024-08-30 13:50:27,19350.0,1700,Sell,236101228
2024-08-30 13:50:27,19350.0,300,Sell,236101229
2024-08-30 13:50:28,19350.0,1200,Sell,236101265
2024-08-30 13:50:28,19350.0,200,Sell,236101263
2024-08-30 13:50:28,19350.0,2000,Sell,236101264
2024-08-30 13:50:32,19350.0,100,Sell,236101324
2024-08-30 13:50:32,19350.0,800,Sell,236101325
2024-08-30 13:50:32,19350.0,100,Sell,236101323
2024-08-30 13:50:37,19350.0,3400,Sell,236101454
2024-08-30 13:50:41,19350.0,4900,Sell,236101543
2024-08-30 13:50:41,19350.0,2000,Sell,236101544
2024-08-30 13:50:41,19350.0,200,Sell,236101545
2024-08-30 13:50:46,19300.0,100,Sell,236101619
2024-08-30 13:51:02,19350.0,1900,Buy,236101958
2024-08-30 13:51:02,19350.0,600,Buy,236101957
2024-08-30 13:51:07,19300.0,100,Sell,236102069
2024-08-30 13:51:11,19300.0,1000,Sell,236102221
2024-08-30 13:51:11,19300.0,300,Sell,236102220
2024-08-30 13:51:11,19300.0,6300,Sell,236102222
2024-08-30 13:51:26,19300.0,800,Sell,236102510
2024-08-30 13:51:27,19300.0,100,Sell,236102528
2024-08-30 13:51:32,19300.0,1300,Sell,236102642
2024-08-30 13:51:41,19300.0,7700,Sell,236102800
2024-08-30 13:51:47,19300.0,100,Sell,236102942
2024-08-30 13:52:07,19300.0,100,Sell,236103449
2024-08-30 13:52:10,19300.0,3400,Sell,236103515
2024-08-30 13:52:11,19300.0,7600,Sell,236103527
2024-08-30 13:52:20,19300.0,900,Sell,236103753
2024-08-30 13:52:21,19350.0,11700,Buy,236103776
2024-08-30 13:52:21,19350.0,1000,Buy,236103775
2024-08-30 13:52:21,19350.0,700,Buy,236103772
2024-08-30 13:52:21,19350.0,3400,Buy,236103773
2024-08-30 13:52:21,19350.0,100,Buy,236103774
2024-08-30 13:52:21,19350.0,3100,Buy,236103771
2024-08-30 13:52:25,19350.0,18300,Buy,236103849
2024-08-30 13:52:25,19350.0,200,Buy,236103850
2024-08-30 13:52:25,19350.0,5000,Buy,236103851
2024-08-30 13:52:25,19350.0,1500,Buy,236103852
2024-08-30 13:52:27,19300.0,100,Sell,236103904
2024-08-30 13:52:29,19300.0,3400,Sell,236103943
2024-08-30 13:52:31,19300.0,800,Sell,236103971
2024-08-30 13:52:41,19300.0,7700,Sell,236104270
2024-08-30 13:52:48,19300.0,100,Sell,236104417
2024-08-30 13:52:50,19300.0,3400,Sell,236104499
2024-08-30 13:53:08,19300.0,100,Sell,236104875
2024-08-30 13:53:11,19300.0,7600,Sell,236104961
2024-08-30 13:53:13,19300.0,1300,Sell,236105012
2024-08-30 13:53:25,19300.0,3400,Sell,236105205
2024-08-30 13:53:27,19300.0,3000,Sell,236105240
2024-08-30 13:53:28,19300.0,100,Sell,236105267
2024-08-30 13:53:32,19300.0,800,Sell,236105369
2024-08-30 13:53:41,19300.0,7700,Sell,236105552
2024-08-30 13:53:41,19350.0,100,Buy,236105570
2024-08-30 13:53:48,19300.0,100,Sell,236105687
2024-08-30 13:54:09,19300.0,100,Sell,236106146
2024-08-30 13:54:11,19300.0,5600,Sell,236106240
2024-08-30 13:54:11,19300.0,2000,Sell,236106239
2024-08-30 13:54:29,19300.0,100,Sell,236106537
2024-08-30 13:54:37,19300.0,900,Sell,236106691
2024-08-30 13:54:41,19300.0,7700,Sell,236106767
2024-08-30 13:54:49,19300.0,100,Sell,236106919
