time,price,volume,match_type,id
2024-08-15 09:14:40,41000.0,3900,ATO/ATC,231691336
2024-08-15 09:14:56,41000.0,1000,Sell,231691633
2024-08-15 09:15:12,41050.0,200,Buy,231691820
2024-08-15 09:15:26,41050.0,100,Sell,231692138
2024-08-15 09:15:30,41000.0,500,Sell,231692201
2024-08-15 09:15:30,41050.0,100,Sell,231692200
2024-08-15 09:16:26,41000.0,700,Sell,231692932
2024-08-15 09:16:26,41000.0,100,Sell,231692933
2024-08-15 09:16:26,41000.0,8400,Sell,231692931
2024-08-15 09:16:40,41000.0,800,Buy,231693147
2024-08-15 09:16:40,41000.0,1200,Buy,231693148
2024-08-15 09:17:00,40950.0,200,Sell,231693506
2024-08-15 09:17:16,40950.0,200,Buy,231693819
2024-08-15 09:17:18,40900.0,100,Sell,231693888
2024-08-15 09:17:18,40850.0,500,Sell,231693889
2024-08-15 09:17:18,40800.0,100,Sell,231693890
2024-08-15 09:17:18,40800.0,1600,Sell,231693891
2024-08-15 09:17:28,40850.0,700,Sell,231694149
2024-08-15 09:19:54,40850.0,1200,Sell,231696827
2024-08-15 09:19:54,40900.0,1100,Sell,231696826
2024-08-15 09:20:16,40900.0,200,Sell,231697377
2024-08-15 09:20:16,40850.0,2100,Sell,231697378
2024-08-15 09:20:37,40900.0,100,Sell,231697830
2024-08-15 09:20:40,40900.0,200,Sell,231697882
2024-08-15 09:21:11,40900.0,300,Buy,231698472
2024-08-15 09:22:41,40950.0,100,Buy,231700053
2024-08-15 09:23:06,40950.0,700,Buy,231700353
2024-08-15 09:23:50,40950.0,1000,Buy,231701085
2024-08-15 09:24:51,40850.0,500,Sell,231702249
2024-08-15 09:24:51,40900.0,400,Sell,231702248
2024-08-15 09:24:51,40900.0,400,Sell,231702247
2024-08-15 09:24:51,40900.0,100,Sell,231702246
2024-08-15 09:24:51,40900.0,200,Sell,231702240
2024-08-15 09:24:51,40900.0,1200,Sell,231702244
2024-08-15 09:24:51,40900.0,100,Sell,231702243
2024-08-15 09:24:51,40900.0,500,Sell,231702242
2024-08-15 09:24:51,40900.0,800,Sell,231702241
2024-08-15 09:24:51,40900.0,800,Sell,231702245
2024-08-15 09:25:16,40900.0,100,Sell,231702646
2024-08-15 09:25:27,40900.0,200,Sell,231702808
2024-08-15 09:26:00,40850.0,2800,Sell,231703325
2024-08-15 09:26:00,40850.0,100,Sell,231703324
2024-08-15 09:26:00,40850.0,500,Sell,231703323
2024-08-15 09:26:00,40900.0,100,Sell,231703321
2024-08-15 09:26:00,40850.0,500,Sell,231703322
2024-08-15 09:27:13,40850.0,100,Sell,231704481
2024-08-15 09:27:13,40850.0,1000,Sell,231704480
2024-08-15 09:27:13,40850.0,1000,Sell,231704478
2024-08-15 09:27:13,40850.0,100,Sell,231704479
2024-08-15 09:27:13,40850.0,100,Sell,231704477
2024-08-15 09:27:13,40850.0,200,Sell,231704473
2024-08-15 09:27:13,40850.0,100,Sell,231704475
2024-08-15 09:27:13,40850.0,1000,Sell,231704476
2024-08-15 09:27:13,40900.0,500,Sell,231704471
2024-08-15 09:27:13,40850.0,9500,Sell,231704472
2024-08-15 09:27:13,40850.0,100,Sell,231704474
2024-08-15 09:28:41,40850.0,200,Buy,231705712
2024-08-15 09:28:43,40850.0,100,Buy,231705722
2024-08-15 09:28:59,40850.0,200,Buy,231705977
2024-08-15 09:29:19,40850.0,200,Buy,231706277
2024-08-15 09:29:26,40850.0,900,Buy,231706373
2024-08-15 09:29:37,40850.0,200,Buy,231706531
2024-08-15 09:29:41,40800.0,100,Sell,231706567
2024-08-15 09:30:17,40850.0,500,Buy,231707237
2024-08-15 09:30:26,40800.0,600,Sell,231707419
2024-08-15 09:30:26,40800.0,1600,Sell,231707417
2024-08-15 09:30:26,40800.0,100,Sell,231707418
2024-08-15 09:31:12,40800.0,4700,Sell,231708065
2024-08-15 09:31:12,40800.0,2400,Sell,231708064
2024-08-15 09:31:12,40800.0,1000,Sell,231708063
2024-08-15 09:31:12,40800.0,200,Sell,231708061
2024-08-15 09:31:12,40800.0,3000,Sell,231708062
2024-08-15 09:31:12,40800.0,500,Sell,231708060
2024-08-15 09:31:12,40800.0,100,Sell,231708058
2024-08-15 09:31:12,40800.0,500,Sell,231708057
2024-08-15 09:31:12,40800.0,100,Sell,231708055
2024-08-15 09:31:12,40800.0,100,Sell,231708054
2024-08-15 09:31:12,40800.0,400,Sell,231708053
2024-08-15 09:31:12,40800.0,200,Sell,231708059
2024-08-15 09:31:12,40800.0,100,Sell,231708056
2024-08-15 09:32:08,40800.0,100,Sell,231708813
2024-08-15 09:32:30,40850.0,200,Buy,231709195
2024-08-15 09:33:32,40850.0,500,Buy,231709922
2024-08-15 09:34:09,40850.0,3400,Buy,231710611
2024-08-15 09:34:14,40850.0,100,Buy,231710683
2024-08-15 09:34:30,40850.0,800,Buy,231710908
2024-08-15 09:34:59,40850.0,200,Buy,231711447
2024-08-15 09:35:20,40850.0,100,Buy,231711796
2024-08-15 09:35:44,40800.0,1000,Sell,231712172
2024-08-15 09:35:48,40850.0,100,Buy,231712242
2024-08-15 09:36:12,40850.0,200,Buy,231712803
2024-08-15 09:36:14,40850.0,700,Buy,231712829
2024-08-15 09:36:28,40850.0,100,Buy,231713113
2024-08-15 09:36:44,40850.0,200,Buy,231713444
2024-08-15 09:36:56,40850.0,400,Buy,231713671
2024-08-15 09:36:56,40850.0,100,Buy,231713670
2024-08-15 09:36:56,40850.0,2400,Buy,231713666
2024-08-15 09:36:56,40850.0,2800,Buy,231713668
2024-08-15 09:36:56,40850.0,100,Buy,231713667
2024-08-15 09:36:56,40850.0,2000,Buy,231713669
2024-08-15 09:37:22,40850.0,200,Sell,231714104
2024-08-15 09:38:27,40900.0,100,Buy,231715187
2024-08-15 09:38:44,40850.0,100,Sell,231715553
2024-08-15 09:38:44,40850.0,1800,Sell,231715554
2024-08-15 09:38:44,40850.0,400,Sell,231715552
2024-08-15 09:39:13,40850.0,2300,Sell,231716126
2024-08-15 09:39:14,40850.0,100,Sell,231716145
2024-08-15 09:39:34,40850.0,1000,Sell,231716571
2024-08-15 09:40:48,40850.0,200,Sell,231717957
2024-08-15 09:41:09,40900.0,500,Buy,231718298
2024-08-15 09:41:10,40850.0,1200,Sell,231718327
2024-08-15 09:41:10,40850.0,100,Sell,231718325
2024-08-15 09:41:10,40850.0,1000,Sell,231718326
2024-08-15 09:41:36,40850.0,800,Sell,231718891
2024-08-15 09:41:36,40850.0,1800,Sell,231718892
2024-08-15 09:41:36,40850.0,400,Sell,231718893
2024-08-15 09:41:47,40850.0,600,Sell,231719167
2024-08-15 09:41:47,40850.0,300,Sell,231719168
2024-08-15 09:41:47,40850.0,1000,Sell,231719169
2024-08-15 09:41:47,40850.0,400,Sell,231719170
2024-08-15 09:42:14,40850.0,2100,Sell,231719618
2024-08-15 09:42:14,40850.0,100,Sell,231719616
2024-08-15 09:42:14,40850.0,200,Sell,231719617
2024-08-15 09:42:41,40900.0,1000,Buy,231720077
2024-08-15 09:42:41,40900.0,1000,Buy,231720078
2024-08-15 09:42:41,40900.0,500,Buy,231720079
2024-08-15 09:42:43,40850.0,900,Sell,231720130
2024-08-15 09:42:43,40850.0,300,Sell,231720131
2024-08-15 09:42:43,40800.0,1100,Sell,231720132
2024-08-15 09:43:03,40800.0,2300,Sell,231720500
2024-08-15 09:43:52,40800.0,2300,Sell,231721203
2024-08-15 09:44:22,40800.0,100,Sell,231721605
2024-08-15 09:47:31,40850.0,200,Sell,231724472
2024-08-15 09:48:07,40850.0,100,Sell,231725037
2024-08-15 09:48:47,40800.0,1800,Sell,231725775
2024-08-15 09:48:47,40850.0,700,Sell,231725772
2024-08-15 09:48:47,40850.0,100,Sell,231725773
2024-08-15 09:48:47,40850.0,200,Sell,231725774
2024-08-15 09:49:31,40950.0,1000,Buy,231726618
2024-08-15 09:51:37,40850.0,100,Sell,231729047
2024-08-15 09:51:37,40850.0,500,Sell,231729048
2024-08-15 09:51:37,40800.0,1700,Sell,231729049
2024-08-15 09:52:10,40850.0,500,Sell,231729680
2024-08-15 09:52:10,40850.0,900,Sell,231729681
2024-08-15 09:52:10,40800.0,900,Sell,231729682
2024-08-15 09:52:39,40800.0,200,Sell,231730089
2024-08-15 09:52:46,40800.0,600,Sell,231730202
2024-08-15 09:53:01,40800.0,2800,Sell,231730463
2024-08-15 09:54:33,40800.0,400,Sell,231731785
2024-08-15 09:54:33,40800.0,100,Sell,231731786
2024-08-15 09:54:49,40800.0,100,Sell,231732039
2024-08-15 09:54:49,40800.0,800,Sell,231732041
2024-08-15 09:54:49,40800.0,300,Sell,231732040
2024-08-15 09:54:49,40800.0,100,Sell,231732038
2024-08-15 09:54:49,40800.0,500,Sell,231732036
2024-08-15 09:54:49,40850.0,100,Sell,231732033
2024-08-15 09:54:49,40800.0,100,Sell,231732037
2024-08-15 09:54:49,40800.0,100,Sell,231732035
2024-08-15 09:54:49,40800.0,900,Sell,231732034
2024-08-15 09:55:00,40800.0,2300,Sell,231732207
2024-08-15 09:55:04,40800.0,2400,Sell,231732311
2024-08-15 09:55:04,40800.0,100,Sell,231732312
2024-08-15 09:55:04,40800.0,7000,Sell,231732313
2024-08-15 09:55:22,40800.0,2300,Sell,231732598
2024-08-15 09:55:55,40800.0,100,Sell,231733066
2024-08-15 09:55:55,40800.0,500,Sell,231733065
2024-08-15 09:55:55,40800.0,300,Sell,231733064
2024-08-15 09:55:55,40800.0,700,Sell,231733063
2024-08-15 09:56:17,40850.0,100,Buy,231733336
2024-08-15 09:57:29,40850.0,100,Buy,231734554
2024-08-15 09:57:41,40850.0,1900,Sell,231734725
2024-08-15 09:57:42,40850.0,1000,Buy,231734742
2024-08-15 09:58:09,40850.0,2800,Sell,231735149
2024-08-15 10:01:31,40850.0,100,Sell,231737943
2024-08-15 10:05:54,40900.0,1900,Buy,231742666
2024-08-15 10:06:03,40900.0,1400,Buy,231742829
2024-08-15 10:06:03,40900.0,800,Buy,231742831
2024-08-15 10:06:03,40900.0,900,Buy,231742828
2024-08-15 10:06:03,40900.0,1900,Buy,231742830
2024-08-15 10:06:27,40900.0,100,Buy,231743255
2024-08-15 10:07:41,40900.0,700,Buy,231744687
2024-08-15 10:07:57,40900.0,300,Buy,231745086
2024-08-15 10:08:49,40850.0,100,Sell,231745980
2024-08-15 10:08:55,40900.0,200,Buy,231746061
2024-08-15 10:09:07,40850.0,100,Sell,231746253
2024-08-15 10:10:21,40900.0,700,Buy,231747350
2024-08-15 10:11:51,40900.0,200,Buy,231748495
2024-08-15 10:13:04,40900.0,200,Buy,231749559
2024-08-15 10:13:27,40900.0,600,Buy,231749860
2024-08-15 10:13:38,40900.0,500,Buy,231750129
2024-08-15 10:14:00,40900.0,200,Buy,231750381
2024-08-15 10:14:45,40850.0,2800,Sell,231751106
2024-08-15 10:15:30,40850.0,2300,Sell,231751698
2024-08-15 10:19:14,40850.0,1900,Sell,231755464
2024-08-15 10:19:14,40850.0,400,Sell,231755468
2024-08-15 10:19:14,40850.0,100,Sell,231755467
2024-08-15 10:19:14,40850.0,1000,Sell,231755466
2024-08-15 10:19:14,40850.0,1000,Sell,231755465
2024-08-15 10:19:14,40850.0,2400,Sell,231755463
2024-08-15 10:19:14,40850.0,1000,Sell,231755461
2024-08-15 10:19:14,40850.0,2600,Sell,231755457
2024-08-15 10:19:14,40850.0,1000,Sell,231755458
2024-08-15 10:19:14,40850.0,1900,Sell,231755462
2024-08-15 10:19:14,40850.0,100,Sell,231755460
2024-08-15 10:19:14,40850.0,100,Sell,231755459
2024-08-15 10:19:16,40850.0,100,Buy,231755536
2024-08-15 10:19:56,40850.0,300,Buy,231756317
2024-08-15 10:20:32,40850.0,900,Buy,231757255
2024-08-15 10:20:37,40850.0,100,Buy,231757345
2024-08-15 10:21:47,40850.0,700,Buy,231759039
2024-08-15 10:21:50,40850.0,300,Buy,231759067
2024-08-15 10:23:05,40800.0,200,Sell,231761189
2024-08-15 10:23:05,40800.0,100,Sell,231761190
2024-08-15 10:23:07,40800.0,200,Sell,231761256
2024-08-15 10:23:10,40850.0,100,Buy,231761313
2024-08-15 10:23:10,40850.0,100,Buy,231761311
2024-08-15 10:23:10,40850.0,200,Buy,231761312
2024-08-15 10:23:20,40850.0,3000,Buy,231761579
2024-08-15 10:23:20,40850.0,4800,Buy,231761574
2024-08-15 10:24:07,40900.0,100,Buy,231762755
2024-08-15 10:25:47,40900.0,600,Buy,231764916
2024-08-15 10:26:51,40900.0,100,Buy,231766353
2024-08-15 10:27:13,40900.0,200,Buy,231766824
2024-08-15 10:27:13,40900.0,100,Buy,231766825
2024-08-15 10:27:13,40900.0,200,Buy,231766826
2024-08-15 10:27:13,40900.0,1000,Buy,231766827
2024-08-15 10:27:13,40900.0,400,Buy,231766828
2024-08-15 10:27:13,40900.0,500,Buy,231766829
2024-08-15 10:27:13,40900.0,200,Buy,231766830
2024-08-15 10:27:13,40900.0,200,Buy,231766823
2024-08-15 10:27:33,40850.0,1500,Sell,231767251
2024-08-15 10:29:50,40900.0,900,Buy,231770058
2024-08-15 10:30:03,40900.0,3000,Buy,231770260
2024-08-15 10:30:08,40900.0,900,Buy,231770397
2024-08-15 10:30:08,40900.0,100,Buy,231770398
2024-08-15 10:30:08,40900.0,100,Buy,231770399
2024-08-15 10:30:08,40900.0,3400,Buy,231770400
2024-08-15 10:30:08,40850.0,3400,Sell,231770401
2024-08-15 10:31:24,40850.0,500,Sell,231771712
2024-08-15 10:32:17,40850.0,600,Sell,231772739
2024-08-15 10:32:18,40850.0,100,Sell,231772760
2024-08-15 10:32:28,40850.0,400,Sell,231772912
2024-08-15 10:34:49,40850.0,5000,Sell,231775055
2024-08-15 10:35:15,40900.0,500,Buy,231775531
2024-08-15 10:36:04,40850.0,2800,Sell,231776325
2024-08-15 10:36:15,40900.0,200,Buy,231776475
2024-08-15 10:36:57,40850.0,500,Sell,231777032
2024-08-15 10:37:13,40900.0,500,Buy,231777236
2024-08-15 10:37:40,40850.0,500,Sell,231777629
2024-08-15 10:39:43,40900.0,1000,Buy,231779210
2024-08-15 10:40:27,40900.0,2300,Buy,231779755
2024-08-15 10:40:58,40900.0,400,Buy,231780201
2024-08-15 10:40:58,40900.0,1000,Buy,231780202
2024-08-15 10:40:58,40900.0,300,Buy,231780203
2024-08-15 10:40:58,40900.0,500,Buy,231780204
2024-08-15 10:40:58,40900.0,2100,Buy,231780200
2024-08-15 10:41:03,40900.0,100,Sell,231780256
2024-08-15 10:43:40,40950.0,1500,Buy,231782226
2024-08-15 10:44:57,40950.0,2900,Buy,231783226
2024-08-15 10:44:57,40950.0,200,Buy,231783225
2024-08-15 10:44:57,40950.0,100,Buy,231783224
2024-08-15 10:44:57,40950.0,3000,Buy,231783222
2024-08-15 10:44:57,40950.0,1100,Buy,231783223
2024-08-15 10:44:57,40950.0,1000,Buy,231783221
2024-08-15 10:45:06,40950.0,2100,Buy,231783324
2024-08-15 10:45:06,40950.0,2900,Buy,231783325
2024-08-15 10:45:12,40900.0,200,Sell,231783397
2024-08-15 10:45:26,40950.0,100,Buy,231783583
2024-08-15 10:45:34,41000.0,1000,Buy,231783722
2024-08-15 10:45:34,41000.0,100,Buy,231783723
2024-08-15 10:45:34,41000.0,800,Buy,231783724
2024-08-15 10:45:34,41000.0,1900,Buy,231783725
2024-08-15 10:45:34,41000.0,1800,Buy,231783726
2024-08-15 10:48:02,41000.0,100,Buy,231785482
2024-08-15 10:51:24,40950.0,500,Sell,231787921
2024-08-15 10:51:24,40950.0,400,Sell,231787922
2024-08-15 10:51:24,40950.0,100,Sell,231787920
2024-08-15 10:51:44,41000.0,300,Buy,231788139
2024-08-15 10:51:54,40950.0,400,Sell,231788261
2024-08-15 10:51:54,40950.0,100,Sell,231788262
2024-08-15 10:52:31,40950.0,400,Sell,231788756
2024-08-15 10:52:31,40950.0,500,Sell,231788757
2024-08-15 10:52:31,40950.0,500,Sell,231788758
2024-08-15 10:52:53,40950.0,100,Buy,231789125
2024-08-15 10:53:03,40900.0,500,Sell,231789282
2024-08-15 10:53:03,40900.0,3500,Sell,231789285
2024-08-15 10:53:03,40900.0,200,Sell,231789281
2024-08-15 10:53:03,40900.0,1000,Sell,231789283
2024-08-15 10:53:03,40900.0,500,Sell,231789284
2024-08-15 10:53:04,40950.0,100,Buy,231789316
2024-08-15 10:53:58,40950.0,600,Buy,231789962
2024-08-15 10:55:15,40950.0,100,Buy,231790983
2024-08-15 10:55:23,40950.0,900,Buy,231791212
2024-08-15 10:55:27,40950.0,500,Buy,231791246
2024-08-15 10:57:39,40900.0,100,Sell,231793191
2024-08-15 10:59:13,40900.0,500,Sell,231794699
2024-08-15 10:59:37,40900.0,200,Sell,231795065
2024-08-15 10:59:43,40950.0,1100,Buy,231795197
2024-08-15 10:59:43,40950.0,2000,Buy,231795191
2024-08-15 10:59:43,40950.0,2000,Buy,231795192
2024-08-15 10:59:43,40950.0,100,Buy,231795193
2024-08-15 10:59:43,40950.0,200,Buy,231795194
2024-08-15 10:59:43,40950.0,500,Buy,231795195
2024-08-15 10:59:43,40950.0,100,Buy,231795196
2024-08-15 10:59:55,40950.0,1200,Buy,231795357
2024-08-15 11:00:00,40950.0,2000,Buy,231795430
2024-08-15 11:00:04,40950.0,1000,Buy,231795479
2024-08-15 11:00:35,40900.0,100,Sell,231795817
2024-08-15 11:02:21,40950.0,1800,Buy,231797463
2024-08-15 11:02:21,40950.0,100,Buy,231797464
2024-08-15 11:03:47,40950.0,100,Buy,231799111
2024-08-15 11:03:47,40950.0,1000,Buy,231799112
2024-08-15 11:03:47,40950.0,1900,Buy,231799113
2024-08-15 11:03:52,40950.0,8100,Buy,231799195
2024-08-15 11:03:52,40950.0,600,Buy,231799196
2024-08-15 11:03:52,40950.0,500,Buy,231799197
2024-08-15 11:03:52,40950.0,500,Buy,231799198
2024-08-15 11:03:52,40950.0,100,Buy,231799199
2024-08-15 11:03:55,40950.0,200,Sell,231799234
2024-08-15 11:03:55,40900.0,300,Sell,231799235
2024-08-15 11:04:15,40950.0,200,Buy,231799520
2024-08-15 11:04:19,40950.0,800,Buy,231799557
2024-08-15 11:04:28,40950.0,1000,Sell,231799655
2024-08-15 11:04:54,41000.0,500,Buy,231800156
2024-08-15 11:05:14,41000.0,700,Buy,231800615
2024-08-15 11:05:14,41000.0,200,Buy,231800614
2024-08-15 11:05:14,41000.0,1000,Buy,231800611
2024-08-15 11:05:14,41000.0,100,Buy,231800613
2024-08-15 11:05:14,41000.0,1000,Buy,231800612
2024-08-15 11:05:14,41000.0,1000,Buy,231800610
2024-08-15 11:05:14,41000.0,300,Buy,231800605
2024-08-15 11:05:14,41000.0,1000,Buy,231800608
2024-08-15 11:05:14,41000.0,200,Buy,231800607
2024-08-15 11:05:14,41000.0,500,Buy,231800606
2024-08-15 11:05:14,41000.0,100,Buy,231800604
2024-08-15 11:05:14,41000.0,4600,Buy,231800603
2024-08-15 11:05:14,41000.0,300,Buy,231800609
2024-08-15 11:05:21,41000.0,100,Buy,231800758
2024-08-15 11:05:21,41000.0,2000,Buy,231800757
2024-08-15 11:05:21,41000.0,500,Buy,231800756
2024-08-15 11:05:21,41000.0,100,Buy,231800755
2024-08-15 11:05:21,41000.0,500,Buy,231800754
2024-08-15 11:05:21,41000.0,300,Buy,231800753
2024-08-15 11:05:21,41000.0,100,Buy,231800749
2024-08-15 11:05:21,41000.0,10000,Buy,231800750
2024-08-15 11:05:21,41000.0,1000,Buy,231800748
2024-08-15 11:05:21,41000.0,500,Buy,231800752
2024-08-15 11:05:21,41000.0,400,Buy,231800746
2024-08-15 11:05:21,41000.0,100,Buy,231800747
2024-08-15 11:05:21,41000.0,300,Buy,231800737
2024-08-15 11:05:21,41000.0,1000,Buy,231800738
2024-08-15 11:05:21,41000.0,100,Buy,231800739
2024-08-15 11:05:21,41000.0,100,Buy,231800740
2024-08-15 11:05:21,41000.0,100,Buy,231800751
2024-08-15 11:05:21,41000.0,100,Buy,231800742
2024-08-15 11:05:21,41000.0,100,Buy,231800744
2024-08-15 11:05:21,41000.0,200,Buy,231800745
2024-08-15 11:05:21,41000.0,900,Buy,231800743
2024-08-15 11:05:21,41000.0,300,Buy,231800741
2024-08-15 11:05:22,41000.0,100,Buy,231800765
2024-08-15 11:05:22,41000.0,200,Buy,231800766
2024-08-15 11:05:22,41000.0,100,Buy,231800767
2024-08-15 11:05:22,41000.0,100,Buy,231800768
2024-08-15 11:05:22,41000.0,1000,Buy,231800769
2024-08-15 11:05:22,41000.0,600,Buy,231800770
2024-08-15 11:05:22,41000.0,100,Buy,231800764
2024-08-15 11:05:31,41000.0,100,Sell,231800915
2024-08-15 11:05:42,41000.0,500,Sell,231801076
2024-08-15 11:05:45,41000.0,100,Sell,231801105
2024-08-15 11:05:55,41050.0,100,Buy,231801244
2024-08-15 11:05:55,41050.0,100,Buy,231801245
2024-08-15 11:05:55,41050.0,200,Buy,231801246
2024-08-15 11:05:55,41050.0,300,Buy,231801247
2024-08-15 11:05:55,41050.0,3000,Buy,231801248
2024-08-15 11:05:58,41050.0,800,Buy,231801268
2024-08-15 11:06:00,41000.0,200,Sell,231801289
2024-08-15 11:06:03,41050.0,100,Buy,231801360
2024-08-15 11:06:04,41000.0,200,Sell,231801388
2024-08-15 11:06:18,41050.0,1000,Buy,231801573
2024-08-15 11:06:40,41050.0,100,Buy,231801828
2024-08-15 11:06:40,41050.0,100,Buy,231801829
2024-08-15 11:06:42,41050.0,300,Buy,231801877
2024-08-15 11:06:42,41050.0,200,Buy,231801878
2024-08-15 11:06:42,41050.0,100,Buy,231801879
2024-08-15 11:06:42,41050.0,1000,Buy,231801880
2024-08-15 11:06:44,41050.0,100,Sell,231801894
2024-08-15 11:07:15,41050.0,1000,Sell,231802361
2024-08-15 11:07:28,41050.0,100,Sell,231802545
2024-08-15 11:07:28,41050.0,200,Sell,231802546
2024-08-15 11:07:28,41050.0,400,Sell,231802547
2024-08-15 11:07:28,41050.0,300,Sell,231802544
2024-08-15 11:07:46,41050.0,200,Buy,231802773
2024-08-15 11:09:09,41000.0,100,Sell,231804031
2024-08-15 11:09:30,41050.0,600,Buy,231804353
2024-08-15 11:09:30,41050.0,100,Buy,231804354
2024-08-15 11:09:30,41050.0,300,Buy,231804352
2024-08-15 11:09:30,41050.0,8800,Buy,231804351
2024-08-15 11:10:27,41050.0,100,Buy,231805189
2024-08-15 11:11:26,41000.0,200,Sell,231805853
2024-08-15 11:12:34,41050.0,100,Buy,231806739
2024-08-15 11:13:11,41050.0,1000,Buy,231807465
2024-08-15 11:13:11,41050.0,100,Buy,231807466
2024-08-15 11:13:11,41050.0,100,Buy,231807467
2024-08-15 11:13:11,41050.0,200,Buy,231807468
2024-08-15 11:13:20,41050.0,200,Buy,231807592
2024-08-15 11:13:20,41050.0,300,Buy,231807590
2024-08-15 11:13:20,41050.0,200,Buy,231807591
2024-08-15 11:14:11,41050.0,300,Sell,231808411
2024-08-15 11:14:11,41050.0,200,Sell,231808412
2024-08-15 11:14:29,41050.0,100,Sell,231808609
2024-08-15 11:14:40,41100.0,200,Buy,231808820
2024-08-15 11:14:40,41100.0,200,Buy,231808821
2024-08-15 11:14:40,41100.0,100,Buy,231808822
2024-08-15 11:14:40,41100.0,100,Buy,231808823
2024-08-15 11:14:40,41100.0,400,Buy,231808824
2024-08-15 11:15:03,41050.0,100,Sell,231809126
2024-08-15 11:15:19,41050.0,100,Sell,231809280
2024-08-15 11:15:19,41050.0,300,Sell,231809279
2024-08-15 11:16:49,41050.0,400,Buy,231810825
2024-08-15 11:17:04,41050.0,9200,Buy,231811062
2024-08-15 11:17:04,41050.0,100,Buy,231811063
2024-08-15 11:17:04,41050.0,100,Buy,231811064
2024-08-15 11:17:04,41050.0,1000,Buy,231811065
2024-08-15 11:17:04,41050.0,400,Buy,231811066
2024-08-15 11:17:30,41050.0,300,Sell,231812046
2024-08-15 11:18:02,41050.0,200,Sell,231812740
2024-08-15 11:18:40,41050.0,700,Sell,231813453
2024-08-15 11:18:40,41050.0,300,Sell,231813454
2024-08-15 11:19:13,41050.0,200,Sell,231814109
2024-08-15 11:19:44,41050.0,100,Buy,231814633
2024-08-15 11:20:09,41050.0,100,Buy,231815190
2024-08-15 11:20:59,41050.0,100,Buy,231816132
2024-08-15 11:20:59,41050.0,100,Buy,231816133
2024-08-15 11:20:59,41050.0,5000,Buy,231816134
2024-08-15 11:20:59,41050.0,400,Buy,231816135
2024-08-15 11:20:59,41050.0,2000,Buy,231816136
2024-08-15 11:21:21,41050.0,5000,Sell,231816714
2024-08-15 11:21:22,41050.0,500,Sell,231816718
2024-08-15 11:21:50,41050.0,1000,Sell,231817268
2024-08-15 11:22:01,41050.0,200,Sell,231817504
2024-08-15 11:22:12,41050.0,1000,Sell,231817661
2024-08-15 11:22:16,41050.0,2000,Sell,231817771
2024-08-15 11:22:43,41050.0,2000,Sell,231818374
2024-08-15 11:22:52,41100.0,1800,Buy,231818612
2024-08-15 11:22:52,41100.0,100,Buy,231818611
2024-08-15 11:22:53,41100.0,1900,Buy,231818644
2024-08-15 11:23:19,41050.0,2900,Sell,231819083
2024-08-15 11:23:30,41050.0,100,Sell,231819277
2024-08-15 11:24:08,41100.0,300,Buy,231819980
2024-08-15 11:24:08,41100.0,200,Buy,231819981
2024-08-15 11:24:08,41100.0,1000,Buy,231819983
2024-08-15 11:24:08,41100.0,300,Buy,231819984
2024-08-15 11:24:08,41100.0,100,Buy,231819982
2024-08-15 11:24:24,41100.0,100,Buy,231820564
2024-08-15 11:24:48,41050.0,2700,Sell,231821019
2024-08-15 11:24:48,41050.0,300,Sell,231821020
2024-08-15 11:24:48,41050.0,900,Sell,231821021
2024-08-15 11:24:59,41050.0,100,Buy,231821345
2024-08-15 11:25:33,41050.0,200,Buy,231821966
2024-08-15 11:26:18,41000.0,4700,Sell,231822704
2024-08-15 11:26:18,41000.0,500,Sell,231822703
2024-08-15 11:26:43,41000.0,100,Sell,231823129
2024-08-15 11:26:43,41000.0,100,Sell,231823128
2024-08-15 11:26:43,41000.0,100,Sell,231823127
2024-08-15 11:26:43,41000.0,100,Sell,231823126
2024-08-15 11:26:43,41000.0,5300,Sell,231823120
2024-08-15 11:26:43,41000.0,2400,Sell,231823124
2024-08-15 11:26:43,41000.0,200,Sell,231823123
2024-08-15 11:26:43,41000.0,300,Sell,231823122
2024-08-15 11:26:43,41000.0,100,Sell,231823121
2024-08-15 11:26:43,41000.0,1000,Sell,231823125
2024-08-15 11:26:56,41000.0,500,Buy,231823371
2024-08-15 11:27:27,41000.0,1400,Sell,231824098
2024-08-15 11:28:07,41000.0,500,Buy,231824753
2024-08-15 11:28:31,41000.0,2000,Buy,231825135
2024-08-15 11:28:46,40950.0,200,Sell,231825489
2024-08-15 11:28:59,40950.0,300,Sell,231825739
2024-08-15 11:29:19,40950.0,700,Sell,231826092
2024-08-15 12:59:41,40950.0,300,Buy,231828248
2024-08-15 12:59:42,40950.0,100,Buy,231828792
2024-08-15 12:59:42,40950.0,500,Buy,231828793
2024-08-15 12:59:42,40950.0,400,Buy,231828791
2024-08-15 12:59:42,40950.0,100,Buy,231828524
2024-08-15 12:59:42,40950.0,100,Buy,231828544
2024-08-15 12:59:44,40950.0,1200,Sell,231829000
2024-08-15 12:59:45,40950.0,1600,Sell,231829277
2024-08-15 12:59:46,40950.0,700,Sell,231829590
2024-08-15 12:59:54,40950.0,1800,Sell,231830681
2024-08-15 12:59:58,40950.0,300,Sell,231830887
2024-08-15 13:00:03,41000.0,500,Buy,231831078
2024-08-15 13:00:03,41000.0,1000,Buy,231831077
2024-08-15 13:00:03,41000.0,100,Buy,231831076
2024-08-15 13:00:03,41000.0,1000,Buy,231831075
2024-08-15 13:00:03,41000.0,100,Buy,231831071
2024-08-15 13:00:03,41000.0,500,Buy,231831073
2024-08-15 13:00:03,41000.0,100,Buy,231831072
2024-08-15 13:00:03,41000.0,900,Buy,231831070
2024-08-15 13:00:03,41000.0,6100,Buy,231831069
2024-08-15 13:00:03,41000.0,500,Buy,231831074
2024-08-15 13:00:36,41050.0,500,Buy,231832302
2024-08-15 13:00:36,41050.0,100,Buy,231832303
2024-08-15 13:00:36,41050.0,800,Buy,231832300
2024-08-15 13:00:36,41050.0,500,Buy,231832301
2024-08-15 13:00:41,41050.0,100,Buy,231832492
2024-08-15 13:00:57,41050.0,100,Sell,231832942
2024-08-15 13:01:14,41050.0,200,Sell,231833531
2024-08-15 13:01:15,41050.0,300,Sell,231833540
2024-08-15 13:01:19,41100.0,100,Buy,231833626
2024-08-15 13:01:19,41100.0,100,Buy,231833627
2024-08-15 13:01:19,41100.0,2000,Buy,231833628
2024-08-15 13:01:19,41100.0,800,Buy,231833629
2024-08-15 13:01:25,41050.0,100,Sell,231833753
2024-08-15 13:01:40,41050.0,4900,Sell,231834160
2024-08-15 13:01:40,41050.0,100,Sell,231834161
2024-08-15 13:01:44,41100.0,200,Buy,231834370
2024-08-15 13:01:44,41100.0,100,Buy,231834371
2024-08-15 13:01:44,41100.0,2000,Buy,231834372
2024-08-15 13:02:07,41050.0,2200,Sell,231834966
2024-08-15 13:02:17,41050.0,500,Sell,231835302
2024-08-15 13:02:30,41100.0,400,Buy,231835706
2024-08-15 13:02:30,41100.0,200,Buy,231835705
2024-08-15 13:02:30,41100.0,500,Buy,231835703
2024-08-15 13:02:30,41100.0,1000,Buy,231835704
2024-08-15 13:02:30,41100.0,1000,Buy,231835701
2024-08-15 13:02:30,41100.0,100,Buy,231835700
2024-08-15 13:02:30,41100.0,600,Buy,231835699
2024-08-15 13:02:30,41100.0,200,Buy,231835702
2024-08-15 13:02:49,41050.0,500,Sell,231836232
2024-08-15 13:03:20,41050.0,500,Sell,231837039
2024-08-15 13:03:32,41100.0,1800,Buy,231837367
2024-08-15 13:03:32,41100.0,600,Buy,231837366
2024-08-15 13:03:32,41100.0,100,Buy,231837368
2024-08-15 13:03:44,41050.0,600,Sell,231837707
2024-08-15 13:03:45,41100.0,900,Buy,231837738
2024-08-15 13:03:45,41100.0,100,Buy,231837739
2024-08-15 13:03:45,41100.0,100,Buy,231837740
2024-08-15 13:03:45,41100.0,200,Buy,231837741
2024-08-15 13:03:45,41100.0,2000,Buy,231837742
2024-08-15 13:03:45,41100.0,2000,Buy,231837743
2024-08-15 13:03:45,41100.0,400,Buy,231837744
2024-08-15 13:03:50,41100.0,100,Buy,231837902
2024-08-15 13:03:51,41100.0,900,Buy,231837948
2024-08-15 13:03:51,41100.0,500,Buy,231837946
2024-08-15 13:03:51,41100.0,2000,Buy,231837945
2024-08-15 13:03:51,41100.0,100,Buy,231837947
2024-08-15 13:03:53,41050.0,500,Sell,231837969
2024-08-15 13:03:56,41100.0,100,Buy,231838081
2024-08-15 13:03:56,41150.0,1700,Buy,231838086
2024-08-15 13:03:56,41150.0,3200,Buy,231838085
2024-08-15 13:03:56,41150.0,200,Buy,231838084
2024-08-15 13:03:56,41150.0,1000,Buy,231838083
2024-08-15 13:03:56,41100.0,100,Buy,231838082
2024-08-15 13:03:56,41100.0,300,Buy,231838080
2024-08-15 13:03:56,41100.0,100,Buy,231838076
2024-08-15 13:03:56,41100.0,100,Buy,231838078
2024-08-15 13:03:56,41100.0,100,Buy,231838079
2024-08-15 13:03:56,41100.0,19100,Buy,231838071
2024-08-15 13:03:56,41100.0,1000,Buy,231838072
2024-08-15 13:03:56,41100.0,600,Buy,231838075
2024-08-15 13:03:56,41100.0,100,Buy,231838074
2024-08-15 13:03:56,41100.0,1200,Buy,231838077
2024-08-15 13:03:56,41100.0,100,Buy,231838073
2024-08-15 13:04:14,41150.0,800,Buy,231838477
2024-08-15 13:04:24,41100.0,500,Sell,231838790
2024-08-15 13:04:36,41150.0,200,Buy,231839085
2024-08-15 13:04:36,41150.0,100,Buy,231839086
2024-08-15 13:04:36,41150.0,1000,Buy,231839087
2024-08-15 13:04:36,41150.0,100,Buy,231839088
2024-08-15 13:04:46,41150.0,100,Buy,231839353
2024-08-15 13:04:55,41100.0,500,Sell,231839741
2024-08-15 13:05:25,41100.0,100,Sell,231840780
2024-08-15 13:05:29,41100.0,500,Sell,231840902
2024-08-15 13:05:48,41100.0,1600,Sell,231841664
2024-08-15 13:05:49,41100.0,400,Sell,231841753
2024-08-15 13:06:01,41100.0,500,Sell,231842315
2024-08-15 13:06:18,41100.0,1600,Sell,231842827
2024-08-15 13:06:22,41100.0,300,Sell,231842954
2024-08-15 13:06:22,41100.0,200,Sell,231842955
2024-08-15 13:06:32,41100.0,500,Sell,231843224
2024-08-15 13:07:03,41100.0,500,Sell,231843907
2024-08-15 13:07:15,41100.0,300,Sell,231844202
2024-08-15 13:07:15,41100.0,300,Sell,231844218
2024-08-15 13:07:27,41100.0,2000,Sell,231844583
2024-08-15 13:07:27,41100.0,300,Sell,231844582
2024-08-15 13:07:27,41100.0,3900,Sell,231844579
2024-08-15 13:07:34,41050.0,500,Sell,231844735
2024-08-15 13:07:59,41050.0,300,Sell,231845363
2024-08-15 13:07:59,41050.0,3700,Sell,231845364
2024-08-15 13:08:05,41050.0,500,Sell,231845589
2024-08-15 13:08:10,41050.0,100,Sell,231845735
2024-08-15 13:08:12,41050.0,700,Sell,231845789
2024-08-15 13:08:29,41050.0,500,Sell,231846296
2024-08-15 13:08:36,41050.0,300,Sell,231846520
2024-08-15 13:08:36,41050.0,200,Sell,231846519
2024-08-15 13:08:38,41050.0,2100,Sell,231846563
2024-08-15 13:08:38,41050.0,5700,Sell,231846564
2024-08-15 13:08:38,41050.0,1100,Sell,231846565
2024-08-15 13:08:44,41050.0,4600,Sell,231846769
2024-08-15 13:08:44,41050.0,100,Sell,231846770
2024-08-15 13:08:44,41050.0,5300,Sell,231846771
2024-08-15 13:08:56,40950.0,300,Sell,231847116
2024-08-15 13:08:56,41000.0,3300,Sell,231847115
2024-08-15 13:08:56,41050.0,100,Sell,231847113
2024-08-15 13:08:56,41050.0,400,Sell,231847112
2024-08-15 13:08:56,41000.0,4200,Sell,231847114
2024-08-15 13:09:08,40950.0,500,Sell,231847402
2024-08-15 13:09:40,41000.0,500,Sell,231848294
2024-08-15 13:09:48,41000.0,400,Sell,231848532
2024-08-15 13:10:11,41000.0,300,Sell,231849141
2024-08-15 13:10:11,41000.0,200,Sell,231849142
2024-08-15 13:10:13,41000.0,500,Sell,231849175
2024-08-15 13:10:26,41050.0,1500,Buy,231849560
2024-08-15 13:10:26,41050.0,200,Buy,231849558
2024-08-15 13:10:26,41050.0,500,Buy,231849559
2024-08-15 13:10:26,41050.0,500,Buy,231849556
2024-08-15 13:10:26,41050.0,300,Buy,231849557
2024-08-15 13:10:26,41050.0,300,Buy,231849555
2024-08-15 13:10:32,41050.0,2300,Buy,231849668
2024-08-15 13:10:42,41000.0,500,Sell,231849913
2024-08-15 13:10:45,41050.0,1200,Buy,231850048
2024-08-15 13:10:45,41050.0,1000,Buy,231850049
2024-08-15 13:10:45,41100.0,100,Buy,231850050
2024-08-15 13:11:08,41100.0,2300,Buy,231850788
2024-08-15 13:11:12,41000.0,500,Sell,231850913
2024-08-15 13:11:43,41000.0,500,Sell,231851958
2024-08-15 13:11:44,41050.0,1000,Buy,231851983
2024-08-15 13:12:14,41050.0,100,Sell,231852835
2024-08-15 13:12:19,41050.0,400,Buy,231852958
2024-08-15 13:12:24,41000.0,100,Sell,231853068
2024-08-15 13:12:46,41000.0,500,Sell,231853801
2024-08-15 13:12:51,41000.0,1500,Sell,231853903
2024-08-15 13:13:15,41000.0,5700,Sell,231854467
2024-08-15 13:13:15,41000.0,2000,Sell,231854466
2024-08-15 13:13:15,41000.0,100,Sell,231854468
2024-08-15 13:13:15,41000.0,100,Sell,231854464
2024-08-15 13:13:15,41000.0,1900,Sell,231854465
2024-08-15 13:13:15,41000.0,200,Sell,231854459
2024-08-15 13:13:17,41000.0,400,Sell,231854512
2024-08-15 13:13:17,41000.0,100,Sell,231854513
2024-08-15 13:13:26,41000.0,500,Sell,231854722
2024-08-15 13:13:27,41000.0,200,Sell,231854723
2024-08-15 13:13:31,41000.0,100,Sell,231854793
2024-08-15 13:13:49,41000.0,100,Sell,231855294
2024-08-15 13:13:49,41000.0,400,Sell,231855295
2024-08-15 13:14:06,41000.0,4600,Sell,231855622
2024-08-15 13:14:08,41000.0,1400,Buy,231855699
2024-08-15 13:14:21,41000.0,500,Sell,231856005
2024-08-15 13:14:30,41050.0,100,Buy,231856216
2024-08-15 13:14:48,41000.0,100,Sell,231856569
2024-08-15 13:14:53,41000.0,500,Sell,231856708
2024-08-15 13:15:01,41050.0,900,Buy,231856903
2024-08-15 13:15:01,41050.0,200,Buy,231856904
2024-08-15 13:15:01,41050.0,1000,Buy,231856905
2024-08-15 13:15:01,41100.0,200,Buy,231856906
2024-08-15 13:15:09,41000.0,300,Sell,231857177
2024-08-15 13:15:22,41100.0,700,Buy,231857562
2024-08-15 13:15:22,41100.0,1500,Buy,231857560
2024-08-15 13:15:22,41100.0,100,Buy,231857561
2024-08-15 13:15:24,41000.0,500,Sell,231857637
2024-08-15 13:15:53,41000.0,200,Sell,231858550
2024-08-15 13:15:56,41000.0,500,Sell,231858639
2024-08-15 13:16:03,41000.0,1000,Sell,231858822
2024-08-15 13:16:20,41000.0,100,Sell,231859258
2024-08-15 13:16:28,41000.0,500,Sell,231859515
2024-08-15 13:16:34,41000.0,100,Sell,231859677
2024-08-15 13:16:34,41000.0,100,Sell,231859678
2024-08-15 13:16:59,41050.0,500,Sell,231860350
2024-08-15 13:17:22,41050.0,300,Sell,231860846
2024-08-15 13:17:31,41000.0,500,Sell,231861050
2024-08-15 13:17:51,41000.0,200,Sell,231861386
2024-08-15 13:18:03,41000.0,500,Sell,231861733
2024-08-15 13:18:33,41000.0,300,Sell,231862369
2024-08-15 13:18:45,41000.0,200,Buy,231862632
2024-08-15 13:18:47,40950.0,19500,Sell,231862698
2024-08-15 13:18:47,40950.0,500,Sell,231862699
2024-08-15 13:19:04,40950.0,500,Sell,231863036
2024-08-15 13:19:36,40950.0,500,Sell,231863708
2024-08-15 13:20:08,40950.0,500,Sell,231864395
2024-08-15 13:20:26,40950.0,600,Sell,231864750
2024-08-15 13:20:26,40950.0,400,Sell,231864751
2024-08-15 13:20:39,40950.0,500,Sell,231865031
2024-08-15 13:21:12,40950.0,500,Sell,231865709
2024-08-15 13:21:43,40950.0,100,Sell,231866238
2024-08-15 13:21:43,40950.0,400,Sell,231866239
2024-08-15 13:22:13,40950.0,100,Sell,231866928
2024-08-15 13:22:13,40950.0,100,Sell,231866929
2024-08-15 13:22:24,40950.0,100,Buy,231867224
2024-08-15 13:22:43,40900.0,500,Sell,231867563
2024-08-15 13:22:44,40900.0,200,Sell,231867565
2024-08-15 13:23:10,40950.0,200,Sell,231868139
2024-08-15 13:23:41,40900.0,300,Sell,231868951
2024-08-15 13:23:41,40900.0,500,Sell,231868939
2024-08-15 13:24:07,40950.0,200,Sell,231869586
2024-08-15 13:24:31,40900.0,300,Sell,231870034
2024-08-15 13:24:38,40900.0,500,Sell,231870214
2024-08-15 13:24:38,40900.0,100,Sell,231870215
2024-08-15 13:24:38,40900.0,100,Sell,231870216
2024-08-15 13:24:38,40900.0,100,Sell,231870217
2024-08-15 13:25:05,40900.0,100,Sell,231870781
2024-08-15 13:25:05,40900.0,100,Sell,231870782
2024-08-15 13:25:05,40900.0,300,Sell,231870783
2024-08-15 13:25:36,40900.0,200,Sell,231871516
2024-08-15 13:25:36,40900.0,100,Sell,231871518
2024-08-15 13:25:36,40900.0,200,Sell,231871517
2024-08-15 13:25:39,40900.0,200,Sell,231871575
2024-08-15 13:25:39,40900.0,100,Sell,231871574
2024-08-15 13:25:39,40900.0,200,Sell,231871576
2024-08-15 13:25:59,40900.0,500,Sell,231871957
2024-08-15 13:25:59,40900.0,100,Sell,231871956
2024-08-15 13:25:59,40900.0,800,Sell,231871953
2024-08-15 13:25:59,40900.0,100,Sell,231871954
2024-08-15 13:25:59,40900.0,500,Sell,231871955
2024-08-15 13:26:07,40900.0,500,Sell,231872112
2024-08-15 13:26:12,40900.0,300,Sell,231872172
2024-08-15 13:26:25,40900.0,500,Sell,231872446
2024-08-15 13:26:31,40900.0,100,Sell,231872551
2024-08-15 13:26:38,40900.0,100,Sell,231872669
2024-08-15 13:26:38,40900.0,100,Sell,231872670
2024-08-15 13:26:42,40900.0,300,Buy,231872798
2024-08-15 13:27:08,40900.0,500,Sell,231873358
2024-08-15 13:27:23,40900.0,500,Sell,231873643
2024-08-15 13:27:38,40900.0,500,Sell,231874070
2024-08-15 13:27:39,40950.0,500,Buy,231874077
2024-08-15 13:28:11,40950.0,500,Sell,231874807
2024-08-15 13:28:43,40950.0,500,Sell,231875450
2024-08-15 13:28:51,41000.0,1000,Buy,231875607
2024-08-15 13:29:03,41000.0,2300,Buy,231875802
2024-08-15 13:29:14,40950.0,500,Sell,231876091
2024-08-15 13:29:14,41000.0,1700,Buy,231876063
2024-08-15 13:29:14,41000.0,600,Buy,231876064
2024-08-15 13:29:15,41000.0,300,Buy,231876101
2024-08-15 13:29:26,41050.0,200,Buy,231876375
2024-08-15 13:29:26,41050.0,100,Buy,231876376
2024-08-15 13:29:26,41050.0,100,Buy,231876377
2024-08-15 13:29:26,41050.0,200,Buy,231876378
2024-08-15 13:29:26,41050.0,200,Buy,231876379
2024-08-15 13:29:26,41050.0,1500,Buy,231876380
2024-08-15 13:29:36,41100.0,2200,Buy,231876628
2024-08-15 13:29:36,41050.0,100,Buy,231876627
2024-08-15 13:29:46,41000.0,500,Sell,231876876
2024-08-15 13:29:47,41100.0,1000,Buy,231876896
2024-08-15 13:30:03,41050.0,1000,Buy,231877265
2024-08-15 13:30:08,41050.0,700,Buy,231877360
2024-08-15 13:30:08,41050.0,500,Buy,231877361
2024-08-15 13:30:08,41100.0,1100,Buy,231877362
2024-08-15 13:30:17,41000.0,200,Sell,231877545
2024-08-15 13:30:17,41000.0,300,Sell,231877546
2024-08-15 13:30:26,41000.0,200,Sell,231877734
2024-08-15 13:30:40,41100.0,2100,Buy,231877999
2024-08-15 13:30:48,41050.0,500,Sell,231878180
2024-08-15 13:30:59,41100.0,1000,Buy,231878405
2024-08-15 13:31:21,41050.0,500,Sell,231878770
2024-08-15 13:31:40,41050.0,100,Sell,231879147
2024-08-15 13:31:40,41100.0,1000,Buy,231879146
2024-08-15 13:31:50,41050.0,1000,Sell,231879424
2024-08-15 13:31:51,41050.0,500,Sell,231879428
2024-08-15 13:31:59,41050.0,100,Sell,231879568
2024-08-15 13:32:03,41050.0,1000,Sell,231879611
2024-08-15 13:32:24,41050.0,500,Sell,231880039
2024-08-15 13:32:30,41050.0,200,Sell,231880165
2024-08-15 13:32:53,41050.0,500,Sell,231880646
2024-08-15 13:32:56,41050.0,500,Sell,231880727
2024-08-15 13:33:25,41100.0,1000,Buy,231881287
2024-08-15 13:33:27,41050.0,500,Sell,231881335
2024-08-15 13:33:30,41100.0,900,Buy,231881376
2024-08-15 13:33:30,41100.0,100,Buy,231881377
2024-08-15 13:33:59,41050.0,500,Sell,231881979
2024-08-15 13:34:31,41050.0,500,Sell,231882810
2024-08-15 13:34:34,41050.0,100,Sell,231882884
2024-08-15 13:34:54,41050.0,1400,Sell,231883278
2024-08-15 13:35:04,41050.0,500,Sell,231883412
2024-08-15 13:35:24,41050.0,100,Sell,231883860
2024-08-15 13:35:34,41050.0,500,Sell,231884094
2024-08-15 13:35:49,41050.0,500,Sell,231884432
2024-08-15 13:35:49,41050.0,500,Sell,231884433
2024-08-15 13:35:49,41050.0,2500,Sell,231884434
2024-08-15 13:36:05,41050.0,500,Sell,231885211
2024-08-15 13:36:32,41050.0,600,Sell,231885875
2024-08-15 13:36:35,41050.0,500,Sell,231885964
2024-08-15 13:36:40,41050.0,200,Sell,231886084
2024-08-15 13:36:43,41050.0,100,Sell,231886134
2024-08-15 13:36:51,41050.0,200,Sell,231886336
2024-08-15 13:36:51,41050.0,100,Sell,231886329
2024-08-15 13:37:06,41050.0,500,Sell,231886620
2024-08-15 13:37:34,41050.0,1000,Sell,231887226
2024-08-15 13:37:39,41050.0,500,Sell,231887329
2024-08-15 13:38:10,41050.0,500,Sell,231888045
2024-08-15 13:38:41,41050.0,400,Sell,231888813
2024-08-15 13:38:41,41050.0,100,Sell,231888814
2024-08-15 13:39:12,41050.0,400,Sell,231889526
2024-08-15 13:39:12,41050.0,100,Sell,231889525
2024-08-15 13:39:19,41050.0,100,Sell,231889690
2024-08-15 13:39:19,41050.0,400,Sell,231889691
2024-08-15 13:39:23,41100.0,1000,Buy,231889795
2024-08-15 13:39:30,41100.0,300,Buy,231889948
2024-08-15 13:39:30,41100.0,200,Buy,231889947
2024-08-15 13:39:39,41100.0,200,Buy,231890133
2024-08-15 13:39:39,41100.0,300,Buy,231890134
2024-08-15 13:39:42,41050.0,600,Sell,231890181
2024-08-15 13:39:47,41100.0,200,Buy,231890285
2024-08-15 13:39:47,41100.0,100,Buy,231890286
2024-08-15 13:39:47,41100.0,100,Buy,231890287
2024-08-15 13:40:14,41050.0,500,Sell,231890915
2024-08-15 13:40:17,41100.0,100,Buy,231890942
2024-08-15 13:40:47,41050.0,300,Sell,231891664
2024-08-15 13:40:47,41050.0,100,Sell,231891665
2024-08-15 13:40:47,41050.0,100,Sell,231891663
2024-08-15 13:41:18,41050.0,400,Sell,231892461
2024-08-15 13:41:18,41050.0,100,Sell,231892462
2024-08-15 13:41:48,41050.0,100,Sell,231893138
2024-08-15 13:41:48,41050.0,2000,Sell,231893139
2024-08-15 13:41:48,41050.0,400,Sell,231893140
2024-08-15 13:41:48,41050.0,100,Sell,231893141
2024-08-15 13:41:48,41050.0,2400,Sell,231893142
2024-08-15 13:41:49,41050.0,500,Sell,231893190
2024-08-15 13:42:03,41050.0,400,Sell,231893545
2024-08-15 13:42:03,41050.0,100,Sell,231893544
2024-08-15 13:42:16,41050.0,100,Sell,231893868
2024-08-15 13:42:20,41000.0,100,Sell,231893959
2024-08-15 13:42:20,41000.0,100,Sell,231893960
2024-08-15 13:42:20,41000.0,100,Sell,231893961
2024-08-15 13:42:20,41000.0,100,Sell,231893962
2024-08-15 13:42:20,41000.0,100,Sell,231893963
2024-08-15 13:42:33,41050.0,1000,Sell,231894183
2024-08-15 13:42:40,41050.0,200,Sell,231894302
2024-08-15 13:42:51,41050.0,500,Sell,231894610
2024-08-15 13:42:59,41050.0,700,Sell,231894752
2024-08-15 13:42:59,41000.0,4000,Sell,231894753
2024-08-15 13:42:59,41050.0,300,Sell,231894751
2024-08-15 13:43:15,41100.0,2200,Buy,231895053
2024-08-15 13:43:23,41050.0,2000,Sell,231895210
2024-08-15 13:43:24,41050.0,500,Sell,231895232
2024-08-15 13:43:48,41000.0,400,Sell,231895791
2024-08-15 13:43:48,41000.0,100,Sell,231895790
2024-08-15 13:43:48,41000.0,100,Sell,231895789
2024-08-15 13:43:48,41000.0,800,Sell,231895786
2024-08-15 13:43:48,41000.0,300,Sell,231895787
2024-08-15 13:43:48,41000.0,200,Sell,231895788
2024-08-15 13:43:48,41000.0,900,Sell,231895785
2024-08-15 13:43:48,41050.0,200,Sell,231895784
2024-08-15 13:43:55,41000.0,500,Sell,231895953
2024-08-15 13:44:09,41000.0,200,Sell,231896274
2024-08-15 13:44:10,41000.0,3900,Sell,231896308
2024-08-15 13:44:10,41000.0,1100,Sell,231896309
2024-08-15 13:44:15,41000.0,1800,Sell,231896404
2024-08-15 13:44:20,41000.0,100,Buy,231896529
2024-08-15 13:44:26,40950.0,200,Sell,231896625
2024-08-15 13:44:26,40950.0,100,Sell,231896626
2024-08-15 13:44:26,40950.0,200,Sell,231896627
2024-08-15 13:44:46,41000.0,500,Buy,231897081
2024-08-15 13:44:55,40950.0,2800,Sell,231897262
2024-08-15 13:44:55,40950.0,100,Sell,231897263
2024-08-15 13:44:55,40950.0,100,Sell,231897264
2024-08-15 13:44:55,40950.0,100,Sell,231897265
2024-08-15 13:44:55,40950.0,1000,Sell,231897266
2024-08-15 13:44:58,40900.0,500,Sell,231897342
2024-08-15 13:45:00,40950.0,500,Buy,231897378
2024-08-15 13:45:02,40950.0,100,Buy,231897419
2024-08-15 13:45:04,40950.0,100,Buy,231897457
2024-08-15 13:45:07,40950.0,200,Buy,231897518
2024-08-15 13:45:07,41000.0,300,Buy,231897519
2024-08-15 13:45:08,41000.0,400,Buy,231897529
2024-08-15 13:45:29,40950.0,200,Sell,231897938
2024-08-15 13:45:29,40950.0,300,Sell,231897939
2024-08-15 13:45:39,41000.0,500,Buy,231898117
2024-08-15 13:45:49,41000.0,500,Buy,231898411
2024-08-15 13:45:50,41000.0,100,Buy,231898423
2024-08-15 13:45:57,41000.0,500,Buy,231898612
2024-08-15 13:45:58,41000.0,400,Buy,231898653
2024-08-15 13:46:01,40950.0,200,Sell,231898715
2024-08-15 13:46:01,40950.0,100,Sell,231898716
2024-08-15 13:46:01,40950.0,200,Sell,231898717
2024-08-15 13:46:11,41000.0,500,Buy,231898913
2024-08-15 13:46:25,41000.0,100,Buy,231899185
2024-08-15 13:46:33,41000.0,500,Buy,231899318
2024-08-15 13:46:33,40950.0,500,Sell,231899338
2024-08-15 13:46:42,41000.0,500,Buy,231899532
2024-08-15 13:46:49,41000.0,500,Buy,231899689
2024-08-15 13:46:50,41000.0,400,Buy,231899709
2024-08-15 13:47:04,40950.0,500,Sell,231900004
2024-08-15 13:47:26,41000.0,2400,Buy,231900474
2024-08-15 13:47:36,40950.0,500,Sell,231900669
2024-08-15 13:47:38,41000.0,200,Buy,231900723
2024-08-15 13:48:06,40950.0,600,Sell,231901274
2024-08-15 13:48:10,40950.0,1900,Sell,231901349
2024-08-15 13:48:39,40950.0,600,Sell,231901869
2024-08-15 13:48:43,41000.0,100,Buy,231901952
2024-08-15 13:48:43,41000.0,100,Buy,231901953
2024-08-15 13:48:43,41000.0,300,Buy,231901954
2024-08-15 13:48:48,41050.0,500,Buy,231902103
2024-08-15 13:49:01,41100.0,200,Buy,231902308
2024-08-15 13:49:01,41100.0,300,Buy,231902307
2024-08-15 13:49:10,41100.0,100,Buy,231902515
2024-08-15 13:49:10,41100.0,100,Buy,231902516
2024-08-15 13:49:10,41100.0,100,Buy,231902517
2024-08-15 13:49:10,41100.0,100,Buy,231902518
2024-08-15 13:49:10,41100.0,100,Buy,231902519
2024-08-15 13:49:11,41100.0,400,Buy,231902586
2024-08-15 13:49:12,41000.0,500,Sell,231902607
2024-08-15 13:49:43,41000.0,600,Sell,231903244
2024-08-15 13:49:45,41000.0,500,Sell,231903268
2024-08-15 13:49:48,41000.0,100,Buy,231903345
2024-08-15 13:50:09,41000.0,400,Buy,231903722
2024-08-15 13:50:09,41100.0,100,Buy,231903723
2024-08-15 13:50:16,40950.0,200,Sell,231903868
2024-08-15 13:50:16,40950.0,300,Sell,231903869
2024-08-15 13:50:18,41000.0,500,Buy,231903907
2024-08-15 13:50:25,41100.0,400,Buy,231904093
2024-08-15 13:50:25,41100.0,100,Buy,231904094
2024-08-15 13:50:25,41100.0,400,Buy,231904109
2024-08-15 13:50:41,41100.0,300,Buy,231904461
2024-08-15 13:50:41,41100.0,1500,Buy,231904459
2024-08-15 13:50:41,41100.0,200,Buy,231904460
2024-08-15 13:50:47,41000.0,500,Sell,231904576
2024-08-15 13:51:17,41000.0,100,Sell,231905147
2024-08-15 13:51:47,40950.0,500,Sell,231905782
2024-08-15 13:51:48,40950.0,400,Sell,231905783
2024-08-15 13:52:01,41000.0,500,Buy,231906134
2024-08-15 13:52:11,41000.0,500,Buy,231906323
2024-08-15 13:52:12,41000.0,2000,Buy,231906345
2024-08-15 13:52:14,40950.0,600,Sell,231906401
2024-08-15 13:52:21,41000.0,100,Buy,231906550
2024-08-15 13:52:21,41000.0,500,Buy,231906543
2024-08-15 13:52:21,41000.0,300,Buy,231906549
2024-08-15 13:52:47,40950.0,500,Sell,231907135
2024-08-15 13:53:17,40950.0,500,Sell,231907666
2024-08-15 13:53:20,41000.0,500,Buy,231907740
2024-08-15 13:53:28,41000.0,200,Buy,231907949
2024-08-15 13:53:28,41050.0,200,Buy,231907950
2024-08-15 13:53:28,41050.0,100,Buy,231907951
2024-08-15 13:53:35,41050.0,500,Buy,231908097
2024-08-15 13:53:35,41050.0,300,Buy,231908109
2024-08-15 13:53:35,41050.0,100,Buy,231908110
2024-08-15 13:53:47,40950.0,500,Sell,231908374
2024-08-15 13:54:18,41000.0,500,Sell,231909002
2024-08-15 13:54:22,41050.0,400,Buy,231909137
2024-08-15 13:54:22,41050.0,100,Buy,231909138
2024-08-15 13:54:27,41000.0,2100,Sell,231909251
2024-08-15 13:54:34,41050.0,100,Buy,231909416
2024-08-15 13:54:34,41100.0,200,Buy,231909417
2024-08-15 13:54:34,41100.0,200,Buy,231909418
2024-08-15 13:54:40,41000.0,300,Sell,231909563
2024-08-15 13:54:45,41100.0,500,Buy,231909692
2024-08-15 13:54:46,41100.0,100,Buy,231909705
2024-08-15 13:54:46,41100.0,300,Buy,231909704
2024-08-15 13:54:49,41000.0,600,Sell,231909836
2024-08-15 13:54:53,41100.0,500,Buy,231909944
2024-08-15 13:54:53,41100.0,100,Buy,231909943
2024-08-15 13:54:53,41100.0,1000,Buy,231909942
2024-08-15 13:54:53,41100.0,400,Buy,231909945
2024-08-15 13:54:53,41100.0,100,Buy,231909940
2024-08-15 13:54:53,41100.0,200,Buy,231909939
2024-08-15 13:54:53,41100.0,200,Buy,231909938
2024-08-15 13:54:53,41100.0,900,Buy,231909937
2024-08-15 13:54:53,41100.0,100,Buy,231909941
2024-08-15 13:55:23,41000.0,500,Sell,231910856
2024-08-15 13:55:47,41000.0,100,Sell,231911323
2024-08-15 13:55:51,41050.0,100,Buy,231911448
2024-08-15 13:55:51,41050.0,200,Buy,231911449
2024-08-15 13:55:51,41100.0,200,Buy,231911450
2024-08-15 13:55:54,41000.0,500,Sell,231911547
2024-08-15 13:56:01,41100.0,400,Buy,231911854
2024-08-15 13:56:01,41100.0,100,Buy,231911855
2024-08-15 13:56:07,41100.0,300,Buy,231912111
2024-08-15 13:56:07,41100.0,100,Buy,231912109
2024-08-15 13:56:07,41100.0,100,Buy,231912110
2024-08-15 13:56:08,41100.0,200,Buy,231912118
2024-08-15 13:56:08,41100.0,100,Buy,231912116
2024-08-15 13:56:08,41100.0,100,Buy,231912117
2024-08-15 13:56:19,41000.0,1900,Sell,231912462
2024-08-15 13:56:26,41000.0,500,Sell,231912719
2024-08-15 13:56:54,41100.0,100,Buy,231913540
2024-08-15 13:56:54,41100.0,200,Buy,231913541
2024-08-15 13:56:54,41100.0,200,Buy,231913542
2024-08-15 13:56:58,41000.0,500,Sell,231913747
2024-08-15 13:57:04,41100.0,500,Buy,231913973
2024-08-15 13:57:07,41000.0,1900,Sell,231914106
2024-08-15 13:57:10,41100.0,500,Buy,231914234
2024-08-15 13:57:11,41100.0,400,Buy,231914255
2024-08-15 13:57:12,41000.0,2000,Sell,231914287
2024-08-15 13:57:12,41000.0,5000,Sell,231914286
2024-08-15 13:57:12,41000.0,200,Sell,231914285
2024-08-15 13:57:12,41000.0,300,Sell,231914288
2024-08-15 13:57:12,41000.0,1000,Sell,231914283
2024-08-15 13:57:12,41000.0,100,Sell,231914282
2024-08-15 13:57:12,41000.0,400,Sell,231914284
2024-08-15 13:57:12,41000.0,600,Sell,231914281
2024-08-15 13:57:25,41000.0,200,Buy,231914670
2024-08-15 13:57:29,40950.0,500,Sell,231914857
2024-08-15 13:57:38,41000.0,1200,Buy,231915201
2024-08-15 13:57:39,41000.0,500,Buy,231915228
2024-08-15 13:57:48,41000.0,500,Buy,231915672
2024-08-15 13:57:55,41000.0,500,Buy,231915912
2024-08-15 13:57:55,41000.0,400,Buy,231915933
2024-08-15 13:57:58,41000.0,100,Buy,231915996
2024-08-15 13:58:01,40950.0,500,Sell,231916118
2024-08-15 13:58:33,40950.0,500,Sell,231917174
2024-08-15 13:59:03,40950.0,100,Sell,231918251
2024-08-15 13:59:04,40950.0,600,Sell,231918287
2024-08-15 13:59:13,40950.0,400,Sell,231918516
2024-08-15 13:59:13,40950.0,600,Sell,231918517
2024-08-15 13:59:21,41000.0,4500,Buy,231918941
2024-08-15 13:59:37,40950.0,300,Sell,231919458
2024-08-15 13:59:37,40950.0,300,Sell,231919459
2024-08-15 13:59:41,40950.0,100,Sell,231919722
2024-08-15 13:59:41,40950.0,900,Sell,231919723
2024-08-15 13:59:41,40950.0,500,Sell,231919721
2024-08-15 13:59:41,40950.0,2000,Sell,231919719
2024-08-15 13:59:41,40950.0,100,Sell,231919720
2024-08-15 13:59:41,40950.0,1400,Sell,231919718
2024-08-15 13:59:55,40950.0,1500,Sell,231920183
2024-08-15 13:59:55,40950.0,2300,Sell,231920184
2024-08-15 13:59:56,40950.0,100,Sell,231920193
2024-08-15 13:59:56,40950.0,100,Sell,231920194
2024-08-15 13:59:56,40950.0,5000,Sell,231920195
2024-08-15 13:59:56,40950.0,2000,Sell,231920196
2024-08-15 14:00:09,40900.0,500,Sell,231920621
2024-08-15 14:00:27,40900.0,200,Sell,231921130
2024-08-15 14:00:31,40900.0,1000,Sell,231921202
2024-08-15 14:00:41,40900.0,500,Sell,231921537
2024-08-15 14:01:12,40900.0,600,Sell,231922420
2024-08-15 14:01:25,40900.0,100,Sell,231922863
2024-08-15 14:01:25,40900.0,1000,Sell,231922862
2024-08-15 14:01:25,40900.0,100,Sell,231922861
2024-08-15 14:01:25,40900.0,5000,Sell,231922860
2024-08-15 14:01:25,40900.0,100,Sell,231922859
2024-08-15 14:01:25,40900.0,2400,Sell,231922858
2024-08-15 14:01:25,40900.0,5000,Sell,231922857
2024-08-15 14:01:25,40900.0,100,Sell,231922855
2024-08-15 14:01:25,40900.0,100,Sell,231922854
2024-08-15 14:01:25,40900.0,100,Sell,231922853
2024-08-15 14:01:25,40900.0,100,Sell,231922852
2024-08-15 14:01:25,40900.0,500,Sell,231922851
2024-08-15 14:01:25,40900.0,4900,Sell,231922850
2024-08-15 14:01:25,40900.0,1000,Sell,231922856
2024-08-15 14:01:35,40850.0,1900,Sell,231923203
2024-08-15 14:01:44,40900.0,1000,Buy,231923628
2024-08-15 14:01:45,40850.0,500,Sell,231923638
2024-08-15 14:01:51,40850.0,1500,Sell,231923893
2024-08-15 14:01:51,40850.0,400,Sell,231923892
2024-08-15 14:01:52,40900.0,300,Buy,231923978
2024-08-15 14:01:52,40900.0,500,Buy,231923979
2024-08-15 14:01:59,40900.0,800,Sell,231924229
2024-08-15 14:02:11,40900.0,200,Buy,231924801
2024-08-15 14:02:11,40900.0,1000,Buy,231924802
2024-08-15 14:02:16,40850.0,500,Sell,231925011
2024-08-15 14:02:46,40900.0,500,Sell,231926271
2024-08-15 14:03:16,40850.0,100,Sell,231927581
2024-08-15 14:03:16,40850.0,1000,Sell,231927580
2024-08-15 14:03:16,40850.0,2500,Sell,231927582
2024-08-15 14:03:16,40900.0,500,Sell,231927578
2024-08-15 14:03:16,40850.0,400,Sell,231927579
2024-08-15 14:03:16,40900.0,500,Sell,231927577
2024-08-15 14:03:17,40850.0,500,Sell,231927635
2024-08-15 14:03:49,40850.0,500,Sell,231929138
2024-08-15 14:04:20,40850.0,500,Sell,231931494
2024-08-15 14:04:34,40850.0,400,Sell,231932063
2024-08-15 14:04:34,40850.0,600,Sell,231932065
2024-08-15 14:04:34,40850.0,400,Sell,231932062
2024-08-15 14:04:34,40850.0,500,Sell,231932064
2024-08-15 14:04:46,40850.0,6500,Sell,231932640
2024-08-15 14:04:51,40850.0,600,Sell,231933207
2024-08-15 14:05:12,40850.0,300,Sell,231934555
2024-08-15 14:05:12,40850.0,100,Sell,231934556
2024-08-15 14:05:23,40850.0,500,Sell,231935001
2024-08-15 14:05:54,40850.0,500,Sell,231936354
2024-08-15 14:05:56,40850.0,3400,Sell,231936430
2024-08-15 14:05:56,40850.0,500,Sell,231936431
2024-08-15 14:05:56,40850.0,100,Sell,231936432
2024-08-15 14:05:56,40850.0,1000,Sell,231936433
2024-08-15 14:06:03,40850.0,2000,Sell,231936844
2024-08-15 14:06:25,40850.0,300,Sell,231937842
2024-08-15 14:06:25,40850.0,300,Sell,231937841
2024-08-15 14:06:32,40850.0,300,Sell,231938256
2024-08-15 14:06:32,40850.0,700,Sell,231938255
2024-08-15 14:06:58,40850.0,500,Sell,231939112
2024-08-15 14:07:30,40850.0,500,Sell,231940320
2024-08-15 14:07:52,40850.0,600,Sell,231941023
2024-08-15 14:07:52,40850.0,100,Sell,231941024
2024-08-15 14:07:52,40850.0,200,Sell,231941025
2024-08-15 14:07:52,40900.0,100,Buy,231941041
2024-08-15 14:07:52,40900.0,100,Buy,231941042
2024-08-15 14:08:00,40850.0,600,Sell,231941247
2024-08-15 14:08:27,40900.0,1600,Buy,231942078
2024-08-15 14:08:27,40900.0,300,Buy,231942077
2024-08-15 14:08:33,40900.0,500,Sell,231942204
2024-08-15 14:08:49,40900.0,100,Sell,231942726
2024-08-15 14:09:04,40900.0,500,Sell,231943123
2024-08-15 14:09:29,40900.0,100,Sell,231943772
2024-08-15 14:09:35,40900.0,500,Sell,231943926
2024-08-15 14:09:36,40900.0,5400,Sell,231943947
2024-08-15 14:09:36,40900.0,100,Sell,231943948
2024-08-15 14:10:07,40900.0,100,Sell,231944731
2024-08-15 14:10:10,40900.0,100,Buy,231944810
2024-08-15 14:10:14,40850.0,800,Sell,231944951
2024-08-15 14:10:14,40850.0,200,Sell,231944950
2024-08-15 14:10:16,40900.0,300,Buy,231945010
2024-08-15 14:10:16,40900.0,100,Buy,231945011
2024-08-15 14:10:38,40900.0,100,Buy,231945584
2024-08-15 14:10:38,40850.0,600,Sell,231945568
2024-08-15 14:10:38,40900.0,100,Buy,231945576
2024-08-15 14:10:43,40900.0,1000,Buy,231945727
2024-08-15 14:10:54,40900.0,800,Buy,231946026
2024-08-15 14:10:54,40950.0,200,Buy,231946027
2024-08-15 14:11:01,40950.0,1000,Buy,231946230
2024-08-15 14:11:02,40950.0,800,Buy,231946244
2024-08-15 14:11:10,40850.0,600,Sell,231946460
2024-08-15 14:11:12,40950.0,100,Buy,231946526
2024-08-15 14:11:23,40900.0,1300,Sell,231946858
2024-08-15 14:11:23,40900.0,100,Sell,231946859
2024-08-15 14:11:23,40850.0,2700,Sell,231946860
2024-08-15 14:11:43,40900.0,600,Sell,231947370
2024-08-15 14:11:49,40950.0,200,Buy,231947546
2024-08-15 14:12:15,40900.0,600,Sell,231948282
2024-08-15 14:12:48,40900.0,500,Sell,231949067
2024-08-15 14:13:04,40950.0,600,Buy,231949441
2024-08-15 14:13:05,40900.0,200,Sell,231949460
2024-08-15 14:13:05,40900.0,300,Sell,231949459
2024-08-15 14:13:18,40900.0,100,Sell,231949807
2024-08-15 14:13:18,40900.0,400,Sell,231949808
2024-08-15 14:13:49,40900.0,600,Sell,231950705
2024-08-15 14:14:22,40900.0,100,Sell,231951514
2024-08-15 14:14:22,40900.0,400,Sell,231951515
2024-08-15 14:14:29,40900.0,2000,Sell,231951761
2024-08-15 14:14:29,40900.0,300,Sell,231951762
2024-08-15 14:14:53,40900.0,300,Sell,231952285
2024-08-15 14:14:53,40900.0,300,Sell,231952286
2024-08-15 14:14:55,40950.0,1100,Buy,231952425
2024-08-15 14:14:55,40950.0,500,Buy,231952424
2024-08-15 14:14:55,40950.0,3900,Buy,231952422
2024-08-15 14:14:55,40950.0,200,Buy,231952423
2024-08-15 14:14:57,40900.0,2300,Sell,231952524
2024-08-15 14:14:59,40900.0,800,Sell,231952593
2024-08-15 14:15:00,40900.0,3800,Sell,231952630
2024-08-15 14:15:03,41000.0,500,Buy,231952752
2024-08-15 14:15:15,41000.0,500,Buy,231953237
2024-08-15 14:15:15,41000.0,200,Buy,231953302
2024-08-15 14:15:15,41000.0,5500,Buy,231953303
2024-08-15 14:15:23,41000.0,500,Buy,231953546
2024-08-15 14:15:24,41000.0,400,Buy,231953591
2024-08-15 14:15:25,40950.0,600,Sell,231953636
2024-08-15 14:15:50,41000.0,5700,Buy,231954291
2024-08-15 14:15:55,41000.0,500,Buy,231954451
2024-08-15 14:15:57,40950.0,100,Sell,231954509
2024-08-15 14:15:58,40950.0,400,Buy,231954523
2024-08-15 14:16:07,41000.0,500,Buy,231954751
2024-08-15 14:16:17,41000.0,500,Buy,231954995
2024-08-15 14:16:17,41000.0,400,Buy,231955024
2024-08-15 14:16:29,40950.0,500,Sell,231955344
2024-08-15 14:16:36,41000.0,1000,Buy,231955594
2024-08-15 14:16:36,41000.0,600,Buy,231955596
2024-08-15 14:16:36,41000.0,1100,Buy,231955592
2024-08-15 14:16:36,40950.0,100,Buy,231955591
2024-08-15 14:16:36,41000.0,1000,Buy,231955593
2024-08-15 14:16:36,41000.0,1900,Buy,231955595
2024-08-15 14:16:42,41000.0,500,Buy,231955812
2024-08-15 14:16:53,41000.0,500,Buy,231956182
2024-08-15 14:17:01,40900.0,500,Sell,231956447
2024-08-15 14:17:02,41000.0,300,Buy,231956480
2024-08-15 14:17:02,41000.0,200,Buy,231956481
2024-08-15 14:17:03,41000.0,400,Buy,231956495
2024-08-15 14:17:03,41000.0,100,Buy,231956492
2024-08-15 14:17:27,41000.0,100,Buy,231957212
2024-08-15 14:17:29,41000.0,500,Buy,231957280
2024-08-15 14:17:34,40900.0,600,Sell,231957399
2024-08-15 14:17:39,41000.0,3200,Buy,231957581
2024-08-15 14:17:39,41000.0,2500,Buy,231957580
2024-08-15 14:17:42,41000.0,500,Buy,231957679
2024-08-15 14:17:49,41000.0,100,Buy,231957908
2024-08-15 14:17:49,41000.0,100,Buy,231957909
2024-08-15 14:17:49,41000.0,300,Buy,231957910
2024-08-15 14:17:50,41000.0,400,Buy,231957925
2024-08-15 14:18:00,41000.0,1400,Buy,231958199
2024-08-15 14:18:06,40900.0,600,Sell,231958379
2024-08-15 14:18:15,41000.0,500,Buy,231958652
2024-08-15 14:18:27,41000.0,500,Buy,231958992
2024-08-15 14:18:35,41000.0,700,Buy,231959261
2024-08-15 14:18:35,41000.0,3800,Buy,231959262
2024-08-15 14:18:35,41000.0,500,Buy,231959263
2024-08-15 14:18:35,41100.0,300,Buy,231959264
2024-08-15 14:18:35,41100.0,400,Buy,231959265
2024-08-15 14:18:35,41100.0,500,Buy,231959285
2024-08-15 14:18:36,41100.0,400,Buy,231959339
2024-08-15 14:18:38,40900.0,500,Sell,231959409
2024-08-15 14:18:50,40950.0,900,Sell,231959832
2024-08-15 14:18:50,40950.0,1000,Sell,231959827
2024-08-15 14:19:10,40950.0,200,Sell,231960367
2024-08-15 14:19:10,41000.0,800,Buy,231960380
2024-08-15 14:19:10,40950.0,100,Sell,231960366
2024-08-15 14:19:10,40950.0,200,Buy,231960379
2024-08-15 14:19:20,41000.0,200,Buy,231960745
2024-08-15 14:19:20,41000.0,800,Buy,231960746
2024-08-15 14:19:27,41000.0,1000,Buy,231960960
2024-08-15 14:19:28,41000.0,800,Buy,231960979
2024-08-15 14:19:41,40900.0,600,Sell,231961325
2024-08-15 14:19:51,41000.0,1200,Buy,231961690
2024-08-15 14:19:51,41000.0,3800,Buy,231961692
2024-08-15 14:19:51,41050.0,200,Buy,231961693
2024-08-15 14:19:51,41000.0,500,Buy,231961691
2024-08-15 14:19:52,41000.0,500,Buy,231961781
2024-08-15 14:19:52,41000.0,500,Buy,231961782
2024-08-15 14:20:03,41000.0,1000,Buy,231962126
2024-08-15 14:20:11,41000.0,1000,Buy,231962357
2024-08-15 14:20:11,41000.0,800,Buy,231962376
2024-08-15 14:20:13,40950.0,500,Sell,231962430
2024-08-15 14:20:14,41000.0,100,Buy,231962437
2024-08-15 14:20:36,41000.0,600,Buy,231963078
2024-08-15 14:20:36,41000.0,400,Buy,231963077
2024-08-15 14:20:46,40950.0,800,Sell,231963506
2024-08-15 14:20:46,40950.0,500,Sell,231963494
2024-08-15 14:20:49,41000.0,1000,Buy,231963563
2024-08-15 14:20:57,41000.0,1000,Buy,231963775
2024-08-15 14:20:58,41000.0,800,Buy,231963784
2024-08-15 14:20:59,41000.0,400,Buy,231963818
2024-08-15 14:21:17,40950.0,500,Sell,231964326
2024-08-15 14:21:24,41000.0,1000,Buy,231964495
2024-08-15 14:21:35,41000.0,800,Buy,231964824
2024-08-15 14:21:35,41000.0,200,Buy,231964811
2024-08-15 14:21:42,41000.0,1000,Buy,231965032
2024-08-15 14:21:43,41000.0,800,Buy,231965053
2024-08-15 14:21:48,40950.0,500,Sell,231965223
2024-08-15 14:22:08,41000.0,1000,Buy,231965892
2024-08-15 14:22:09,41000.0,200,Buy,231965924
2024-08-15 14:22:09,41000.0,3800,Buy,231965925
2024-08-15 14:22:09,41000.0,1000,Buy,231965926
2024-08-15 14:22:14,41000.0,100,Buy,231966072
2024-08-15 14:22:20,40950.0,500,Sell,231966259
2024-08-15 14:22:20,41000.0,1000,Buy,231966260
2024-08-15 14:22:27,41000.0,1000,Buy,231966527
2024-08-15 14:22:28,41000.0,100,Buy,231966543
2024-08-15 14:22:28,41000.0,700,Buy,231966542
2024-08-15 14:22:50,40950.0,500,Sell,231967262
2024-08-15 14:23:05,41000.0,1000,Buy,231967686
2024-08-15 14:23:14,41000.0,1000,Buy,231967959
2024-08-15 14:23:20,40950.0,500,Sell,231968123
2024-08-15 14:23:20,40950.0,100,Sell,231968124
2024-08-15 14:23:23,41000.0,1000,Buy,231968166
2024-08-15 14:23:23,41000.0,700,Buy,231968180
2024-08-15 14:23:23,41000.0,100,Buy,231968181
2024-08-15 14:23:24,40950.0,400,Sell,231968195
2024-08-15 14:23:31,40950.0,700,Buy,231968398
2024-08-15 14:23:31,40950.0,600,Buy,231968396
2024-08-15 14:23:31,40950.0,3700,Buy,231968397
2024-08-15 14:23:49,40950.0,1000,Buy,231968988
2024-08-15 14:23:52,40950.0,500,Buy,231969075
2024-08-15 14:23:52,40900.0,500,Sell,231969093
2024-08-15 14:23:52,40900.0,100,Sell,231969094
2024-08-15 14:24:00,40950.0,1000,Buy,231969283
2024-08-15 14:24:09,40950.0,600,Buy,231969604
2024-08-15 14:24:09,40950.0,400,Buy,231969605
2024-08-15 14:24:10,40950.0,800,Buy,231969615
2024-08-15 14:24:19,40900.0,200,Sell,231969926
2024-08-15 14:24:25,40900.0,100,Sell,231970065
2024-08-15 14:24:25,40900.0,500,Sell,231970066
2024-08-15 14:24:35,40900.0,4500,Sell,231970385
2024-08-15 14:24:35,40900.0,500,Sell,231970391
2024-08-15 14:24:35,40900.0,100,Sell,231970390
2024-08-15 14:24:35,40900.0,400,Sell,231970392
2024-08-15 14:24:35,40900.0,1000,Sell,231970388
2024-08-15 14:24:35,40900.0,800,Sell,231970387
2024-08-15 14:24:35,40900.0,200,Sell,231970386
2024-08-15 14:24:35,40900.0,100,Sell,231970389
2024-08-15 14:24:36,40900.0,1000,Buy,231970406
2024-08-15 14:24:45,40900.0,1000,Buy,231970805
2024-08-15 14:24:45,40900.0,1000,Buy,231970807
2024-08-15 14:24:54,40900.0,1000,Buy,231971191
2024-08-15 14:24:55,40900.0,800,Buy,231971226
2024-08-15 14:24:57,40850.0,300,Sell,231971289
2024-08-15 14:24:57,40850.0,200,Sell,231971290
2024-08-15 14:25:05,40900.0,100,Buy,231971569
2024-08-15 14:25:13,40900.0,100,Buy,231971917
2024-08-15 14:25:22,40900.0,1000,Buy,231972247
2024-08-15 14:25:30,40850.0,400,Sell,231972548
2024-08-15 14:25:30,40850.0,100,Sell,231972547
2024-08-15 14:25:32,40900.0,1000,Buy,231972652
2024-08-15 14:25:39,40900.0,1000,Buy,231972951
2024-08-15 14:25:40,40900.0,800,Buy,231972970
2024-08-15 14:25:44,40850.0,100,Sell,231973144
2024-08-15 14:25:44,40850.0,200,Sell,231973151
2024-08-15 14:25:44,40850.0,100,Sell,231973150
2024-08-15 14:25:44,40850.0,500,Sell,231973149
2024-08-15 14:25:44,40850.0,100,Sell,231973152
2024-08-15 14:25:44,40850.0,600,Sell,231973147
2024-08-15 14:25:44,40850.0,100,Sell,231973146
2024-08-15 14:25:44,40850.0,100,Sell,231973145
2024-08-15 14:25:44,40850.0,100,Sell,231973148
2024-08-15 14:25:59,40850.0,100,Sell,231973762
2024-08-15 14:26:00,40850.0,600,Sell,231973828
2024-08-15 14:26:07,40900.0,100,Buy,231974136
2024-08-15 14:26:07,40900.0,900,Buy,231974137
2024-08-15 14:26:19,40900.0,1000,Buy,231974549
2024-08-15 14:26:26,40900.0,1000,Buy,231974833
2024-08-15 14:26:27,40900.0,800,Buy,231974887
2024-08-15 14:26:30,40850.0,100,Sell,231975035
2024-08-15 14:26:37,40850.0,1300,Sell,231975267
2024-08-15 14:26:37,40850.0,100,Sell,231975266
2024-08-15 14:26:37,40850.0,100,Sell,231975265
2024-08-15 14:26:44,40850.0,300,Sell,231975566
2024-08-15 14:26:45,40900.0,500,Buy,231975604
2024-08-15 14:26:45,40900.0,400,Buy,231975605
2024-08-15 14:26:45,40900.0,100,Buy,231975603
2024-08-15 14:26:53,40850.0,200,Sell,231975904
2024-08-15 14:26:57,40900.0,500,Buy,231976041
2024-08-15 14:27:03,40850.0,1400,Sell,231976454
2024-08-15 14:27:07,40900.0,500,Buy,231976638
2024-08-15 14:27:13,40900.0,500,Buy,231976872
2024-08-15 14:27:14,40900.0,400,Buy,231976917
2024-08-15 14:27:25,40850.0,200,Sell,231977321
2024-08-15 14:27:39,40900.0,500,Buy,231977890
2024-08-15 14:27:48,40850.0,2000,Sell,231978196
2024-08-15 14:27:49,40900.0,500,Buy,231978270
2024-08-15 14:27:56,40900.0,500,Buy,231978542
2024-08-15 14:27:57,40900.0,400,Buy,231978569
2024-08-15 14:28:21,40900.0,500,Buy,231979543
2024-08-15 14:28:38,40900.0,100,Buy,231980227
2024-08-15 14:28:38,40900.0,900,Buy,231980226
2024-08-15 14:28:38,40850.0,6700,Sell,231980199
2024-08-15 14:28:39,40850.0,1400,Sell,231980299
2024-08-15 14:28:39,40850.0,1200,Sell,231980313
2024-08-15 14:28:39,40850.0,2000,Sell,231980312
2024-08-15 14:28:39,40850.0,100,Sell,231980311
2024-08-15 14:28:39,40850.0,100,Sell,231980310
2024-08-15 14:28:39,40850.0,400,Sell,231980309
2024-08-15 14:28:39,40850.0,200,Sell,231980308
2024-08-15 14:28:39,40850.0,500,Sell,231980307
2024-08-15 14:28:39,40850.0,100,Sell,231980305
2024-08-15 14:28:39,40850.0,100,Sell,231980304
2024-08-15 14:28:39,40850.0,100,Sell,231980303
2024-08-15 14:28:39,40850.0,100,Sell,231980302
2024-08-15 14:28:39,40850.0,1000,Sell,231980301
2024-08-15 14:28:39,40850.0,100,Sell,231980300
2024-08-15 14:28:39,40850.0,200,Sell,231980306
2024-08-15 14:28:41,40850.0,500,Sell,231980506
2024-08-15 14:28:41,40850.0,100,Sell,231980505
2024-08-15 14:28:41,40850.0,100,Sell,231980504
2024-08-15 14:28:51,40850.0,1000,Buy,231981065
2024-08-15 14:28:51,40850.0,600,Buy,231981075
2024-08-15 14:28:51,40850.0,100,Buy,231981096
2024-08-15 14:28:55,40850.0,5000,Buy,231981370
2024-08-15 14:28:58,40850.0,200,Buy,231981536
2024-08-15 14:28:58,40850.0,300,Buy,231981537
2024-08-15 14:29:01,40850.0,1000,Buy,231981741
2024-08-15 14:29:02,40850.0,800,Buy,231981805
2024-08-15 14:29:04,40800.0,200,Sell,231981923
2024-08-15 14:29:17,40800.0,400,Sell,231982598
2024-08-15 14:29:17,40800.0,100,Sell,231982597
2024-08-15 14:29:17,40800.0,100,Sell,231982596
2024-08-15 14:29:17,40800.0,100,Sell,231982595
2024-08-15 14:29:17,40800.0,1000,Sell,231982594
2024-08-15 14:29:17,40800.0,100,Sell,231982593
2024-08-15 14:29:17,40800.0,500,Sell,231982588
2024-08-15 14:29:17,40800.0,1000,Sell,231982591
2024-08-15 14:29:17,40800.0,1000,Sell,231982590
2024-08-15 14:29:17,40800.0,200,Sell,231982589
2024-08-15 14:29:17,40800.0,2000,Sell,231982587
2024-08-15 14:29:17,40800.0,400,Sell,231982586
2024-08-15 14:29:17,40800.0,500,Sell,231982585
2024-08-15 14:29:17,40800.0,200,Sell,231982592
2024-08-15 14:29:18,40800.0,100,Sell,231982739
2024-08-15 14:29:18,40800.0,100,Sell,231982740
2024-08-15 14:29:18,40800.0,500,Sell,231982741
2024-08-15 14:29:18,40800.0,600,Sell,231982742
2024-08-15 14:29:18,40800.0,300,Sell,231982743
2024-08-15 14:29:18,40800.0,700,Sell,231982745
2024-08-15 14:29:18,40800.0,100,Sell,231982746
2024-08-15 14:29:18,40800.0,200,Sell,231982747
2024-08-15 14:29:18,40800.0,200,Sell,231982758
2024-08-15 14:29:18,40800.0,100,Sell,231982749
2024-08-15 14:29:18,40800.0,400,Sell,231982750
2024-08-15 14:29:18,40800.0,100,Sell,231982759
2024-08-15 14:29:18,40800.0,100,Sell,231982760
2024-08-15 14:29:18,40800.0,300,Sell,231982761
2024-08-15 14:29:18,40800.0,1000,Sell,231982762
2024-08-15 14:29:18,40800.0,100,Sell,231982763
2024-08-15 14:29:18,40800.0,500,Sell,231982738
2024-08-15 14:29:18,40800.0,200,Sell,231982748
2024-08-15 14:29:18,40800.0,200,Sell,231982737
2024-08-15 14:29:18,40800.0,600,Sell,231982679
2024-08-15 14:29:18,40800.0,1000,Sell,231982735
2024-08-15 14:29:18,40850.0,100,Buy,231982675
2024-08-15 14:29:18,40800.0,200,Sell,231982680
2024-08-15 14:29:18,40800.0,100,Sell,231982681
2024-08-15 14:29:18,40800.0,100,Sell,231982682
2024-08-15 14:29:18,40800.0,100,Sell,231982683
2024-08-15 14:29:18,40800.0,100,Sell,231982684
2024-08-15 14:29:18,40800.0,100,Sell,231982685
2024-08-15 14:29:18,40800.0,200,Sell,231982736
2024-08-15 14:29:18,40800.0,100,Sell,231982687
2024-08-15 14:29:18,40800.0,100,Sell,231982686
2024-08-15 14:29:18,40800.0,200,Sell,231982689
2024-08-15 14:29:18,40800.0,300,Sell,231982690
2024-08-15 14:29:18,40800.0,100,Sell,231982691
2024-08-15 14:29:18,40800.0,100,Sell,231982692
2024-08-15 14:29:18,40800.0,500,Sell,231982693
2024-08-15 14:29:18,40800.0,2600,Sell,231982694
2024-08-15 14:29:18,40800.0,100,Sell,231982733
2024-08-15 14:29:18,40800.0,500,Sell,231982734
2024-08-15 14:29:18,40800.0,200,Sell,231982688
2024-08-15 14:29:31,40900.0,200,Buy,231983364
2024-08-15 14:29:31,40950.0,500,Buy,231983365
2024-08-15 14:29:31,41000.0,300,Buy,231983366
2024-08-15 14:44:38,40800.0,144500,ATO/ATC,231984344
