time,price,volume,match_type,id
2024-08-16 09:14:37,40900.0,7100,ATO/ATC,231987745
2024-08-16 09:14:49,41000.0,100,Buy,231988014
2024-08-16 09:14:57,41000.0,100,Buy,231988116
2024-08-16 09:15:04,41000.0,100,Buy,231988226
2024-08-16 09:15:05,41000.0,100,Buy,231988238
2024-08-16 09:15:11,41000.0,200,Buy,231988313
2024-08-16 09:15:21,41000.0,700,Buy,231988493
2024-08-16 09:15:21,41000.0,100,Buy,231988494
2024-08-16 09:15:21,41000.0,200,Buy,231988492
2024-08-16 09:15:24,41000.0,400,Buy,231988527
2024-08-16 09:15:24,41000.0,300,Buy,231988528
2024-08-16 09:15:29,41000.0,700,Buy,231988609
2024-08-16 09:15:50,41100.0,300,Sell,231988984
2024-08-16 09:15:51,41100.0,400,Sell,231988998
2024-08-16 09:15:52,41150.0,100,Buy,231989010
2024-08-16 09:15:52,41150.0,100,Buy,231989011
2024-08-16 09:15:52,41150.0,1000,Buy,231989012
2024-08-16 09:16:24,41150.0,500,Sell,231989643
2024-08-16 09:16:30,41150.0,300,Sell,231989809
2024-08-16 09:16:58,41150.0,500,Buy,231990466
2024-08-16 09:17:10,41150.0,200,Buy,231990715
2024-08-16 09:17:58,41100.0,100,Sell,231991932
2024-08-16 09:18:07,41150.0,200,Buy,231992122
2024-08-16 09:18:12,41100.0,100,Sell,231992222
2024-08-16 09:18:40,41100.0,100,Sell,231992801
2024-08-16 09:18:40,41100.0,1000,Sell,231992802
2024-08-16 09:19:04,41100.0,200,Buy,231993217
2024-08-16 09:19:12,41100.0,100,Buy,231993353
2024-08-16 09:19:12,41100.0,400,Buy,231993362
2024-08-16 09:20:16,41100.0,500,Buy,231994728
2024-08-16 09:20:19,41100.0,1000,Buy,231994812
2024-08-16 09:20:43,41100.0,1000,Buy,231995340
2024-08-16 09:20:49,41000.0,100,Sell,231995409
2024-08-16 09:21:30,41000.0,400,Sell,231996178
2024-08-16 09:21:30,41050.0,100,Sell,231996177
2024-08-16 09:21:57,41000.0,200,Sell,231996686
2024-08-16 09:22:56,41000.0,100,Sell,231997627
2024-08-16 09:23:34,41000.0,7100,Sell,231998199
2024-08-16 09:23:34,41000.0,5700,Sell,231998200
2024-08-16 09:23:34,41000.0,300,Sell,231998201
2024-08-16 09:23:34,41000.0,100,Sell,231998202
2024-08-16 09:23:34,41000.0,500,Sell,231998203
2024-08-16 09:23:34,41000.0,200,Sell,231998204
2024-08-16 09:23:34,41000.0,100,Sell,231998205
2024-08-16 09:23:34,41000.0,500,Sell,231998206
2024-08-16 09:24:15,41000.0,1400,Buy,231999037
2024-08-16 09:24:32,41000.0,100,Buy,231999377
2024-08-16 09:25:17,40950.0,1000,Sell,232000195
2024-08-16 09:25:17,40950.0,2000,Sell,232000196
2024-08-16 09:25:37,40950.0,900,Sell,232000522
2024-08-16 09:25:37,40950.0,100,Sell,232000521
2024-08-16 09:25:37,40950.0,500,Sell,232000520
2024-08-16 09:25:41,40950.0,1100,Sell,232000580
2024-08-16 09:25:41,40950.0,500,Sell,232000581
2024-08-16 09:25:56,40950.0,3400,Buy,232000812
2024-08-16 09:25:56,41000.0,4000,Buy,232000813
2024-08-16 09:25:56,41000.0,2000,Buy,232000814
2024-08-16 09:25:56,41000.0,5000,Buy,232000815
2024-08-16 09:25:56,41000.0,100,Buy,232000816
2024-08-16 09:26:27,41000.0,5000,Sell,232001387
2024-08-16 09:27:00,41000.0,100,Sell,232001888
2024-08-16 09:27:23,41000.0,400,Sell,232002232
2024-08-16 09:28:08,40950.0,100,Sell,232003065
2024-08-16 09:28:09,41000.0,100,Buy,232003086
2024-08-16 09:28:44,41000.0,300,Buy,232003755
2024-08-16 09:29:13,41000.0,100,Buy,232004280
2024-08-16 09:29:17,41000.0,19900,Buy,232004340
2024-08-16 09:30:37,41000.0,300,Sell,232005659
2024-08-16 09:30:42,41000.0,2500,Sell,232005738
2024-08-16 09:31:07,41000.0,100,Sell,232006105
2024-08-16 09:32:43,41000.0,7000,Sell,232007658
2024-08-16 09:33:59,41000.0,200,Sell,232009158
2024-08-16 09:33:59,41000.0,700,Sell,232009159
2024-08-16 09:36:03,41050.0,100,Buy,232012166
2024-08-16 09:36:03,41050.0,100,Buy,232012167
2024-08-16 09:36:03,41050.0,4500,Buy,232012168
2024-08-16 09:36:03,41050.0,100,Buy,232012169
2024-08-16 09:36:03,41100.0,700,Buy,232012170
2024-08-16 09:36:03,41100.0,100,Buy,232012171
2024-08-16 09:37:28,41100.0,100,Buy,232014453
2024-08-16 09:37:43,41100.0,200,Buy,232014839
2024-08-16 09:40:27,41050.0,100,Buy,232021655
2024-08-16 09:40:32,41050.0,1800,Sell,232021939
2024-08-16 09:40:37,41100.0,800,Buy,232022142
2024-08-16 09:40:37,41100.0,100,Buy,232022143
2024-08-16 09:40:37,41100.0,100,Buy,232022144
2024-08-16 09:40:37,41100.0,100,Buy,232022145
2024-08-16 09:40:37,41100.0,200,Buy,232022146
2024-08-16 09:40:37,41100.0,100,Buy,232022147
2024-08-16 09:40:37,41100.0,300,Buy,232022148
2024-08-16 09:40:37,41100.0,300,Buy,232022149
2024-08-16 09:40:59,41100.0,300,Buy,232023330
2024-08-16 09:41:58,41100.0,100,Buy,232025699
2024-08-16 09:42:00,41100.0,100,Buy,232025796
2024-08-16 09:42:09,41050.0,100,Sell,232026235
2024-08-16 09:42:14,41050.0,3000,Sell,232026491
2024-08-16 09:42:24,41050.0,100,Sell,232026982
2024-08-16 09:42:56,41100.0,200,Buy,232028390
2024-08-16 09:43:10,41050.0,400,Sell,232028928
2024-08-16 09:43:10,41050.0,100,Sell,232028929
2024-08-16 09:43:10,41050.0,100,Sell,232028930
2024-08-16 09:43:10,41050.0,200,Sell,232028931
2024-08-16 09:43:10,41050.0,100,Sell,232028932
2024-08-16 09:43:50,41050.0,100,Buy,232030645
2024-08-16 09:44:48,41050.0,1000,Buy,232032745
2024-08-16 09:44:48,41050.0,100,Buy,232032746
2024-08-16 09:44:48,41050.0,200,Buy,232032747
2024-08-16 09:44:57,41000.0,200,Sell,232032998
2024-08-16 09:46:32,41050.0,500,Buy,232035612
2024-08-16 09:47:12,41050.0,100,Buy,232036638
2024-08-16 09:47:18,41000.0,400,Sell,232036776
2024-08-16 09:47:18,41000.0,100,Sell,232036775
2024-08-16 09:47:30,41050.0,500,Buy,232037015
2024-08-16 09:47:30,41050.0,2500,Buy,232037016
2024-08-16 09:48:17,41050.0,300,Buy,232038218
2024-08-16 09:48:17,41050.0,300,Buy,232038219
2024-08-16 09:48:25,41050.0,200,Sell,232038395
2024-08-16 09:48:29,41100.0,100,Buy,232038501
2024-08-16 09:48:29,41100.0,100,Buy,232038502
2024-08-16 09:50:56,41100.0,300,Buy,232042133
2024-08-16 09:50:56,41100.0,100,Buy,232042134
2024-08-16 09:50:56,41100.0,100,Buy,232042135
2024-08-16 09:52:55,41050.0,200,Sell,232045051
2024-08-16 09:52:55,41050.0,700,Sell,232045049
2024-08-16 09:52:55,41050.0,100,Sell,232045050
2024-08-16 09:53:46,41050.0,2000,Buy,232046339
2024-08-16 09:54:59,41050.0,200,Sell,232048310
2024-08-16 09:55:18,41050.0,100,Buy,232048752
2024-08-16 09:56:18,41050.0,200,Buy,232049805
2024-08-16 09:56:23,41050.0,700,Buy,232049895
2024-08-16 09:56:30,41050.0,800,Buy,232050075
2024-08-16 09:57:42,41050.0,200,Sell,232051491
2024-08-16 09:59:12,41050.0,1000,Sell,232053111
2024-08-16 09:59:12,41050.0,20000,Sell,232053112
2024-08-16 09:59:12,41050.0,9200,Sell,232053113
2024-08-16 09:59:13,41050.0,100,Buy,232053121
2024-08-16 10:00:18,41050.0,200,Buy,232054637
2024-08-16 10:02:09,41050.0,100,Buy,232057100
2024-08-16 10:02:56,41000.0,100,Sell,232058719
2024-08-16 10:04:13,41050.0,100,Buy,232060343
2024-08-16 10:04:30,41050.0,200,Buy,232060742
2024-08-16 10:04:32,41000.0,1800,Sell,232060778
2024-08-16 10:05:22,41000.0,100,Sell,232062349
2024-08-16 10:05:43,41050.0,100,Buy,232062738
2024-08-16 10:05:49,41000.0,200,Sell,232062916
2024-08-16 10:05:49,41000.0,400,Sell,232062915
2024-08-16 10:05:49,41000.0,2800,Sell,232062911
2024-08-16 10:05:49,41000.0,200,Sell,232062912
2024-08-16 10:05:49,41000.0,200,Sell,232062910
2024-08-16 10:05:49,41000.0,200,Sell,232062914
2024-08-16 10:05:49,41000.0,500,Sell,232062908
2024-08-16 10:05:49,41000.0,500,Sell,232062909
2024-08-16 10:05:49,41000.0,1100,Sell,232062903
2024-08-16 10:05:49,41000.0,100,Sell,232062904
2024-08-16 10:05:49,41000.0,200,Sell,232062913
2024-08-16 10:05:49,41000.0,200,Sell,232062906
2024-08-16 10:05:49,41000.0,500,Sell,232062907
2024-08-16 10:05:49,41000.0,400,Sell,232062905
2024-08-16 10:06:03,41000.0,100,Sell,232063199
2024-08-16 10:06:03,41000.0,100,Sell,232063200
2024-08-16 10:06:25,41000.0,100,Buy,232063695
2024-08-16 10:06:50,41000.0,300,Buy,232064351
2024-08-16 10:07:05,41000.0,100,Sell,232064676
2024-08-16 10:07:35,41000.0,100,Buy,232065468
2024-08-16 10:08:06,41000.0,100,Buy,232066426
2024-08-16 10:09:02,41000.0,1000,Sell,232067806
2024-08-16 10:10:41,40950.0,2300,Sell,232071059
2024-08-16 10:11:44,40950.0,1500,Sell,232073290
2024-08-16 10:11:44,40950.0,700,Sell,232073288
2024-08-16 10:11:44,40950.0,100,Sell,232073289
2024-08-16 10:12:14,40950.0,800,Sell,232074316
2024-08-16 10:12:14,40950.0,1100,Sell,232074317
2024-08-16 10:12:14,40950.0,500,Sell,232074318
2024-08-16 10:12:14,40950.0,2800,Sell,232074319
2024-08-16 10:12:14,40950.0,1500,Sell,232074320
2024-08-16 10:12:14,40950.0,100,Sell,232074321
2024-08-16 10:12:14,40950.0,1100,Sell,232074322
2024-08-16 10:12:14,40950.0,200,Sell,232074323
2024-08-16 10:12:14,40950.0,200,Sell,232074324
2024-08-16 10:12:14,40950.0,500,Sell,232074325
2024-08-16 10:12:45,40950.0,1000,Buy,232075174
2024-08-16 10:12:48,40950.0,100,Buy,232075265
2024-08-16 10:13:01,40950.0,100,Buy,232075720
2024-08-16 10:13:21,41000.0,100,Buy,232076477
2024-08-16 10:14:15,41000.0,200,Buy,232078822
2024-08-16 10:14:15,41000.0,100,Buy,232078823
2024-08-16 10:14:15,41000.0,700,Buy,232078824
2024-08-16 10:14:15,41000.0,900,Buy,232078821
2024-08-16 10:14:44,40950.0,300,Sell,232080134
2024-08-16 10:15:19,41000.0,1900,Buy,232082060
2024-08-16 10:15:44,40950.0,100,Sell,232083428
2024-08-16 10:15:44,40950.0,100,Sell,232083429
2024-08-16 10:16:18,41000.0,1000,Buy,232085128
2024-08-16 10:16:28,41000.0,200,Buy,232085677
2024-08-16 10:16:54,41000.0,500,Buy,232087103
2024-08-16 10:17:16,41000.0,700,Buy,232088454
2024-08-16 10:17:16,41000.0,700,Buy,232088455
2024-08-16 10:17:16,41000.0,500,Buy,232088456
2024-08-16 10:17:32,41000.0,5000,Buy,232089463
2024-08-16 10:17:32,41000.0,100,Buy,232089462
2024-08-16 10:17:33,41000.0,2300,Sell,232089568
2024-08-16 10:17:41,41000.0,15600,Sell,232090111
2024-08-16 10:17:56,41000.0,2000,Sell,232090863
2024-08-16 10:17:56,41000.0,300,Sell,232090864
2024-08-16 10:18:15,41000.0,2300,Sell,232092277
2024-08-16 10:18:54,41000.0,2300,Sell,232094955
2024-08-16 10:19:13,41000.0,2300,Sell,232096080
2024-08-16 10:19:25,41000.0,600,Sell,232096879
2024-08-16 10:20:23,41000.0,2200,Sell,232100892
2024-08-16 10:20:23,41000.0,100,Sell,232100893
2024-08-16 10:20:37,41000.0,100,Sell,232101740
2024-08-16 10:20:37,41000.0,100,Sell,232101741
2024-08-16 10:20:37,41000.0,300,Sell,232101742
2024-08-16 10:20:44,41000.0,500,Sell,232102220
2024-08-16 10:20:44,41000.0,700,Sell,232102217
2024-08-16 10:20:44,41000.0,100,Sell,232102218
2024-08-16 10:20:44,41000.0,1000,Sell,232102219
2024-08-16 10:20:46,41000.0,400,Sell,232102394
2024-08-16 10:20:46,41000.0,100,Sell,232102395
2024-08-16 10:20:54,41000.0,300,Sell,232102872
2024-08-16 10:20:54,41000.0,100,Sell,232102873
2024-08-16 10:21:31,41000.0,900,Sell,232105722
2024-08-16 10:21:31,41000.0,1000,Sell,232105737
2024-08-16 10:21:31,41000.0,3800,Sell,232105738
2024-08-16 10:21:39,41050.0,100,Buy,232106213
2024-08-16 10:21:59,41000.0,100,Sell,232107726
2024-08-16 10:22:10,41050.0,200,Buy,232108678
2024-08-16 10:22:13,41000.0,500,Sell,232108911
2024-08-16 10:22:37,41000.0,1300,Sell,232110392
2024-08-16 10:22:39,41050.0,100,Buy,232110527
2024-08-16 10:23:05,41050.0,100,Buy,232112386
2024-08-16 10:23:10,41050.0,100,Buy,232112892
2024-08-16 10:23:19,41050.0,100,Buy,232113804
2024-08-16 10:23:36,41050.0,100,Buy,232114912
2024-08-16 10:23:59,41000.0,400,Sell,232116544
2024-08-16 10:24:04,41050.0,500,Buy,232116854
2024-08-16 10:24:20,41050.0,100,Buy,232117891
2024-08-16 10:24:21,41000.0,1000,Sell,232117971
2024-08-16 10:24:27,41000.0,100,Sell,232118329
2024-08-16 10:24:40,41050.0,100,Buy,232119246
2024-08-16 10:24:40,41050.0,1000,Buy,232119247
2024-08-16 10:24:40,41050.0,2000,Buy,232119245
2024-08-16 10:24:40,41050.0,300,Buy,232119243
2024-08-16 10:24:40,41050.0,1200,Buy,232119241
2024-08-16 10:24:40,41050.0,4500,Buy,232119242
2024-08-16 10:24:40,41050.0,900,Buy,232119244
2024-08-16 10:25:04,41050.0,400,Buy,232121133
2024-08-16 10:25:14,41050.0,100,Buy,232121894
2024-08-16 10:25:27,41050.0,200,Buy,232122941
2024-08-16 10:25:28,41050.0,600,Buy,232123033
2024-08-16 10:25:33,41050.0,500,Buy,232123269
2024-08-16 10:26:07,41050.0,200,Buy,232126128
2024-08-16 10:26:07,41050.0,300,Buy,232126129
2024-08-16 10:26:07,41050.0,200,Buy,232126130
2024-08-16 10:26:07,41050.0,1000,Buy,232126139
2024-08-16 10:26:20,41000.0,1900,Sell,232127235
2024-08-16 10:26:28,41000.0,1200,Sell,232127852
2024-08-16 10:26:28,41000.0,1000,Sell,232127851
2024-08-16 10:26:28,41000.0,1500,Sell,232127850
2024-08-16 10:26:33,41000.0,100,Sell,232128229
2024-08-16 10:26:33,41000.0,2000,Sell,232128230
2024-08-16 10:26:33,41000.0,100,Sell,232128231
2024-08-16 10:26:33,41000.0,3500,Sell,232128232
2024-08-16 10:26:51,41050.0,4400,Buy,232129398
2024-08-16 10:26:51,41050.0,300,Buy,232129399
2024-08-16 10:26:51,41050.0,300,Buy,232129400
2024-08-16 10:27:32,41050.0,100,Buy,232131995
2024-08-16 10:27:32,41050.0,800,Buy,232131996
2024-08-16 10:27:47,41000.0,3700,Sell,232132931
2024-08-16 10:28:05,41000.0,100,Sell,232134384
2024-08-16 10:28:05,41000.0,300,Sell,232134385
2024-08-16 10:28:05,41000.0,500,Sell,232134382
2024-08-16 10:28:05,41000.0,2800,Sell,232134381
2024-08-16 10:28:05,41000.0,100,Sell,232134383
2024-08-16 10:28:12,41000.0,1700,Sell,232134985
2024-08-16 10:28:12,41000.0,200,Sell,232134986
2024-08-16 10:28:12,41000.0,3800,Sell,232134987
2024-08-16 10:28:46,41000.0,100,Sell,232136823
2024-08-16 10:28:50,41000.0,3000,Sell,232137085
2024-08-16 10:28:50,41000.0,500,Sell,232137084
2024-08-16 10:28:50,41000.0,800,Sell,232137083
2024-08-16 10:28:50,41000.0,300,Sell,232137082
2024-08-16 10:28:50,41000.0,1100,Sell,232137081
2024-08-16 10:29:29,41050.0,200,Buy,232139260
2024-08-16 10:29:48,41050.0,1000,Buy,232140215
2024-08-16 10:30:39,41000.0,9600,Sell,232143006
2024-08-16 10:30:39,41000.0,100,Sell,232143005
2024-08-16 10:30:39,41000.0,500,Sell,232143004
2024-08-16 10:30:39,41000.0,100,Sell,232143003
2024-08-16 10:30:39,41000.0,1000,Sell,232143000
2024-08-16 10:30:39,41000.0,200,Sell,232143001
2024-08-16 10:30:39,41000.0,1300,Sell,232142999
2024-08-16 10:30:39,41000.0,7000,Sell,232142998
2024-08-16 10:30:39,41000.0,200,Sell,232143002
2024-08-16 10:30:51,41000.0,400,Sell,232143801
2024-08-16 10:30:51,41000.0,100,Sell,232143802
2024-08-16 10:30:51,41000.0,800,Sell,232143803
2024-08-16 10:30:54,41000.0,1700,Sell,232143959
2024-08-16 10:30:54,41000.0,300,Sell,232143960
2024-08-16 10:30:57,41000.0,400,Sell,232144067
2024-08-16 10:31:05,41000.0,900,Sell,232144607
2024-08-16 10:31:05,41000.0,100,Sell,232144606
2024-08-16 10:31:05,41000.0,1000,Sell,232144605
2024-08-16 10:31:05,41000.0,500,Sell,232144601
2024-08-16 10:31:05,41000.0,100,Sell,232144603
2024-08-16 10:31:05,41000.0,500,Sell,232144600
2024-08-16 10:31:05,41000.0,100,Sell,232144604
2024-08-16 10:31:05,41000.0,200,Sell,232144602
2024-08-16 10:31:06,41000.0,600,Buy,232144649
2024-08-16 10:31:06,41050.0,3700,Buy,232144650
2024-08-16 10:31:06,41050.0,1100,Buy,232144651
2024-08-16 10:31:06,41050.0,1100,Buy,232144652
2024-08-16 10:31:06,41050.0,3400,Buy,232144653
2024-08-16 10:31:26,41050.0,5700,Buy,232145959
2024-08-16 10:31:26,41050.0,400,Buy,232145960
2024-08-16 10:31:26,41050.0,1500,Buy,232145957
2024-08-16 10:31:26,41050.0,2300,Buy,232145956
2024-08-16 10:31:26,41050.0,5700,Buy,232145958
2024-08-16 10:31:37,41050.0,1700,Sell,232146738
2024-08-16 10:32:09,41050.0,2700,Sell,232148531
2024-08-16 10:32:10,41000.0,200,Sell,232148581
2024-08-16 10:32:10,41000.0,900,Sell,232148582
2024-08-16 10:33:04,41000.0,200,Sell,232151092
2024-08-16 10:33:04,41000.0,2500,Sell,232151093
2024-08-16 10:33:04,41000.0,100,Sell,232151094
2024-08-16 10:33:04,41000.0,200,Sell,232151095
2024-08-16 10:33:10,41000.0,4800,Sell,232151466
2024-08-16 10:33:10,41000.0,200,Sell,232151467
2024-08-16 10:33:10,41000.0,100,Sell,232151468
2024-08-16 10:33:11,41000.0,500,Buy,232151532
2024-08-16 10:33:24,41000.0,200,Buy,232152083
2024-08-16 10:33:24,41000.0,100,Buy,232152082
2024-08-16 10:33:30,41000.0,100,Sell,232152476
2024-08-16 10:33:50,41000.0,100,Buy,232153348
2024-08-16 10:33:53,40950.0,5700,Sell,232153477
2024-08-16 10:34:12,40950.0,1300,Sell,232154336
2024-08-16 10:34:12,40950.0,500,Sell,232154337
2024-08-16 10:34:12,40950.0,500,Sell,232154338
2024-08-16 10:34:12,40950.0,100,Sell,232154339
2024-08-16 10:34:12,40950.0,300,Sell,232154340
2024-08-16 10:34:12,40950.0,1000,Sell,232154341
2024-08-16 10:34:12,40950.0,1000,Sell,232154342
2024-08-16 10:34:12,40950.0,100,Sell,232154343
2024-08-16 10:34:12,40950.0,300,Sell,232154344
2024-08-16 10:34:19,40950.0,400,Buy,232154710
2024-08-16 10:34:20,40950.0,200,Buy,232154722
2024-08-16 10:34:25,40950.0,300,Sell,232154946
2024-08-16 10:34:34,40900.0,100,Sell,232155412
2024-08-16 10:34:34,40900.0,5000,Sell,232155413
2024-08-16 10:34:34,40900.0,600,Sell,232155414
2024-08-16 10:34:53,40950.0,3100,Buy,232156277
2024-08-16 10:34:54,40950.0,400,Buy,232156280
2024-08-16 10:34:56,40950.0,5700,Sell,232156378
2024-08-16 10:36:06,40950.0,800,Sell,232158920
2024-08-16 10:36:06,40950.0,100,Sell,232158921
2024-08-16 10:36:06,40950.0,200,Sell,232158922
2024-08-16 10:36:44,40950.0,100,Sell,232160380
2024-08-16 10:36:44,40950.0,500,Sell,232160377
2024-08-16 10:36:44,40950.0,100,Sell,232160379
2024-08-16 10:36:44,40950.0,1100,Sell,232160378
2024-08-16 10:36:44,40950.0,1200,Sell,232160374
2024-08-16 10:36:44,40950.0,1700,Sell,232160376
2024-08-16 10:36:44,40950.0,1000,Sell,232160375
2024-08-16 10:36:52,41000.0,400,Buy,232160686
2024-08-16 10:37:04,41000.0,1000,Buy,232161036
2024-08-16 10:37:20,41000.0,6900,Buy,232161497
2024-08-16 10:37:20,41000.0,1100,Buy,232161498
2024-08-16 10:37:26,41000.0,800,Sell,232161741
2024-08-16 10:37:26,40950.0,4900,Sell,232161742
2024-08-16 10:38:01,40950.0,5700,Sell,232162990
2024-08-16 10:39:06,40950.0,4300,Sell,232164880
2024-08-16 10:39:06,40950.0,5000,Sell,232164881
2024-08-16 10:39:06,40950.0,100,Sell,232164882
2024-08-16 10:39:06,40950.0,300,Sell,232164883
2024-08-16 10:39:06,40950.0,300,Sell,232164884
2024-08-16 10:39:33,40950.0,1900,Sell,232165688
2024-08-16 10:39:33,40950.0,1800,Sell,232165687
2024-08-16 10:39:34,40900.0,100,Sell,232165723
2024-08-16 10:39:34,40900.0,500,Sell,232165724
2024-08-16 10:39:34,40900.0,1400,Sell,232165722
2024-08-16 10:39:50,40950.0,5700,Sell,232166164
2024-08-16 10:40:01,41000.0,500,Buy,232166500
2024-08-16 10:41:11,40950.0,2000,Sell,232168776
2024-08-16 10:41:34,41000.0,300,Buy,232169421
2024-08-16 10:42:12,41000.0,800,Buy,232170489
2024-08-16 10:42:30,41000.0,400,Buy,232170885
2024-08-16 10:43:52,41000.0,300,Buy,232172802
2024-08-16 10:44:09,41000.0,2000,Buy,232173209
2024-08-16 10:44:26,41000.0,400,Buy,232173574
2024-08-16 10:44:26,41000.0,100,Buy,232173573
2024-08-16 10:44:26,41000.0,200,Buy,232173571
2024-08-16 10:44:26,41000.0,200,Buy,232173572
2024-08-16 10:44:46,41000.0,1000,Sell,232174040
2024-08-16 10:44:49,41000.0,200,Sell,232174103
2024-08-16 10:44:51,41000.0,1700,Sell,232174141
2024-08-16 10:44:51,41000.0,1900,Sell,232174142
2024-08-16 10:44:51,40950.0,2300,Sell,232174143
2024-08-16 10:44:51,40950.0,500,Sell,232174144
2024-08-16 10:44:51,40950.0,200,Sell,232174145
2024-08-16 10:44:51,40950.0,100,Sell,232174146
2024-08-16 10:44:51,40950.0,1000,Sell,232174147
2024-08-16 10:44:51,40950.0,500,Sell,232174148
2024-08-16 10:44:51,40950.0,600,Sell,232174149
2024-08-16 10:44:51,40950.0,200,Sell,232174150
2024-08-16 10:45:20,41000.0,100,Buy,232174804
2024-08-16 10:45:32,41000.0,100,Buy,232175079
2024-08-16 10:45:41,41000.0,400,Buy,232175310
2024-08-16 10:46:08,40950.0,100,Sell,232176098
2024-08-16 10:46:13,41000.0,400,Buy,232176235
2024-08-16 10:46:13,41000.0,100,Buy,232176236
2024-08-16 10:46:48,41000.0,400,Buy,232176974
2024-08-16 10:46:48,41000.0,200,Buy,232176975
2024-08-16 10:47:10,41000.0,10000,Sell,232177436
2024-08-16 10:47:42,41000.0,200,Sell,232178139
2024-08-16 10:48:02,41000.0,500,Sell,232178571
2024-08-16 10:48:07,41000.0,100,Sell,232178671
2024-08-16 10:48:45,40950.0,17900,Sell,232179647
2024-08-16 10:48:45,41000.0,1000,Sell,232179646
2024-08-16 10:48:45,41000.0,100,Sell,232179644
2024-08-16 10:48:45,41000.0,1000,Sell,232179645
2024-08-16 10:49:04,40950.0,500,Sell,232180096
2024-08-16 10:49:41,41000.0,300,Sell,232181644
2024-08-16 10:50:17,41000.0,200,Sell,232182765
2024-08-16 10:50:50,41000.0,4500,Sell,232184106
2024-08-16 10:50:50,41000.0,200,Sell,232184107
2024-08-16 10:50:50,41000.0,500,Sell,232184108
2024-08-16 10:50:50,41000.0,24800,Sell,232184109
2024-08-16 10:50:54,41050.0,100,Buy,232184197
2024-08-16 10:51:20,41050.0,2900,Buy,232185797
2024-08-16 10:51:20,41050.0,2400,Buy,232185798
2024-08-16 10:51:37,41050.0,100,Buy,232186479
2024-08-16 10:51:48,41000.0,1000,Sell,232187032
2024-08-16 10:52:23,41050.0,300,Buy,232188613
2024-08-16 10:53:23,41000.0,3500,Sell,232191522
2024-08-16 10:53:29,41000.0,700,Sell,232191745
2024-08-16 10:53:29,41000.0,1000,Sell,232191746
2024-08-16 10:53:29,41000.0,500,Sell,232191747
2024-08-16 10:53:29,41000.0,2000,Sell,232191748
2024-08-16 10:53:29,41000.0,15800,Sell,232191749
2024-08-16 10:55:39,41000.0,200,Sell,232198982
2024-08-16 10:55:39,41000.0,100,Sell,232198984
2024-08-16 10:55:39,41000.0,300,Sell,232198983
2024-08-16 10:55:39,41000.0,100,Sell,232198981
2024-08-16 10:55:39,41000.0,1400,Sell,232198985
2024-08-16 10:55:39,41000.0,1000,Sell,232198979
2024-08-16 10:55:39,41000.0,4200,Sell,232198976
2024-08-16 10:55:39,41000.0,100,Sell,232198980
2024-08-16 10:55:39,41000.0,500,Sell,232198978
2024-08-16 10:55:39,41000.0,100,Sell,232198977
2024-08-16 10:55:53,41000.0,600,Sell,232199822
2024-08-16 10:55:53,41000.0,400,Sell,232199823
2024-08-16 10:56:38,41000.0,200,Sell,232202588
2024-08-16 10:56:38,41000.0,600,Sell,232202589
2024-08-16 10:56:38,41000.0,100,Sell,232202591
2024-08-16 10:56:38,41000.0,700,Sell,232202592
2024-08-16 10:56:38,41000.0,100,Sell,232202593
2024-08-16 10:56:38,41000.0,200,Sell,232202594
2024-08-16 10:56:38,41000.0,200,Sell,232202595
2024-08-16 10:56:38,41000.0,500,Sell,232202590
2024-08-16 10:56:50,41000.0,500,Buy,232203352
2024-08-16 10:56:51,41000.0,1300,Buy,232203367
2024-08-16 10:56:52,41000.0,600,Buy,232203426
2024-08-16 10:56:52,41050.0,400,Buy,232203427
2024-08-16 10:57:27,41050.0,2600,Buy,232205516
2024-08-16 10:57:27,41050.0,400,Buy,232205517
2024-08-16 10:57:35,41050.0,4100,Buy,232205980
2024-08-16 10:57:35,41050.0,1000,Buy,232205981
2024-08-16 10:57:35,41050.0,500,Buy,232205982
2024-08-16 10:57:35,41050.0,100,Buy,232205983
2024-08-16 10:57:35,41050.0,4300,Buy,232205984
2024-08-16 10:57:38,41050.0,200,Buy,232206152
2024-08-16 10:57:38,41050.0,200,Buy,232206153
2024-08-16 10:57:38,41050.0,400,Buy,232206154
2024-08-16 10:57:38,41050.0,2000,Buy,232206155
2024-08-16 10:58:15,41050.0,400,Sell,232208075
2024-08-16 10:58:15,41050.0,100,Sell,232208076
2024-08-16 10:58:31,41050.0,100,Sell,232208967
2024-08-16 10:58:40,41100.0,100,Buy,232209409
2024-08-16 10:58:40,41100.0,400,Buy,232209408
2024-08-16 10:58:40,41100.0,900,Buy,232209410
2024-08-16 10:58:40,41100.0,2000,Buy,232209406
2024-08-16 10:58:40,41100.0,500,Buy,232209407
2024-08-16 10:58:40,41100.0,100,Buy,232209405
2024-08-16 10:58:41,41050.0,500,Sell,232209461
2024-08-16 10:58:51,41050.0,500,Buy,232209939
2024-08-16 10:59:26,41050.0,600,Buy,232211837
2024-08-16 10:59:45,41050.0,500,Buy,232212814
2024-08-16 10:59:51,41050.0,300,Buy,232213179
2024-08-16 10:59:55,41050.0,100,Buy,232213520
2024-08-16 11:00:11,41050.0,100,Buy,232214553
2024-08-16 11:00:15,41050.0,300,Buy,232214716
2024-08-16 11:00:23,41050.0,400,Buy,232215320
2024-08-16 11:00:28,41050.0,1000,Buy,232215601
2024-08-16 11:00:49,41000.0,500,Sell,232216599
2024-08-16 11:00:49,41000.0,100,Sell,232216600
2024-08-16 11:00:49,41000.0,5000,Sell,232216601
2024-08-16 11:00:49,41000.0,100,Sell,232216602
2024-08-16 11:00:59,41000.0,100,Sell,232217109
2024-08-16 11:01:05,41000.0,1700,Sell,232217304
2024-08-16 11:01:05,41000.0,300,Sell,232217303
2024-08-16 11:01:05,41000.0,100,Sell,232217302
2024-08-16 11:01:05,41000.0,1100,Sell,232217301
2024-08-16 11:01:05,41000.0,100,Sell,232217300
2024-08-16 11:01:05,41000.0,200,Sell,232217299
2024-08-16 11:01:05,41000.0,300,Sell,232217298
2024-08-16 11:01:23,41050.0,1000,Buy,232218178
2024-08-16 11:01:35,41050.0,100,Buy,232218755
2024-08-16 11:01:53,41050.0,400,Buy,232219543
2024-08-16 11:01:59,41000.0,5700,Sell,232220157
2024-08-16 11:02:22,41050.0,9500,Buy,232221245
2024-08-16 11:02:22,41050.0,5700,Buy,232221244
2024-08-16 11:02:22,41050.0,100,Buy,232221243
2024-08-16 11:02:22,41050.0,9500,Buy,232221246
2024-08-16 11:02:22,41050.0,3700,Buy,232221241
2024-08-16 11:02:22,41000.0,100,Sell,232221233
2024-08-16 11:02:22,41000.0,400,Sell,232221232
2024-08-16 11:02:22,41050.0,800,Buy,232221242
2024-08-16 11:02:22,41000.0,1400,Sell,232221231
2024-08-16 11:02:27,41000.0,1000,Sell,232221544
2024-08-16 11:02:27,41000.0,300,Sell,232221543
2024-08-16 11:02:27,41000.0,500,Sell,232221542
2024-08-16 11:02:27,41000.0,200,Sell,232221541
2024-08-16 11:02:27,41100.0,1300,Buy,232221536
2024-08-16 11:02:27,41050.0,700,Sell,232221539
2024-08-16 11:02:27,41100.0,700,Buy,232221538
2024-08-16 11:02:27,41100.0,100,Buy,232221537
2024-08-16 11:02:27,41000.0,200,Sell,232221540
2024-08-16 11:02:53,41000.0,1000,Buy,232222780
2024-08-16 11:02:55,41000.0,200,Buy,232222933
2024-08-16 11:02:55,41000.0,1800,Buy,232222932
2024-08-16 11:03:04,41000.0,100,Buy,232223366
2024-08-16 11:03:04,41000.0,100,Buy,232223398
2024-08-16 11:03:06,41000.0,500,Buy,232223492
2024-08-16 11:03:10,41000.0,1000,Buy,232223666
2024-08-16 11:03:10,41000.0,1000,Buy,232223674
2024-08-16 11:03:16,41000.0,1600,Buy,232223903
2024-08-16 11:03:36,41000.0,2000,Buy,232224653
2024-08-16 11:03:43,41000.0,1000,Buy,232225007
2024-08-16 11:03:54,41000.0,100,Buy,232225484
2024-08-16 11:03:54,41000.0,900,Buy,232225485
2024-08-16 11:03:56,41000.0,100,Buy,232225532
2024-08-16 11:04:01,41000.0,3900,Buy,232225687
2024-08-16 11:04:13,41000.0,2100,Sell,232226156
2024-08-16 11:04:13,41000.0,3600,Sell,232226157
2024-08-16 11:05:37,41050.0,800,Buy,232229254
2024-08-16 11:05:47,41050.0,200,Buy,232229558
2024-08-16 11:06:47,41050.0,200,Buy,232231830
2024-08-16 11:06:55,41050.0,500,Buy,232232144
2024-08-16 11:06:55,41050.0,4800,Buy,232232141
2024-08-16 11:06:55,41050.0,5000,Buy,232232142
2024-08-16 11:06:55,41050.0,4500,Buy,232232143
2024-08-16 11:07:01,41050.0,200,Sell,232232344
2024-08-16 11:07:08,41050.0,100,Buy,232232662
2024-08-16 11:07:33,41100.0,300,Buy,232233456
2024-08-16 11:07:33,41100.0,2000,Buy,232233455
2024-08-16 11:07:33,41100.0,300,Buy,232233454
2024-08-16 11:07:33,41100.0,800,Buy,232233453
2024-08-16 11:07:33,41100.0,300,Buy,232233452
2024-08-16 11:07:33,41100.0,2000,Buy,232233451
2024-08-16 11:07:33,41100.0,200,Buy,232233450
2024-08-16 11:07:33,41100.0,100,Buy,232233449
2024-08-16 11:07:33,41100.0,200,Buy,232233447
2024-08-16 11:07:33,41100.0,100,Buy,232233446
2024-08-16 11:07:33,41100.0,100,Buy,232233445
2024-08-16 11:07:33,41100.0,100,Buy,232233444
2024-08-16 11:07:33,41100.0,100,Buy,232233443
2024-08-16 11:07:33,41100.0,1900,Buy,232233442
2024-08-16 11:07:33,41100.0,2000,Buy,232233441
2024-08-16 11:07:33,41100.0,3800,Buy,232233440
2024-08-16 11:07:33,41050.0,200,Buy,232233439
2024-08-16 11:07:33,41100.0,500,Buy,232233448
2024-08-16 11:07:51,41100.0,2300,Buy,232234093
2024-08-16 11:08:02,41100.0,400,Buy,232234516
2024-08-16 11:08:02,41100.0,1000,Buy,232234515
2024-08-16 11:08:02,41100.0,100,Buy,232234513
2024-08-16 11:08:02,41100.0,400,Buy,232234512
2024-08-16 11:08:02,41100.0,100,Buy,232234514
2024-08-16 11:09:07,41100.0,600,Buy,232236721
2024-08-16 11:09:07,41100.0,400,Buy,232236722
2024-08-16 11:09:31,41100.0,300,Buy,232237370
2024-08-16 11:09:35,41100.0,300,Buy,232237499
2024-08-16 11:09:35,41100.0,500,Buy,232237500
2024-08-16 11:09:44,41100.0,1500,Buy,232237749
2024-08-16 11:09:50,41100.0,100,Buy,232237918
2024-08-16 11:10:24,41100.0,3600,Buy,232239112
2024-08-16 11:10:24,41100.0,5700,Buy,232239113
2024-08-16 11:10:24,41100.0,5000,Buy,232239114
2024-08-16 11:10:24,41100.0,200,Buy,232239115
2024-08-16 11:10:24,41100.0,5700,Buy,232239116
2024-08-16 11:10:26,41100.0,1000,Sell,232239187
2024-08-16 11:11:08,41100.0,100,Sell,232240464
2024-08-16 11:12:10,41150.0,200,Buy,232242332
2024-08-16 11:12:22,41150.0,1800,Buy,232242652
2024-08-16 11:12:37,41150.0,200,Buy,232243106
2024-08-16 11:12:41,41150.0,500,Buy,232243208
2024-08-16 11:13:02,41150.0,4000,Buy,232243764
2024-08-16 11:13:12,41150.0,3300,Buy,232244137
2024-08-16 11:13:12,41150.0,1000,Buy,232244138
2024-08-16 11:13:12,41150.0,100,Buy,232244139
2024-08-16 11:13:12,41150.0,200,Buy,232244140
2024-08-16 11:13:12,41150.0,400,Buy,232244141
2024-08-16 11:13:14,41150.0,100,Buy,232244175
2024-08-16 11:13:14,41150.0,100,Buy,232244174
2024-08-16 11:13:14,41150.0,100,Buy,232244173
2024-08-16 11:13:14,41150.0,300,Buy,232244172
2024-08-16 11:13:14,41150.0,1000,Buy,232244170
2024-08-16 11:13:14,41150.0,100,Buy,232244168
2024-08-16 11:13:14,41150.0,200,Buy,232244171
2024-08-16 11:13:14,41150.0,200,Buy,232244169
2024-08-16 11:13:52,41150.0,1000,Sell,232245394
2024-08-16 11:13:52,41150.0,200,Sell,232245393
2024-08-16 11:13:52,41150.0,900,Sell,232245390
2024-08-16 11:13:52,41150.0,1000,Sell,232245391
2024-08-16 11:13:52,41150.0,500,Sell,232245392
2024-08-16 11:15:31,41150.0,2000,Buy,232248186
2024-08-16 11:15:35,41100.0,5700,Sell,232248328
2024-08-16 11:15:46,41100.0,400,Sell,232248650
2024-08-16 11:16:09,41050.0,1100,Sell,232249429
2024-08-16 11:16:09,41100.0,400,Sell,232249426
2024-08-16 11:16:09,41100.0,500,Sell,232249425
2024-08-16 11:16:09,41050.0,100,Sell,232249428
2024-08-16 11:16:09,41100.0,600,Sell,232249423
2024-08-16 11:16:09,41100.0,400,Sell,232249413
2024-08-16 11:16:09,41100.0,600,Sell,232249412
2024-08-16 11:16:09,41100.0,1000,Sell,232249424
2024-08-16 11:16:09,41050.0,2000,Sell,232249427
2024-08-16 11:16:11,41100.0,200,Buy,232249510
2024-08-16 11:16:12,41100.0,400,Buy,232249551
2024-08-16 11:16:41,41050.0,3000,Sell,232250607
2024-08-16 11:16:41,41100.0,200,Sell,232250573
2024-08-16 11:16:41,41050.0,2100,Sell,232250603
2024-08-16 11:16:41,41050.0,200,Sell,232250604
2024-08-16 11:16:41,41050.0,100,Sell,232250605
2024-08-16 11:16:41,41050.0,300,Sell,232250606
2024-08-16 11:17:07,41150.0,5000,Buy,232251329
2024-08-16 11:17:07,41150.0,3900,Buy,232251327
2024-08-16 11:17:07,41150.0,100,Buy,232251328
2024-08-16 11:17:10,41150.0,300,Buy,232251413
2024-08-16 11:17:10,41150.0,700,Buy,232251412
2024-08-16 11:17:21,41100.0,5700,Buy,232251829
2024-08-16 11:17:26,41050.0,400,Sell,232251947
2024-08-16 11:20:16,41050.0,500,Sell,232256101
2024-08-16 11:20:39,41050.0,300,Sell,232256684
2024-08-16 11:21:11,41100.0,1000,Buy,232257383
2024-08-16 11:23:19,41100.0,400,Buy,232260434
2024-08-16 11:23:49,41050.0,500,Sell,232261151
2024-08-16 11:24:02,41100.0,3100,Buy,232261392
2024-08-16 11:24:14,41050.0,200,Sell,232261624
2024-08-16 11:24:39,41150.0,100,Buy,232262254
2024-08-16 11:25:37,41150.0,100,Buy,232263600
2024-08-16 11:26:13,41100.0,100,Sell,232264303
2024-08-16 11:26:37,41100.0,100,Sell,232264738
2024-08-16 11:28:37,41100.0,100,Sell,232267503
2024-08-16 11:29:17,41150.0,400,Buy,232268123
2024-08-16 12:59:37,41150.0,100,Buy,232268946
2024-08-16 12:59:39,41150.0,3500,Buy,232270033
2024-08-16 12:59:39,41150.0,1000,Buy,232270034
2024-08-16 12:59:39,41150.0,100,Buy,232270035
2024-08-16 12:59:39,41150.0,100,Buy,232270036
2024-08-16 12:59:39,41150.0,200,Buy,232270037
2024-08-16 12:59:39,41150.0,100,Buy,232270038
2024-08-16 12:59:40,41100.0,3000,Sell,232270327
2024-08-16 12:59:42,41100.0,500,Sell,232271120
2024-08-16 12:59:42,41100.0,100,Sell,232271228
2024-08-16 12:59:44,41150.0,100,Sell,232271806
2024-08-16 12:59:45,41100.0,100,Sell,232271950
2024-08-16 12:59:47,41150.0,100,Buy,232272418
2024-08-16 13:00:02,41150.0,100,Buy,232274400
2024-08-16 13:00:02,41150.0,200,Buy,232274401
2024-08-16 13:00:02,41150.0,300,Buy,232274454
2024-08-16 13:00:02,41150.0,100,Buy,232274455
2024-08-16 13:00:02,41150.0,100,Buy,232274399
2024-08-16 13:00:24,41150.0,200,Sell,232276282
2024-08-16 13:00:24,41150.0,900,Sell,232276283
2024-08-16 13:00:50,41150.0,1500,Sell,232277468
2024-08-16 13:01:10,41150.0,600,Sell,232278498
2024-08-16 13:01:10,41150.0,300,Sell,232278499
2024-08-16 13:01:10,41150.0,2400,Sell,232278500
2024-08-16 13:01:27,41100.0,300,Sell,232279253
2024-08-16 13:01:42,41100.0,1600,Sell,232279809
2024-08-16 13:01:42,41100.0,700,Sell,232279808
2024-08-16 13:01:55,41150.0,6600,Buy,232280529
2024-08-16 13:02:02,41200.0,100,Buy,232280729
2024-08-16 13:02:02,41200.0,100,Buy,232280730
2024-08-16 13:02:02,41200.0,100,Buy,232280731
2024-08-16 13:02:12,41150.0,1400,Buy,232281041
2024-08-16 13:02:48,41200.0,900,Buy,232282744
2024-08-16 13:02:48,41200.0,1000,Buy,232282745
2024-08-16 13:03:12,41200.0,700,Buy,232283835
2024-08-16 13:03:12,41200.0,100,Buy,232283834
2024-08-16 13:03:12,41200.0,100,Buy,232283833
2024-08-16 13:03:12,41200.0,500,Buy,232283832
2024-08-16 13:03:12,41200.0,100,Buy,232283831
2024-08-16 13:03:12,41200.0,1000,Buy,232283829
2024-08-16 13:03:12,41200.0,1000,Buy,232283828
2024-08-16 13:03:12,41200.0,300,Buy,232283827
2024-08-16 13:03:12,41200.0,100,Buy,232283826
2024-08-16 13:03:12,41200.0,1000,Buy,232283825
2024-08-16 13:03:12,41200.0,100,Buy,232283830
2024-08-16 13:03:14,41200.0,300,Buy,232283975
2024-08-16 13:03:14,41200.0,100,Buy,232283976
2024-08-16 13:03:14,41200.0,400,Buy,232283977
2024-08-16 13:03:21,41200.0,100,Buy,232284258
2024-08-16 13:03:21,41200.0,200,Buy,232284259
2024-08-16 13:03:21,41200.0,100,Buy,232284260
2024-08-16 13:03:21,41200.0,100,Buy,232284266
2024-08-16 13:03:21,41200.0,100,Buy,232284262
2024-08-16 13:03:21,41200.0,100,Buy,232284263
2024-08-16 13:03:21,41200.0,200,Buy,232284257
2024-08-16 13:03:21,41200.0,100,Buy,232284261
2024-08-16 13:03:21,41200.0,600,Buy,232284256
2024-08-16 13:03:21,41200.0,200,Buy,232284252
2024-08-16 13:03:21,41200.0,500,Buy,232284254
2024-08-16 13:03:21,41200.0,100,Buy,232284253
2024-08-16 13:03:21,41200.0,100,Buy,232284251
2024-08-16 13:03:21,41200.0,100,Buy,232284250
2024-08-16 13:03:21,41200.0,100,Buy,232284249
2024-08-16 13:03:21,41200.0,100,Buy,232284248
2024-08-16 13:03:21,41200.0,200,Buy,232284247
2024-08-16 13:03:21,41200.0,100,Buy,232284246
2024-08-16 13:03:21,41200.0,1000,Buy,232284255
2024-08-16 13:03:22,41200.0,100,Sell,232284312
2024-08-16 13:03:38,41250.0,200,Buy,232285013
2024-08-16 13:03:38,41250.0,100,Buy,232285012
2024-08-16 13:03:38,41250.0,100,Buy,232285010
2024-08-16 13:03:38,41250.0,100,Buy,232285011
2024-08-16 13:03:41,41250.0,100,Buy,232285119
2024-08-16 13:03:41,41250.0,200,Buy,232285127
2024-08-16 13:03:41,41250.0,100,Buy,232285126
2024-08-16 13:03:41,41250.0,1000,Buy,232285125
2024-08-16 13:03:41,41250.0,100,Buy,232285124
2024-08-16 13:03:41,41250.0,100,Buy,232285118
2024-08-16 13:03:41,41250.0,100,Buy,232285122
2024-08-16 13:03:41,41250.0,100,Buy,232285121
2024-08-16 13:03:41,41250.0,100,Buy,232285120
2024-08-16 13:03:41,41250.0,100,Buy,232285123
2024-08-16 13:03:44,41250.0,600,Sell,232285257
2024-08-16 13:03:45,41250.0,900,Buy,232285276
2024-08-16 13:03:47,41300.0,100,Buy,232285447
2024-08-16 13:03:55,41300.0,1000,Buy,232285653
2024-08-16 13:04:00,41300.0,2200,Buy,232285975
2024-08-16 13:04:05,41300.0,300,Buy,232286221
2024-08-16 13:04:09,41300.0,100,Buy,232286377
2024-08-16 13:04:09,41300.0,100,Buy,232286376
2024-08-16 13:04:09,41300.0,100,Buy,232286370
2024-08-16 13:04:09,41300.0,100,Buy,232286374
2024-08-16 13:04:09,41300.0,100,Buy,232286373
2024-08-16 13:04:09,41300.0,100,Buy,232286371
2024-08-16 13:04:09,41300.0,200,Buy,232286378
2024-08-16 13:04:09,41300.0,300,Buy,232286369
2024-08-16 13:04:09,41300.0,500,Buy,232286375
2024-08-16 13:04:09,41300.0,100,Buy,232286367
2024-08-16 13:04:09,41300.0,100,Buy,232286368
2024-08-16 13:04:09,41300.0,1400,Buy,232286359
2024-08-16 13:04:09,41300.0,100,Buy,232286360
2024-08-16 13:04:09,41300.0,200,Buy,232286361
2024-08-16 13:04:09,41300.0,200,Buy,232286362
2024-08-16 13:04:09,41300.0,300,Buy,232286372
2024-08-16 13:04:09,41300.0,100,Buy,232286364
2024-08-16 13:04:09,41300.0,100,Buy,232286363
2024-08-16 13:04:09,41300.0,500,Buy,232286365
2024-08-16 13:04:09,41300.0,200,Buy,232286366
2024-08-16 13:04:23,41350.0,300,Buy,232287305
2024-08-16 13:04:23,41350.0,100,Buy,232287306
2024-08-16 13:04:23,41350.0,100,Buy,232287307
2024-08-16 13:04:23,41350.0,1500,Buy,232287308
2024-08-16 13:04:27,41350.0,100,Buy,232287504
2024-08-16 13:04:34,41350.0,300,Buy,232288000
2024-08-16 13:04:34,41350.0,100,Buy,232287998
2024-08-16 13:04:34,41350.0,400,Buy,232287997
2024-08-16 13:04:34,41350.0,200,Buy,232287999
2024-08-16 13:04:35,41300.0,100,Sell,232288018
2024-08-16 13:04:45,41350.0,200,Buy,232288390
2024-08-16 13:04:45,41350.0,100,Buy,232288391
2024-08-16 13:04:45,41350.0,5700,Buy,232288392
2024-08-16 13:05:00,41350.0,3000,Buy,232289141
2024-08-16 13:05:07,41350.0,100,Buy,232289450
2024-08-16 13:05:10,41350.0,200,Buy,232289591
2024-08-16 13:05:29,41350.0,100,Buy,232290500
2024-08-16 13:05:44,41350.0,900,Buy,232291241
2024-08-16 13:05:44,41350.0,200,Buy,232291242
2024-08-16 13:05:44,41350.0,1000,Buy,232291243
2024-08-16 13:05:47,41400.0,100,Buy,232291383
2024-08-16 13:05:48,41350.0,2000,Sell,232291431
2024-08-16 13:05:52,41350.0,100,Buy,232291567
2024-08-16 13:06:19,41300.0,1000,Sell,232292941
2024-08-16 13:06:23,41300.0,1100,Sell,232293188
2024-08-16 13:06:23,41300.0,4000,Sell,232293186
2024-08-16 13:06:23,41300.0,13400,Sell,232293187
2024-08-16 13:06:28,41350.0,100,Buy,232293490
2024-08-16 13:06:29,41300.0,100,Sell,232293545
2024-08-16 13:06:30,41300.0,700,Sell,232293607
2024-08-16 13:06:30,41300.0,1000,Sell,232293608
2024-08-16 13:06:36,41300.0,300,Buy,232293970
2024-08-16 13:06:37,41300.0,1400,Sell,232294005
2024-08-16 13:06:37,41300.0,300,Sell,232294031
2024-08-16 13:06:41,41300.0,7200,Sell,232294238
2024-08-16 13:06:47,41200.0,300,Sell,232294599
2024-08-16 13:07:08,41300.0,100,Buy,232295567
2024-08-16 13:07:09,41250.0,100,Sell,232295579
2024-08-16 13:07:49,41300.0,100,Buy,232297505
2024-08-16 13:08:09,41300.0,2600,Buy,232299179
2024-08-16 13:08:09,41300.0,200,Buy,232299180
2024-08-16 13:08:29,41300.0,100,Buy,232300606
2024-08-16 13:08:36,41300.0,1000,Buy,232300936
2024-08-16 13:08:57,41300.0,700,Buy,232302068
2024-08-16 13:08:57,41300.0,1000,Buy,232302069
2024-08-16 13:08:57,41300.0,300,Buy,232302070
2024-08-16 13:08:57,41300.0,100,Buy,232302071
2024-08-16 13:09:07,41250.0,400,Sell,232302760
2024-08-16 13:09:07,41250.0,5000,Sell,232302761
2024-08-16 13:09:07,41250.0,300,Sell,232302762
2024-08-16 13:09:10,41300.0,100,Buy,232303051
2024-08-16 13:09:11,41250.0,400,Sell,232303105
2024-08-16 13:09:11,41250.0,200,Sell,232303104
2024-08-16 13:09:11,41250.0,100,Sell,232303103
2024-08-16 13:09:14,41250.0,100,Sell,232303258
2024-08-16 13:09:14,41250.0,200,Sell,232303259
2024-08-16 13:09:17,41250.0,1000,Sell,232303426
2024-08-16 13:09:26,41250.0,500,Sell,232304106
2024-08-16 13:09:30,41250.0,1500,Sell,232304285
2024-08-16 13:09:34,41250.0,100,Sell,232304535
2024-08-16 13:09:37,41250.0,300,Sell,232304758
2024-08-16 13:09:47,41250.0,200,Sell,232305301
2024-08-16 13:09:50,41300.0,100,Buy,232305502
2024-08-16 13:09:57,41250.0,2200,Sell,232305981
2024-08-16 13:09:57,41250.0,1000,Sell,232305982
2024-08-16 13:09:57,41250.0,1000,Sell,232305983
2024-08-16 13:09:57,41250.0,100,Sell,232305984
2024-08-16 13:10:08,41200.0,100,Sell,232306760
2024-08-16 13:10:14,41250.0,100,Buy,232307127
2024-08-16 13:10:18,41250.0,1300,Buy,232307359
2024-08-16 13:10:29,41250.0,5500,Sell,232308081
2024-08-16 13:10:31,41300.0,100,Buy,232308154
2024-08-16 13:10:34,41250.0,500,Sell,232308346
2024-08-16 13:10:34,41250.0,5200,Buy,232308361
2024-08-16 13:11:04,41250.0,2600,Sell,232310266
2024-08-16 13:11:04,41250.0,100,Sell,232310267
2024-08-16 13:11:04,41250.0,200,Sell,232310268
2024-08-16 13:11:04,41250.0,1000,Sell,232310269
2024-08-16 13:11:04,41200.0,400,Sell,232310270
2024-08-16 13:11:04,41200.0,1400,Sell,232310271
2024-08-16 13:11:12,41300.0,100,Buy,232310745
2024-08-16 13:11:27,41200.0,800,Sell,232311701
2024-08-16 13:11:27,41250.0,100,Sell,232311700
2024-08-16 13:11:31,41200.0,4400,Sell,232311863
2024-08-16 13:11:31,41200.0,100,Sell,232311860
2024-08-16 13:11:31,41200.0,1000,Sell,232311861
2024-08-16 13:11:31,41200.0,200,Sell,232311862
2024-08-16 13:11:46,41250.0,200,Sell,232312856
2024-08-16 13:11:52,41300.0,100,Buy,232313161
2024-08-16 13:12:00,41250.0,5700,Sell,232313769
2024-08-16 13:12:25,41250.0,1500,Sell,232315109
2024-08-16 13:12:27,41250.0,5700,Sell,232315275
2024-08-16 13:12:30,41250.0,2100,Sell,232315596
2024-08-16 13:12:33,41300.0,100,Buy,232315697
2024-08-16 13:12:50,41250.0,5700,Sell,232316598
2024-08-16 13:12:56,41300.0,100,Buy,232316853
2024-08-16 13:12:56,41300.0,100,Buy,232316854
2024-08-16 13:12:56,41300.0,800,Buy,232316855
2024-08-16 13:13:08,41300.0,1000,Buy,232317653
2024-08-16 13:13:10,41250.0,5700,Sell,232317820
2024-08-16 13:13:13,41300.0,100,Buy,232317970
2024-08-16 13:13:31,41250.0,5700,Sell,232318772
2024-08-16 13:13:45,41250.0,1900,Sell,232319624
2024-08-16 13:13:45,41250.0,1900,Sell,232319685
2024-08-16 13:13:54,41300.0,100,Buy,232320186
2024-08-16 13:13:56,41250.0,3900,Sell,232320314
2024-08-16 13:13:56,41250.0,500,Sell,232320315
2024-08-16 13:13:56,41250.0,1000,Sell,232320316
2024-08-16 13:13:56,41250.0,300,Sell,232320317
2024-08-16 13:14:02,41250.0,700,Sell,232320632
2024-08-16 13:14:02,41250.0,500,Sell,232320633
2024-08-16 13:14:02,41250.0,15000,Sell,232320634
2024-08-16 13:14:02,41250.0,1000,Sell,232320635
2024-08-16 13:14:03,41250.0,1800,Buy,232320695
2024-08-16 13:14:20,41250.0,1800,Sell,232321691
2024-08-16 13:14:20,41250.0,2900,Sell,232321692
2024-08-16 13:14:20,41250.0,1000,Sell,232321690
2024-08-16 13:14:28,41250.0,500,Sell,232322067
2024-08-16 13:14:35,41300.0,100,Buy,232322397
2024-08-16 13:14:42,41250.0,1600,Sell,232322727
2024-08-16 13:14:42,41250.0,4100,Sell,232322728
2024-08-16 13:15:10,41250.0,100,Sell,232324114
2024-08-16 13:15:15,41250.0,1000,Sell,232324302
2024-08-16 13:15:15,41250.0,2700,Sell,232324320
2024-08-16 13:15:15,41250.0,1200,Sell,232324321
2024-08-16 13:15:15,41250.0,5800,Sell,232324322
2024-08-16 13:15:15,41250.0,300,Sell,232324323
2024-08-16 13:15:16,41300.0,100,Buy,232324357
2024-08-16 13:15:17,41250.0,1500,Sell,232324419
2024-08-16 13:15:20,41250.0,100,Sell,232324591
2024-08-16 13:15:20,41250.0,200,Sell,232324589
2024-08-16 13:15:20,41250.0,1000,Sell,232324590
2024-08-16 13:15:32,41200.0,100,Sell,232325120
2024-08-16 13:15:32,41250.0,600,Buy,232325125
2024-08-16 13:15:33,41250.0,1000,Buy,232325201
2024-08-16 13:15:57,41250.0,100,Buy,232326473
2024-08-16 13:16:31,41250.0,100,Buy,232328032
2024-08-16 13:16:38,41250.0,100,Buy,232328420
2024-08-16 13:17:20,41250.0,100,Buy,232330490
2024-08-16 13:17:38,41200.0,800,Sell,232331297
2024-08-16 13:17:46,41200.0,2700,Sell,232331715
2024-08-16 13:17:46,41200.0,2300,Sell,232331731
2024-08-16 13:17:50,41200.0,1000,Sell,232331836
2024-08-16 13:17:50,41200.0,100,Sell,232331835
2024-08-16 13:17:50,41200.0,2800,Sell,232331832
2024-08-16 13:17:50,41200.0,100,Sell,232331833
2024-08-16 13:17:50,41200.0,1000,Sell,232331834
2024-08-16 13:18:00,41250.0,100,Buy,232332342
2024-08-16 13:18:02,41200.0,800,Sell,232332419
2024-08-16 13:18:10,41200.0,100,Sell,232332839
2024-08-16 13:18:10,41200.0,1300,Sell,232332840
2024-08-16 13:18:16,41200.0,2000,Sell,232333132
2024-08-16 13:18:17,41250.0,100,Buy,232333192
2024-08-16 13:18:19,41250.0,100,Buy,232333271
2024-08-16 13:18:25,41200.0,2000,Sell,232333680
2024-08-16 13:18:25,41200.0,500,Sell,232333650
2024-08-16 13:18:25,41200.0,200,Sell,232333649
2024-08-16 13:18:25,41200.0,100,Sell,232333648
2024-08-16 13:18:25,41200.0,1000,Sell,232333647
2024-08-16 13:18:25,41200.0,100,Sell,232333646
2024-08-16 13:18:25,41200.0,200,Sell,232333644
2024-08-16 13:18:25,41200.0,1000,Sell,232333643
2024-08-16 13:18:25,41200.0,500,Sell,232333642
2024-08-16 13:18:25,41200.0,100,Sell,232333641
2024-08-16 13:18:25,41200.0,1700,Sell,232333640
2024-08-16 13:18:25,41200.0,300,Sell,232333645
2024-08-16 13:18:30,41200.0,200,Sell,232333908
2024-08-16 13:18:41,41250.0,100,Buy,232334488
2024-08-16 13:18:53,41200.0,5700,Sell,232335149
2024-08-16 13:19:14,41200.0,2000,Sell,232336124
2024-08-16 13:19:19,41200.0,5700,Sell,232336415
2024-08-16 13:19:22,41250.0,100,Buy,232336573
2024-08-16 13:19:35,41250.0,400,Buy,232337180
2024-08-16 13:19:35,41250.0,100,Buy,232337179
2024-08-16 13:19:35,41250.0,1900,Buy,232337178
2024-08-16 13:19:37,41200.0,1000,Sell,232337301
2024-08-16 13:19:44,41200.0,1600,Sell,232337628
2024-08-16 13:19:49,41200.0,5700,Sell,232337894
2024-08-16 13:20:03,41250.0,100,Buy,232338701
2024-08-16 13:20:24,41200.0,5700,Sell,232339473
2024-08-16 13:20:27,41200.0,5400,Sell,232339659
2024-08-16 13:20:27,41200.0,1000,Sell,232339660
2024-08-16 13:20:27,41200.0,200,Sell,232339661
2024-08-16 13:20:27,41200.0,500,Sell,232339662
2024-08-16 13:20:27,41200.0,100,Sell,232339663
2024-08-16 13:20:27,41200.0,4800,Sell,232339664
2024-08-16 13:20:35,41200.0,100,Sell,232340032
2024-08-16 13:20:35,41200.0,1000,Sell,232340031
2024-08-16 13:20:35,41200.0,100,Sell,232340029
2024-08-16 13:20:35,41200.0,100,Sell,232340028
2024-08-16 13:20:35,41200.0,2500,Sell,232340027
2024-08-16 13:20:35,41200.0,200,Sell,232340030
2024-08-16 13:20:45,41250.0,100,Buy,232340633
2024-08-16 13:20:56,41200.0,100,Sell,232341241
2024-08-16 13:21:05,41200.0,100,Sell,232341700
2024-08-16 13:21:05,41200.0,100,Sell,232341701
2024-08-16 13:21:05,41200.0,100,Sell,232341702
2024-08-16 13:21:05,41200.0,500,Sell,232341703
2024-08-16 13:21:16,41150.0,1200,Sell,232342227
2024-08-16 13:21:16,41150.0,100,Sell,232342228
2024-08-16 13:21:16,41150.0,100,Sell,232342229
2024-08-16 13:21:16,41150.0,500,Sell,232342230
2024-08-16 13:21:16,41150.0,1000,Sell,232342232
2024-08-16 13:21:16,41150.0,100,Sell,232342233
2024-08-16 13:21:16,41150.0,500,Sell,232342234
2024-08-16 13:21:16,41150.0,600,Sell,232342235
2024-08-16 13:21:16,41150.0,100,Sell,232342236
2024-08-16 13:21:16,41150.0,100,Sell,232342231
2024-08-16 13:21:17,41150.0,900,Buy,232342373
2024-08-16 13:21:19,41150.0,500,Buy,232342443
2024-08-16 13:21:26,41200.0,100,Buy,232342737
2024-08-16 13:21:36,41200.0,300,Buy,232343167
2024-08-16 13:21:48,41150.0,5500,Sell,232343667
2024-08-16 13:21:48,41150.0,200,Sell,232343666
2024-08-16 13:21:55,41100.0,2000,Sell,232344053
2024-08-16 13:21:55,41100.0,100,Sell,232344056
2024-08-16 13:21:55,41100.0,1100,Sell,232344055
2024-08-16 13:21:55,41100.0,1000,Sell,232344054
2024-08-16 13:21:55,41100.0,1000,Sell,232344052
2024-08-16 13:21:55,41100.0,300,Sell,232344048
2024-08-16 13:21:55,41100.0,500,Sell,232344050
2024-08-16 13:21:55,41100.0,400,Sell,232344049
2024-08-16 13:21:55,41150.0,100,Sell,232344047
2024-08-16 13:21:55,41150.0,500,Sell,232344046
2024-08-16 13:21:55,41150.0,700,Sell,232344045
2024-08-16 13:21:55,41100.0,2300,Sell,232344051
2024-08-16 13:22:07,41200.0,100,Buy,232344545
2024-08-16 13:22:19,41150.0,1600,Buy,232345013
2024-08-16 13:22:22,41100.0,500,Sell,232345310
2024-08-16 13:22:22,41100.0,2500,Sell,232345312
2024-08-16 13:22:22,41100.0,100,Sell,232345309
2024-08-16 13:22:22,41100.0,200,Sell,232345311
2024-08-16 13:22:22,41100.0,1000,Sell,232345307
2024-08-16 13:22:22,41100.0,100,Sell,232345306
2024-08-16 13:22:22,41100.0,500,Sell,232345304
2024-08-16 13:22:22,41100.0,700,Sell,232345305
2024-08-16 13:22:22,41100.0,100,Sell,232345308
2024-08-16 13:22:28,41150.0,500,Buy,232345537
2024-08-16 13:22:39,41100.0,3700,Sell,232346050
2024-08-16 13:22:43,41150.0,500,Buy,232346283
2024-08-16 13:22:43,41150.0,1500,Buy,232346284
2024-08-16 13:22:49,41150.0,100,Buy,232346584
2024-08-16 13:22:49,41100.0,2000,Sell,232346625
2024-08-16 13:22:49,41100.0,1000,Sell,232346626
2024-08-16 13:22:49,41100.0,2700,Sell,232346627
2024-08-16 13:22:53,41150.0,2900,Buy,232346820
2024-08-16 13:22:57,41150.0,200,Buy,232346984
2024-08-16 13:23:24,41100.0,100,Sell,232348335
2024-08-16 13:23:24,41100.0,3000,Sell,232348336
2024-08-16 13:23:24,41100.0,2300,Sell,232348333
2024-08-16 13:23:24,41100.0,300,Sell,232348334
2024-08-16 13:23:30,41150.0,100,Buy,232348636
2024-08-16 13:23:40,41100.0,1000,Sell,232349061
2024-08-16 13:23:41,41150.0,1400,Buy,232349086
2024-08-16 13:23:54,41150.0,500,Buy,232349670
2024-08-16 13:23:59,41150.0,100,Buy,232349920
2024-08-16 13:24:00,41100.0,300,Sell,232350022
2024-08-16 13:24:00,41100.0,100,Sell,232350021
2024-08-16 13:24:00,41100.0,200,Sell,232350020
2024-08-16 13:24:00,41100.0,1000,Sell,232350018
2024-08-16 13:24:00,41100.0,2000,Sell,232350017
2024-08-16 13:24:00,41100.0,1000,Sell,232350016
2024-08-16 13:24:00,41100.0,1000,Sell,232350013
2024-08-16 13:24:00,41100.0,100,Sell,232350019
2024-08-16 13:24:12,41150.0,100,Buy,232350687
2024-08-16 13:24:23,41100.0,1200,Sell,232351114
2024-08-16 13:24:23,41100.0,3500,Sell,232351115
2024-08-16 13:24:23,41100.0,100,Sell,232351113
2024-08-16 13:24:23,41100.0,100,Sell,232351092
2024-08-16 13:24:23,41100.0,500,Sell,232351111
2024-08-16 13:24:23,41100.0,500,Sell,232351112
2024-08-16 13:24:23,41100.0,1600,Sell,232351110
2024-08-16 13:24:44,41100.0,100,Buy,232351806
2024-08-16 13:24:44,41100.0,200,Buy,232351807
2024-08-16 13:24:47,41100.0,100,Buy,232351907
2024-08-16 13:24:49,41050.0,100,Sell,232352012
2024-08-16 13:24:50,41100.0,700,Buy,232352025
2024-08-16 13:24:53,41150.0,100,Buy,232352181
2024-08-16 13:25:04,41100.0,1000,Sell,232352689
2024-08-16 13:25:04,41100.0,100,Sell,232352690
2024-08-16 13:25:09,41100.0,500,Buy,232352888
2024-08-16 13:25:14,41100.0,1600,Sell,232353069
2024-08-16 13:25:14,41100.0,300,Sell,232353073
2024-08-16 13:25:21,41100.0,400,Sell,232353428
2024-08-16 13:25:21,41100.0,300,Sell,232353427
2024-08-16 13:25:24,41100.0,200,Buy,232353505
2024-08-16 13:25:35,41100.0,100,Buy,232353929
2024-08-16 13:26:05,41050.0,300,Sell,232355213
2024-08-16 13:26:14,41100.0,500,Buy,232355551
2024-08-16 13:26:16,41100.0,100,Buy,232355622
2024-08-16 13:26:17,41100.0,2400,Buy,232355647
2024-08-16 13:26:17,41100.0,4000,Buy,232355648
2024-08-16 13:26:17,41100.0,1600,Buy,232355649
2024-08-16 13:26:17,41100.0,2000,Buy,232355650
2024-08-16 13:26:27,41100.0,1000,Buy,232355972
2024-08-16 13:26:27,41100.0,3000,Buy,232355973
2024-08-16 13:26:44,41100.0,15000,Sell,232356624
2024-08-16 13:26:46,41150.0,2800,Buy,232356685
2024-08-16 13:26:46,41150.0,1600,Buy,232356684
2024-08-16 13:26:46,41150.0,3000,Buy,232356682
2024-08-16 13:26:46,41150.0,1600,Buy,232356683
2024-08-16 13:26:55,41150.0,600,Buy,232357013
2024-08-16 13:26:58,41150.0,100,Buy,232357148
2024-08-16 13:27:03,41150.0,100,Buy,232357483
2024-08-16 13:27:23,41150.0,1100,Buy,232358301
2024-08-16 13:27:24,41150.0,300,Buy,232358334
2024-08-16 13:27:24,41150.0,200,Buy,232358335
2024-08-16 13:27:30,41150.0,1300,Buy,232358624
2024-08-16 13:27:30,41150.0,1600,Buy,232358625
2024-08-16 13:27:30,41150.0,1100,Buy,232358626
2024-08-16 13:27:32,41150.0,400,Buy,232358685
2024-08-16 13:27:32,41150.0,200,Buy,232358686
2024-08-16 13:27:32,41150.0,200,Buy,232358687
2024-08-16 13:27:32,41150.0,200,Buy,232358688
2024-08-16 13:27:40,41200.0,100,Buy,232358976
2024-08-16 13:27:53,41200.0,100,Buy,232359544
2024-08-16 13:27:53,41200.0,100,Buy,232359543
2024-08-16 13:28:21,41200.0,100,Buy,232360672
2024-08-16 13:28:31,41200.0,200,Buy,232361129
2024-08-16 13:28:33,41200.0,500,Buy,232361234
2024-08-16 13:28:44,41200.0,100,Buy,232361777
2024-08-16 13:28:49,41200.0,600,Buy,232362009
2024-08-16 13:28:49,41200.0,400,Buy,232362010
2024-08-16 13:28:52,41200.0,100,Buy,232362180
2024-08-16 13:28:56,41200.0,2000,Buy,232362308
2024-08-16 13:29:03,41200.0,100,Buy,232362636
2024-08-16 13:29:08,41150.0,1000,Sell,232362847
2024-08-16 13:29:09,41200.0,2800,Buy,232362882
2024-08-16 13:29:09,41200.0,5000,Buy,232362881
2024-08-16 13:29:09,41200.0,7400,Buy,232362878
2024-08-16 13:29:09,41200.0,200,Buy,232362880
2024-08-16 13:29:09,41200.0,4600,Buy,232362879
2024-08-16 13:29:20,41200.0,2200,Buy,232363343
2024-08-16 13:29:20,41200.0,800,Buy,232363344
2024-08-16 13:29:21,41200.0,800,Buy,232363352
2024-08-16 13:29:23,41200.0,100,Buy,232363414
2024-08-16 13:29:23,41200.0,100,Buy,232363415
2024-08-16 13:29:33,41200.0,100,Sell,232363785
2024-08-16 13:29:40,41200.0,100,Sell,232364058
2024-08-16 13:29:44,41200.0,600,Sell,232364197
2024-08-16 13:29:44,41200.0,200,Sell,232364198
2024-08-16 13:29:44,41200.0,600,Sell,232364199
2024-08-16 13:29:45,41250.0,100,Buy,232364354
2024-08-16 13:29:46,41200.0,100,Sell,232364405
2024-08-16 13:29:52,41200.0,100,Sell,232364709
2024-08-16 13:29:53,41250.0,1000,Buy,232364809
2024-08-16 13:30:06,41200.0,100,Sell,232365458
2024-08-16 13:30:06,41200.0,200,Sell,232365457
2024-08-16 13:30:06,41200.0,200,Sell,232365456
2024-08-16 13:30:27,41250.0,100,Buy,232366657
2024-08-16 13:30:28,41200.0,200,Sell,232366675
2024-08-16 13:30:29,41250.0,500,Buy,232366707
2024-08-16 13:30:38,41250.0,1000,Buy,232367338
2024-08-16 13:30:40,41250.0,100,Buy,232367412
2024-08-16 13:31:10,41250.0,100,Buy,232368578
2024-08-16 13:31:12,41250.0,200,Buy,232368668
2024-08-16 13:31:42,41250.0,1000,Buy,232370048
2024-08-16 13:31:51,41250.0,100,Buy,232370506
2024-08-16 13:31:56,41250.0,1000,Buy,232370756
2024-08-16 13:31:56,41250.0,600,Buy,232370757
2024-08-16 13:31:56,41250.0,1600,Buy,232370758
2024-08-16 13:31:56,41250.0,1600,Buy,232370755
2024-08-16 13:31:56,41250.0,1700,Buy,232370760
2024-08-16 13:31:56,41250.0,400,Buy,232370761
2024-08-16 13:31:56,41250.0,1000,Buy,232370762
2024-08-16 13:31:56,41250.0,300,Buy,232370759
2024-08-16 13:31:56,41250.0,900,Buy,232370754
2024-08-16 13:31:56,41250.0,800,Buy,232370749
2024-08-16 13:31:56,41250.0,800,Buy,232370752
2024-08-16 13:31:56,41250.0,200,Buy,232370751
2024-08-16 13:31:56,41250.0,4500,Buy,232370750
2024-08-16 13:31:56,41250.0,7700,Buy,232370744
2024-08-16 13:31:56,41250.0,200,Buy,232370748
2024-08-16 13:31:56,41250.0,100,Buy,232370747
2024-08-16 13:31:56,41250.0,3000,Buy,232370746
2024-08-16 13:31:56,41250.0,2000,Buy,232370745
2024-08-16 13:31:56,41250.0,1600,Buy,232370753
2024-08-16 13:31:59,41250.0,4000,Buy,232370869
2024-08-16 13:31:59,41250.0,100,Buy,232370870
2024-08-16 13:32:15,41300.0,300,Buy,232371761
2024-08-16 13:32:15,41300.0,1000,Buy,232371762
2024-08-16 13:32:15,41300.0,200,Buy,232371763
2024-08-16 13:32:26,41250.0,3400,Sell,232372269
2024-08-16 13:32:26,41250.0,2000,Sell,232372247
2024-08-16 13:32:34,41300.0,100,Buy,232372714
2024-08-16 13:32:40,41300.0,1000,Buy,232373007
2024-08-16 13:32:51,41300.0,700,Buy,232373505
2024-08-16 13:32:51,41300.0,300,Buy,232373506
2024-08-16 13:32:52,41250.0,2000,Sell,232373532
2024-08-16 13:32:53,41300.0,1800,Buy,232373593
2024-08-16 13:32:53,41300.0,1000,Buy,232373592
2024-08-16 13:32:53,41300.0,2500,Buy,232373591
2024-08-16 13:32:53,41300.0,1000,Buy,232373590
2024-08-16 13:32:53,41300.0,1900,Buy,232373589
2024-08-16 13:32:53,41300.0,1000,Buy,232373587
2024-08-16 13:32:53,41300.0,5000,Buy,232373588
2024-08-16 13:32:53,41300.0,1000,Buy,232373586
2024-08-16 13:32:53,41300.0,900,Buy,232373582
2024-08-16 13:32:53,41300.0,100,Buy,232373584
2024-08-16 13:32:53,41300.0,100,Buy,232373585
2024-08-16 13:32:53,41300.0,5400,Buy,232373577
2024-08-16 13:32:53,41300.0,200,Buy,232373578
2024-08-16 13:32:53,41300.0,100,Buy,232373580
2024-08-16 13:32:53,41300.0,9500,Buy,232373579
2024-08-16 13:32:53,41300.0,2000,Buy,232373581
2024-08-16 13:32:53,41300.0,4500,Buy,232373583
2024-08-16 13:32:54,41300.0,500,Buy,232373628
2024-08-16 13:32:58,41300.0,1600,Buy,232373888
2024-08-16 13:32:58,41300.0,200,Buy,232373889
2024-08-16 13:32:58,41300.0,100,Buy,232373890
2024-08-16 13:32:58,41300.0,100,Buy,232373891
2024-08-16 13:32:58,41300.0,1000,Buy,232373892
2024-08-16 13:33:09,41250.0,2000,Sell,232374478
2024-08-16 13:33:11,41300.0,1000,Buy,232374553
2024-08-16 13:33:16,41300.0,100,Buy,232374745
2024-08-16 13:33:19,41300.0,1100,Buy,232374947
2024-08-16 13:33:31,41300.0,500,Buy,232375452
2024-08-16 13:33:44,41300.0,300,Buy,232376122
2024-08-16 13:33:58,41300.0,100,Buy,232376669
2024-08-16 13:34:04,41250.0,300,Sell,232376928
2024-08-16 13:34:08,41250.0,200,Sell,232377087
2024-08-16 13:34:29,41250.0,100,Sell,232377837
2024-08-16 13:34:35,41250.0,10000,Sell,232378073
2024-08-16 13:34:35,41250.0,2000,Sell,232378074
2024-08-16 13:34:35,41250.0,3000,Sell,232378075
2024-08-16 13:34:40,41300.0,100,Buy,232378233
2024-08-16 13:34:43,41250.0,1000,Sell,232378343
2024-08-16 13:34:43,41250.0,1000,Sell,232378342
2024-08-16 13:34:43,41250.0,900,Sell,232378340
2024-08-16 13:34:43,41250.0,600,Sell,232378339
2024-08-16 13:34:43,41250.0,500,Sell,232378341
2024-08-16 13:34:46,41250.0,600,Buy,232378479
2024-08-16 13:35:09,41250.0,100,Buy,232379595
2024-08-16 13:35:09,41250.0,4900,Buy,232379596
2024-08-16 13:35:12,41250.0,2100,Buy,232379754
2024-08-16 13:35:23,41250.0,100,Buy,232380252
2024-08-16 13:35:36,41250.0,500,Buy,232380684
2024-08-16 13:35:36,41250.0,900,Buy,232380685
2024-08-16 13:35:43,41250.0,100,Buy,232380972
2024-08-16 13:35:51,41250.0,200,Buy,232381237
2024-08-16 13:35:54,41250.0,200,Buy,232381347
2024-08-16 13:36:05,41300.0,100,Buy,232381895
2024-08-16 13:36:11,41250.0,100,Sell,232382099
2024-08-16 13:36:20,41250.0,300,Buy,232382436
2024-08-16 13:36:38,41250.0,100,Sell,232383097
2024-08-16 13:36:48,41300.0,100,Buy,232383441
2024-08-16 13:36:56,41300.0,100,Buy,232383800
2024-08-16 13:37:30,41300.0,100,Buy,232384989
2024-08-16 13:37:43,41300.0,400,Buy,232385449
2024-08-16 13:37:43,41300.0,1100,Buy,232385450
2024-08-16 13:38:13,41300.0,100,Buy,232386522
2024-08-16 13:38:19,41250.0,700,Sell,232386719
2024-08-16 13:38:22,41250.0,100,Sell,232386802
2024-08-16 13:38:25,41250.0,1500,Sell,232386869
2024-08-16 13:38:38,41250.0,1600,Sell,232387447
2024-08-16 13:38:39,41250.0,100,Sell,232387474
2024-08-16 13:38:39,41200.0,1300,Sell,232387475
2024-08-16 13:38:39,41250.0,200,Sell,232387473
2024-08-16 13:38:39,41250.0,100,Sell,232387470
2024-08-16 13:38:39,41250.0,100,Sell,232387471
2024-08-16 13:38:39,41250.0,300,Sell,232387472
2024-08-16 13:38:39,41250.0,2900,Sell,232387469
2024-08-16 13:38:41,41250.0,200,Sell,232387573
2024-08-16 13:38:49,41250.0,200,Sell,232387895
2024-08-16 13:38:50,41250.0,100,Sell,232387924
2024-08-16 13:38:56,41250.0,100,Buy,232388102
2024-08-16 13:39:03,41200.0,1000,Sell,232388424
2024-08-16 13:39:03,41200.0,3000,Sell,232388422
2024-08-16 13:39:03,41200.0,2000,Sell,232388421
2024-08-16 13:39:03,41200.0,600,Sell,232388420
2024-08-16 13:39:03,41200.0,1400,Sell,232388425
2024-08-16 13:39:03,41200.0,300,Sell,232388418
2024-08-16 13:39:03,41200.0,2800,Sell,232388417
2024-08-16 13:39:03,41200.0,200,Sell,232388416
2024-08-16 13:39:03,41200.0,4000,Sell,232388415
2024-08-16 13:39:03,41200.0,1000,Sell,232388419
2024-08-16 13:39:03,41200.0,8700,Sell,232388414
2024-08-16 13:39:06,41200.0,100,Sell,232388505
2024-08-16 13:39:24,41200.0,5600,Buy,232389351
2024-08-16 13:39:37,41200.0,300,Sell,232389755
2024-08-16 13:39:39,41250.0,100,Buy,232389847
2024-08-16 13:39:39,41200.0,1000,Sell,232389925
2024-08-16 13:39:39,41150.0,300,Sell,232389926
2024-08-16 13:39:39,41150.0,3200,Sell,232389927
2024-08-16 13:39:39,41200.0,1200,Sell,232389924
2024-08-16 13:39:49,41200.0,500,Sell,232390392
2024-08-16 13:39:50,41200.0,1000,Buy,232390422
2024-08-16 13:40:04,41150.0,900,Sell,232391128
2024-08-16 13:40:04,41150.0,1800,Sell,232391130
2024-08-16 13:40:04,41150.0,100,Sell,232391129
2024-08-16 13:40:04,41150.0,200,Sell,232391127
2024-08-16 13:40:04,41150.0,100,Sell,232391125
2024-08-16 13:40:04,41150.0,1300,Sell,232391123
2024-08-16 13:40:04,41150.0,200,Sell,232391126
2024-08-16 13:40:04,41150.0,1100,Sell,232391124
2024-08-16 13:40:10,41150.0,100,Sell,232391410
2024-08-16 13:40:21,41200.0,100,Buy,232391885
2024-08-16 13:40:34,41150.0,200,Sell,232392484
2024-08-16 13:40:34,41150.0,1000,Sell,232392483
2024-08-16 13:40:34,41150.0,100,Sell,232392482
2024-08-16 13:40:34,41150.0,1000,Sell,232392481
2024-08-16 13:40:34,41150.0,2500,Sell,232392485
2024-08-16 13:40:34,41150.0,200,Sell,232392479
2024-08-16 13:40:34,41150.0,100,Sell,232392478
2024-08-16 13:40:34,41150.0,100,Sell,232392477
2024-08-16 13:40:34,41150.0,500,Sell,232392480
2024-08-16 13:40:34,41200.0,100,Buy,232392405
2024-08-16 13:40:36,41200.0,200,Buy,232392537
2024-08-16 13:40:36,41200.0,1000,Buy,232392535
2024-08-16 13:40:36,41200.0,1100,Buy,232392534
2024-08-16 13:40:36,41200.0,100,Buy,232392536
2024-08-16 13:40:58,41200.0,100,Buy,232393431
2024-08-16 13:41:04,41200.0,100,Buy,232393726
2024-08-16 13:41:08,41200.0,1500,Buy,232393894
2024-08-16 13:41:19,41200.0,1000,Buy,232394322
2024-08-16 13:41:20,41200.0,1600,Buy,232394333
2024-08-16 13:41:20,41200.0,600,Buy,232394334
2024-08-16 13:41:20,41200.0,1000,Buy,232394335
2024-08-16 13:41:22,41200.0,400,Buy,232394428
2024-08-16 13:41:41,41200.0,100,Sell,232395116
2024-08-16 13:41:48,41200.0,100,Buy,232395367
2024-08-16 13:42:10,41200.0,1100,Buy,232396294
2024-08-16 13:42:15,41200.0,300,Buy,232396641
2024-08-16 13:42:31,41250.0,100,Buy,232397286
2024-08-16 13:42:39,41200.0,5500,Sell,232397624
2024-08-16 13:42:41,41200.0,400,Buy,232397721
2024-08-16 13:42:56,41200.0,700,Buy,232398194
2024-08-16 13:43:14,41200.0,100,Buy,232398910
2024-08-16 13:43:22,41200.0,1000,Buy,232399262
2024-08-16 13:43:43,41200.0,2000,Buy,232399962
2024-08-16 13:43:57,41200.0,100,Buy,232400385
2024-08-16 13:44:08,41200.0,500,Buy,232400703
2024-08-16 13:44:20,41150.0,300,Sell,232401131
2024-08-16 13:44:20,41150.0,7000,Sell,232401132
2024-08-16 13:44:20,41150.0,100,Sell,232401133
2024-08-16 13:44:20,41150.0,1000,Sell,232401134
2024-08-16 13:44:20,41150.0,200,Sell,232401135
2024-08-16 13:44:31,41150.0,300,Sell,232401430
2024-08-16 13:44:40,41200.0,100,Buy,232401732
2024-08-16 13:44:46,41150.0,700,Sell,232401898
2024-08-16 13:44:46,41150.0,100,Sell,232401897
2024-08-16 13:44:50,41200.0,100,Buy,232402027
2024-08-16 13:44:55,41200.0,200,Buy,232402166
2024-08-16 13:45:05,41200.0,4600,Buy,232402558
2024-08-16 13:45:05,41200.0,5000,Buy,232402559
2024-08-16 13:45:05,41200.0,100,Buy,232402560
2024-08-16 13:45:05,41200.0,1500,Buy,232402561
2024-08-16 13:45:05,41200.0,1600,Buy,232402562
2024-08-16 13:45:05,41200.0,1000,Buy,232402563
2024-08-16 13:45:05,41200.0,200,Buy,232402564
2024-08-16 13:45:22,41200.0,500,Buy,232403131
2024-08-16 13:45:24,41200.0,100,Buy,232403218
2024-08-16 13:45:27,41150.0,1600,Sell,232403401
2024-08-16 13:45:48,41200.0,100,Buy,232404162
2024-08-16 13:45:58,41200.0,1600,Buy,232404570
2024-08-16 13:45:58,41200.0,900,Buy,232404569
2024-08-16 13:46:07,41200.0,100,Buy,232405002
2024-08-16 13:46:07,41200.0,100,Buy,232405006
2024-08-16 13:46:26,41200.0,1300,Buy,232405798
2024-08-16 13:46:33,41150.0,1200,Sell,232405979
2024-08-16 13:46:33,41150.0,100,Sell,232405980
2024-08-16 13:46:33,41150.0,300,Sell,232405981
2024-08-16 13:46:51,41200.0,100,Buy,232406779
2024-08-16 13:47:08,41200.0,6000,Buy,232407310
2024-08-16 13:47:08,41200.0,1700,Buy,232407311
2024-08-16 13:47:08,41200.0,2300,Buy,232407312
2024-08-16 13:47:14,41200.0,1600,Buy,232407576
2024-08-16 13:47:14,41200.0,1500,Buy,232407577
2024-08-16 13:47:14,41200.0,1900,Buy,232407569
2024-08-16 13:47:14,41200.0,5800,Buy,232407575
2024-08-16 13:47:20,41200.0,300,Sell,232407872
2024-08-16 13:47:21,41250.0,100,Buy,232407948
2024-08-16 13:47:21,41250.0,600,Buy,232407949
2024-08-16 13:47:21,41250.0,200,Buy,232407950
2024-08-16 13:47:21,41250.0,900,Buy,232407951
2024-08-16 13:47:35,41250.0,100,Buy,232408535
2024-08-16 13:47:47,41300.0,4500,Buy,232409039
2024-08-16 13:47:47,41300.0,200,Buy,232409038
2024-08-16 13:47:47,41300.0,200,Buy,232409037
2024-08-16 13:47:47,41300.0,100,Buy,232409036
2024-08-16 13:47:47,41300.0,500,Buy,232409035
2024-08-16 13:47:47,41300.0,1000,Buy,232409034
2024-08-16 13:47:47,41300.0,100,Buy,232409032
2024-08-16 13:47:47,41300.0,1600,Buy,232409033
2024-08-16 13:47:47,41300.0,500,Buy,232409030
2024-08-16 13:47:47,41300.0,1600,Buy,232409029
2024-08-16 13:47:47,41300.0,300,Buy,232409028
2024-08-16 13:47:47,41250.0,800,Buy,232409027
2024-08-16 13:47:47,41250.0,1600,Buy,232409026
2024-08-16 13:47:47,41250.0,400,Buy,232409025
2024-08-16 13:47:47,41250.0,600,Buy,232409024
2024-08-16 13:47:47,41300.0,6000,Buy,232409031
2024-08-16 13:47:59,41300.0,200,Buy,232409513
2024-08-16 13:48:12,41300.0,100,Buy,232410076
2024-08-16 13:48:19,41300.0,100,Buy,232410305
2024-08-16 13:48:26,41250.0,100,Sell,232410531
2024-08-16 13:48:58,41250.0,500,Buy,232411685
2024-08-16 13:48:58,41250.0,300,Buy,232411684
2024-08-16 13:49:02,41300.0,100,Buy,232411818
2024-08-16 13:49:04,41250.0,100,Sell,232411879
2024-08-16 13:49:12,41400.0,100,Buy,232412128
2024-08-16 13:49:12,41400.0,1000,Buy,232412127
2024-08-16 13:49:12,41400.0,100,Buy,232412126
2024-08-16 13:49:12,41400.0,1000,Buy,232412123
2024-08-16 13:49:12,41400.0,100,Buy,232412124
2024-08-16 13:49:12,41400.0,1000,Buy,232412122
2024-08-16 13:49:12,41350.0,1000,Buy,232412115
2024-08-16 13:49:12,41400.0,1000,Buy,232412120
2024-08-16 13:49:12,41400.0,1000,Buy,232412119
2024-08-16 13:49:12,41400.0,100,Buy,232412118
2024-08-16 13:49:12,41400.0,100,Buy,232412117
2024-08-16 13:49:12,41400.0,2900,Buy,232412116
2024-08-16 13:49:12,41400.0,100,Buy,232412129
2024-08-16 13:49:12,41400.0,100,Buy,232412121
2024-08-16 13:49:12,41400.0,100,Buy,232412130
2024-08-16 13:49:12,41400.0,200,Buy,232412137
2024-08-16 13:49:12,41400.0,100,Buy,232412132
2024-08-16 13:49:12,41400.0,100,Buy,232412146
2024-08-16 13:49:12,41400.0,100,Buy,232412145
2024-08-16 13:49:12,41400.0,300,Buy,232412144
2024-08-16 13:49:12,41400.0,400,Buy,232412143
2024-08-16 13:49:12,41400.0,100,Buy,232412142
2024-08-16 13:49:12,41400.0,100,Buy,232412141
2024-08-16 13:49:12,41400.0,200,Buy,232412131
2024-08-16 13:49:12,41400.0,800,Buy,232412140
2024-08-16 13:49:12,41400.0,500,Buy,232412138
2024-08-16 13:49:12,41350.0,200,Buy,232412114
2024-08-16 13:49:12,41400.0,1000,Buy,232412136
2024-08-16 13:49:12,41400.0,100,Buy,232412135
2024-08-16 13:49:12,41400.0,200,Buy,232412134
2024-08-16 13:49:12,41400.0,100,Buy,232412133
2024-08-16 13:49:12,41400.0,800,Buy,232412139
2024-08-16 13:49:12,41350.0,200,Buy,232412113
2024-08-16 13:49:12,41400.0,200,Buy,232412125
2024-08-16 13:49:12,41350.0,300,Buy,232412111
2024-08-16 13:49:12,41300.0,1000,Buy,232412091
2024-08-16 13:49:12,41300.0,100,Buy,232412090
2024-08-16 13:49:12,41300.0,10000,Buy,232412089
2024-08-16 13:49:12,41300.0,2000,Buy,232412088
2024-08-16 13:49:12,41300.0,300,Buy,232412087
2024-08-16 13:49:12,41300.0,500,Buy,232412086
2024-08-16 13:49:12,41350.0,900,Buy,232412112
2024-08-16 13:49:12,41300.0,1000,Buy,232412085
2024-08-16 13:49:12,41300.0,500,Buy,232412083
2024-08-16 13:49:12,41300.0,2000,Buy,232412082
2024-08-16 13:49:12,41300.0,900,Buy,232412081
2024-08-16 13:49:12,41300.0,800,Buy,232412080
2024-08-16 13:49:12,41300.0,200,Buy,232412079
2024-08-16 13:49:12,41300.0,3300,Buy,232412078
2024-08-16 13:49:12,41300.0,500,Buy,232412084
2024-08-16 13:49:12,41300.0,100,Buy,232412093
2024-08-16 13:49:12,41300.0,1000,Buy,232412092
2024-08-16 13:49:12,41350.0,11700,Buy,232412095
2024-08-16 13:49:12,41350.0,1600,Buy,232412110
2024-08-16 13:49:12,41350.0,100,Buy,232412109
2024-08-16 13:49:12,41350.0,5000,Buy,232412108
2024-08-16 13:49:12,41350.0,300,Buy,232412107
2024-08-16 13:49:12,41350.0,100,Buy,232412106
2024-08-16 13:49:12,41350.0,17800,Buy,232412094
2024-08-16 13:49:12,41350.0,100,Buy,232412104
2024-08-16 13:49:12,41350.0,100,Buy,232412105
2024-08-16 13:49:12,41350.0,1000,Buy,232412102
2024-08-16 13:49:12,41350.0,100,Buy,232412101
2024-08-16 13:49:12,41350.0,1000,Buy,232412100
2024-08-16 13:49:12,41350.0,1000,Buy,232412099
2024-08-16 13:49:12,41350.0,100,Buy,232412098
2024-08-16 13:49:12,41350.0,900,Buy,232412097
2024-08-16 13:49:12,41350.0,100,Buy,232412096
2024-08-16 13:49:12,41350.0,100,Buy,232412103
2024-08-16 13:49:13,41400.0,100,Sell,232412172
2024-08-16 13:49:14,41400.0,500,Sell,232412370
2024-08-16 13:49:16,41450.0,1700,Buy,232412450
2024-08-16 13:49:16,41450.0,100,Buy,232412449
2024-08-16 13:49:16,41450.0,100,Buy,232412447
2024-08-16 13:49:16,41450.0,200,Buy,232412446
2024-08-16 13:49:16,41450.0,100,Buy,232412448
2024-08-16 13:49:29,41500.0,200,Buy,232412934
2024-08-16 13:49:29,41500.0,100,Buy,232412935
2024-08-16 13:49:29,41500.0,500,Buy,232412936
2024-08-16 13:49:29,41500.0,100,Buy,232412937
2024-08-16 13:49:29,41500.0,100,Buy,232412938
2024-08-16 13:49:29,41500.0,500,Buy,232412939
2024-08-16 13:49:29,41500.0,4500,Buy,232412948
2024-08-16 13:49:29,41500.0,1000,Buy,232412941
2024-08-16 13:49:29,41500.0,1000,Buy,232412942
2024-08-16 13:49:29,41500.0,5000,Buy,232412943
2024-08-16 13:49:29,41500.0,1000,Buy,232412944
2024-08-16 13:49:29,41500.0,500,Buy,232412945
2024-08-16 13:49:29,41500.0,500,Buy,232412946
2024-08-16 13:49:29,41500.0,100,Buy,232412947
2024-08-16 13:49:29,41500.0,5000,Buy,232412933
2024-08-16 13:49:29,41500.0,500,Buy,232412940
2024-08-16 13:49:29,41500.0,600,Buy,232412949
2024-08-16 13:49:29,41500.0,200,Buy,232412951
2024-08-16 13:49:29,41500.0,100,Buy,232412964
2024-08-16 13:49:29,41500.0,1000,Buy,232412963
2024-08-16 13:49:29,41500.0,1900,Buy,232412962
2024-08-16 13:49:29,41500.0,300,Buy,232412961
2024-08-16 13:49:29,41500.0,100,Buy,232412960
2024-08-16 13:49:29,41500.0,200,Buy,232412959
2024-08-16 13:49:29,41500.0,100,Buy,232412950
2024-08-16 13:49:29,41500.0,6000,Buy,232412958
2024-08-16 13:49:29,41500.0,200,Buy,232412932
2024-08-16 13:49:29,41500.0,200,Buy,232412956
2024-08-16 13:49:29,41500.0,100,Buy,232412955
2024-08-16 13:49:29,41500.0,100,Buy,232412954
2024-08-16 13:49:29,41500.0,200,Buy,232412953
2024-08-16 13:49:29,41500.0,200,Buy,232412952
2024-08-16 13:49:29,41500.0,1000,Buy,232412957
2024-08-16 13:49:29,41500.0,4000,Buy,232412930
2024-08-16 13:49:29,41450.0,100,Buy,232412902
2024-08-16 13:49:29,41500.0,200,Buy,232412928
2024-08-16 13:49:29,41450.0,100,Buy,232412908
2024-08-16 13:49:29,41450.0,1000,Buy,232412907
2024-08-16 13:49:29,41450.0,100,Buy,232412906
2024-08-16 13:49:29,41450.0,1000,Buy,232412905
2024-08-16 13:49:29,41450.0,100,Buy,232412904
2024-08-16 13:49:29,41450.0,100,Buy,232412903
2024-08-16 13:49:29,41450.0,200,Buy,232412909
2024-08-16 13:49:29,41450.0,100,Buy,232412901
2024-08-16 13:49:29,41450.0,100,Buy,232412899
2024-08-16 13:49:29,41450.0,500,Buy,232412898
2024-08-16 13:49:29,41450.0,200,Buy,232412897
2024-08-16 13:49:29,41450.0,1000,Buy,232412896
2024-08-16 13:49:29,41450.0,2000,Buy,232412895
2024-08-16 13:49:29,41450.0,3300,Buy,232412894
2024-08-16 13:49:29,41450.0,100,Buy,232412900
2024-08-16 13:49:29,41450.0,100,Buy,232412910
2024-08-16 13:49:29,41500.0,200,Buy,232412929
2024-08-16 13:49:29,41500.0,100,Buy,232412912
2024-08-16 13:49:29,41500.0,1500,Buy,232412927
2024-08-16 13:49:29,41500.0,1000,Buy,232412926
2024-08-16 13:49:29,41500.0,300,Buy,232412925
2024-08-16 13:49:29,41500.0,100,Buy,232412924
2024-08-16 13:49:29,41500.0,1000,Buy,232412923
2024-08-16 13:49:29,41500.0,900,Buy,232412922
2024-08-16 13:49:29,41500.0,1000,Buy,232412921
2024-08-16 13:49:29,41450.0,100,Buy,232412911
2024-08-16 13:49:29,41500.0,400,Buy,232412919
2024-08-16 13:49:29,41500.0,100,Buy,232412913
2024-08-16 13:49:29,41500.0,300,Buy,232412914
2024-08-16 13:49:29,41500.0,300,Buy,232412915
2024-08-16 13:49:29,41500.0,1000,Buy,232412920
2024-08-16 13:49:29,41500.0,2000,Buy,232412917
2024-08-16 13:49:29,41500.0,200,Buy,232412918
2024-08-16 13:49:29,41500.0,100,Buy,232412916
2024-08-16 13:49:33,41500.0,500,Sell,232413118
2024-08-16 13:49:36,41500.0,100,Sell,232413202
2024-08-16 13:49:47,41550.0,100,Buy,232413601
2024-08-16 13:49:49,41550.0,100,Buy,232413671
2024-08-16 13:49:49,41550.0,200,Buy,232413672
2024-08-16 13:49:49,41550.0,200,Buy,232413673
2024-08-16 13:49:49,41550.0,100,Buy,232413674
2024-08-16 13:49:49,41550.0,100,Buy,232413675
2024-08-16 13:49:49,41600.0,100,Buy,232413701
2024-08-16 13:49:49,41600.0,100,Buy,232413702
2024-08-16 13:49:49,41600.0,200,Buy,232413703
2024-08-16 13:49:49,41600.0,600,Buy,232413704
2024-08-16 13:49:56,41550.0,100,Sell,232413923
2024-08-16 13:49:56,41500.0,900,Sell,232413924
2024-08-16 13:50:04,41550.0,100,Buy,232414172
2024-08-16 13:50:07,41500.0,500,Sell,232414276
2024-08-16 13:50:07,41500.0,4500,Sell,232414277
2024-08-16 13:50:21,41600.0,7100,Buy,232414741
2024-08-16 13:50:21,41600.0,100,Buy,232414740
2024-08-16 13:50:21,41600.0,100,Buy,232414739
2024-08-16 13:50:21,41600.0,100,Buy,232414738
2024-08-16 13:50:21,41600.0,100,Buy,232414737
2024-08-16 13:50:21,41600.0,400,Buy,232414731
2024-08-16 13:50:21,41550.0,200,Buy,232414730
2024-08-16 13:50:21,41550.0,200,Buy,232414729
2024-08-16 13:50:21,41550.0,1500,Buy,232414728
2024-08-16 13:50:21,41600.0,100,Buy,232414736
2024-08-16 13:50:22,41550.0,500,Buy,232414792
2024-08-16 13:50:26,41500.0,1600,Sell,232414886
2024-08-16 13:50:31,41550.0,100,Buy,232415089
2024-08-16 13:50:37,41550.0,500,Buy,232415659
2024-08-16 13:50:44,41500.0,21300,Sell,232415990
2024-08-16 13:50:49,41500.0,3000,Sell,232416162
2024-08-16 13:50:52,41500.0,100,Sell,232416250
2024-08-16 13:50:57,41500.0,100,Sell,232416432
2024-08-16 13:50:58,41500.0,3000,Sell,232416487
2024-08-16 13:51:04,41550.0,500,Buy,232416720
2024-08-16 13:51:04,41600.0,100,Buy,232416734
2024-08-16 13:51:04,41600.0,100,Buy,232416733
2024-08-16 13:51:04,41600.0,100,Buy,232416732
2024-08-16 13:51:04,41600.0,900,Buy,232416731
2024-08-16 13:51:04,41550.0,100,Buy,232416730
2024-08-16 13:51:04,41550.0,500,Buy,232416729
2024-08-16 13:51:04,41600.0,800,Buy,232416735
2024-08-16 13:51:04,41550.0,100,Buy,232416728
2024-08-16 13:51:04,41550.0,100,Buy,232416726
2024-08-16 13:51:04,41550.0,2000,Buy,232416725
2024-08-16 13:51:04,41550.0,700,Buy,232416724
2024-08-16 13:51:04,41550.0,1600,Buy,232416723
2024-08-16 13:51:04,41550.0,100,Buy,232416722
2024-08-16 13:51:04,41550.0,1600,Buy,232416721
2024-08-16 13:51:04,41550.0,200,Buy,232416727
2024-08-16 13:51:04,41550.0,500,Buy,232416719
2024-08-16 13:51:12,41550.0,100,Buy,232417099
2024-08-16 13:51:12,41550.0,1600,Buy,232417097
2024-08-16 13:51:12,41550.0,200,Buy,232417098
2024-08-16 13:51:15,41600.0,100,Buy,232417155
2024-08-16 13:51:19,41600.0,100,Buy,232417283
2024-08-16 13:51:19,41600.0,2000,Buy,232417284
2024-08-16 13:51:19,41600.0,2000,Buy,232417285
2024-08-16 13:51:19,41600.0,1500,Buy,232417286
2024-08-16 13:51:19,41600.0,2000,Buy,232417287
2024-08-16 13:51:24,41550.0,1100,Sell,232417414
2024-08-16 13:51:34,41550.0,100,Buy,232417980
2024-08-16 13:51:59,41550.0,100,Buy,232418924
2024-08-16 13:52:32,41500.0,1600,Sell,232420377
2024-08-16 13:52:44,41550.0,100,Buy,232420759
2024-08-16 13:52:45,41500.0,1600,Sell,232420821
2024-08-16 13:52:51,41500.0,1400,Sell,232421101
2024-08-16 13:52:54,41500.0,300,Sell,232421300
2024-08-16 13:52:58,41500.0,6500,Sell,232421426
2024-08-16 13:52:58,41500.0,500,Sell,232421446
2024-08-16 13:52:58,41500.0,900,Sell,232421447
2024-08-16 13:52:58,41500.0,100,Sell,232421489
2024-08-16 13:52:58,41500.0,100,Sell,232421490
2024-08-16 13:52:58,41500.0,200,Sell,232421491
2024-08-16 13:53:04,41500.0,200,Buy,232421719
2024-08-16 13:53:28,41500.0,100,Buy,232422481
2024-08-16 13:53:29,41500.0,300,Buy,232422573
2024-08-16 13:53:29,41500.0,200,Buy,232422572
2024-08-16 13:53:42,41450.0,100,Sell,232423002
2024-08-16 13:53:43,41500.0,100,Buy,232423034
2024-08-16 13:54:08,41450.0,100,Sell,232424037
2024-08-16 13:54:12,41500.0,100,Buy,232424317
2024-08-16 13:54:15,41500.0,1000,Buy,232424410
2024-08-16 13:54:18,41450.0,2100,Sell,232424506
2024-08-16 13:54:18,41450.0,1000,Sell,232424507
2024-08-16 13:54:57,41450.0,100,Buy,232426729
2024-08-16 13:55:00,41450.0,100,Buy,232426888
2024-08-16 13:55:29,41400.0,200,Buy,232428340
2024-08-16 13:55:36,41350.0,5700,Sell,232428729
2024-08-16 13:55:42,41400.0,100,Buy,232429077
2024-08-16 13:56:04,41350.0,5700,Sell,232430081
2024-08-16 13:56:21,41350.0,100,Sell,232430726
2024-08-16 13:56:26,41400.0,100,Buy,232430893
2024-08-16 13:56:34,41350.0,3500,Sell,232431227
2024-08-16 13:56:34,41350.0,200,Sell,232431229
2024-08-16 13:56:34,41350.0,100,Sell,232431230
2024-08-16 13:56:34,41350.0,1300,Sell,232431231
2024-08-16 13:56:42,41350.0,600,Buy,232431637
2024-08-16 13:56:42,41350.0,200,Buy,232431638
2024-08-16 13:56:52,41350.0,1600,Buy,232432040
2024-08-16 13:57:05,41350.0,1600,Buy,232432455
2024-08-16 13:57:11,41400.0,100,Buy,232432677
2024-08-16 13:57:20,41400.0,500,Buy,232433070
2024-08-16 13:57:47,41350.0,100,Sell,232434016
2024-08-16 13:57:57,41400.0,100,Buy,232434357
2024-08-16 13:58:31,41400.0,100,Buy,232435627
2024-08-16 13:58:36,41350.0,100,Sell,232435785
2024-08-16 13:58:36,41350.0,5000,Sell,232435786
2024-08-16 13:58:36,41350.0,100,Sell,232435787
2024-08-16 13:58:36,41350.0,9800,Sell,232435788
2024-08-16 13:58:42,41400.0,100,Buy,232436050
2024-08-16 13:58:57,41350.0,9800,Sell,232436520
2024-08-16 13:58:57,41350.0,200,Sell,232436516
2024-08-16 13:59:15,41350.0,200,Sell,232437030
2024-08-16 13:59:15,41350.0,10000,Sell,232437031
2024-08-16 13:59:15,41300.0,5000,Sell,232437032
2024-08-16 13:59:15,41300.0,5000,Sell,232437033
2024-08-16 13:59:15,41300.0,100,Sell,232437034
2024-08-16 13:59:25,41300.0,200,Buy,232437625
2024-08-16 13:59:27,41300.0,100,Buy,232437661
2024-08-16 13:59:32,41300.0,1400,Buy,232437906
2024-08-16 13:59:53,41300.0,1600,Buy,232438692
2024-08-16 14:00:08,41350.0,100,Buy,232439280
2024-08-16 14:00:13,41350.0,100,Buy,232439424
2024-08-16 14:00:15,41350.0,100,Buy,232439488
2024-08-16 14:00:56,41300.0,200,Sell,232441138
2024-08-16 14:00:59,41350.0,100,Buy,232441229
2024-08-16 14:01:00,41300.0,100,Sell,232441307
2024-08-16 14:01:24,41300.0,500,Sell,232441989
2024-08-16 14:01:33,41300.0,600,Sell,232442257
2024-08-16 14:01:33,41300.0,100,Sell,232442258
2024-08-16 14:01:33,41300.0,800,Sell,232442259
2024-08-16 14:01:42,41300.0,100,Sell,232442626
2024-08-16 14:01:45,41350.0,100,Buy,232442676
2024-08-16 14:01:48,41300.0,200,Sell,232442745
2024-08-16 14:01:48,41300.0,100,Sell,232442744
2024-08-16 14:01:48,41300.0,1000,Sell,232442746
2024-08-16 14:01:48,41300.0,5000,Sell,232442742
2024-08-16 14:01:48,41300.0,400,Sell,232442743
2024-08-16 14:01:48,41300.0,100,Sell,232442738
2024-08-16 14:01:55,41250.0,500,Sell,232443027
2024-08-16 14:01:55,41250.0,300,Sell,232443026
2024-08-16 14:02:03,41300.0,200,Buy,232443313
2024-08-16 14:02:30,41350.0,100,Buy,232444335
2024-08-16 14:02:48,41350.0,900,Buy,232445000
2024-08-16 14:02:48,41300.0,100,Sell,232445037
2024-08-16 14:02:56,41300.0,200,Sell,232445302
2024-08-16 14:03:17,41350.0,100,Buy,232446065
2024-08-16 14:03:25,41350.0,100,Buy,232446394
2024-08-16 14:03:25,41350.0,100,Buy,232446395
2024-08-16 14:03:28,41300.0,300,Sell,232446483
2024-08-16 14:03:28,41300.0,100,Sell,232446482
2024-08-16 14:03:28,41300.0,100,Sell,232446480
2024-08-16 14:03:28,41300.0,200,Sell,232446479
2024-08-16 14:03:28,41300.0,900,Sell,232446481
2024-08-16 14:03:46,41300.0,700,Sell,232447148
2024-08-16 14:03:46,41300.0,300,Sell,232447149
2024-08-16 14:03:54,41300.0,900,Sell,232447415
2024-08-16 14:03:54,41300.0,1600,Sell,232447416
2024-08-16 14:03:54,41350.0,500,Buy,232447442
2024-08-16 14:04:03,41350.0,100,Buy,232447715
2024-08-16 14:04:14,41350.0,900,Buy,232448087
2024-08-16 14:04:14,41350.0,1800,Buy,232448088
2024-08-16 14:04:14,41350.0,300,Buy,232448089
2024-08-16 14:04:24,41350.0,400,Buy,232448459
2024-08-16 14:04:28,41350.0,100,Buy,232448658
2024-08-16 14:04:44,41300.0,200,Sell,232449372
2024-08-16 14:04:44,41300.0,100,Sell,232449371
2024-08-16 14:04:44,41300.0,1000,Sell,232449368
2024-08-16 14:04:44,41300.0,100,Sell,232449369
2024-08-16 14:04:44,41300.0,1000,Sell,232449370
2024-08-16 14:04:50,41300.0,100,Buy,232449607
2024-08-16 14:04:50,41300.0,500,Buy,232449610
2024-08-16 14:04:57,41300.0,100,Sell,232449822
2024-08-16 14:05:03,41300.0,500,Buy,232450042
2024-08-16 14:05:04,41300.0,5000,Buy,232450067
2024-08-16 14:05:36,41300.0,100,Buy,232451225
2024-08-16 14:05:43,41300.0,900,Buy,232451461
2024-08-16 14:05:43,41300.0,4300,Buy,232451460
2024-08-16 14:06:13,41300.0,1600,Buy,232452269
2024-08-16 14:06:13,41300.0,100,Buy,232452270
2024-08-16 14:06:18,41300.0,500,Sell,232452419
2024-08-16 14:06:23,41300.0,2300,Sell,232452683
2024-08-16 14:06:23,41350.0,100,Buy,232452693
2024-08-16 14:07:10,41350.0,100,Buy,232454456
2024-08-16 14:07:17,41350.0,200,Buy,232454756
2024-08-16 14:07:58,41350.0,100,Buy,232455992
2024-08-16 14:08:15,41250.0,8100,Sell,232456497
2024-08-16 14:08:15,41300.0,500,Sell,232456496
2024-08-16 14:08:15,41300.0,200,Sell,232456495
2024-08-16 14:08:15,41300.0,200,Sell,232456493
2024-08-16 14:08:15,41300.0,100,Sell,232456492
2024-08-16 14:08:15,41300.0,500,Sell,232456490
2024-08-16 14:08:15,41300.0,300,Sell,232456494
2024-08-16 14:08:15,41300.0,100,Sell,232456491
2024-08-16 14:08:25,41300.0,200,Buy,232456826
2024-08-16 14:08:44,41300.0,1600,Buy,232457439
2024-08-16 14:08:44,41300.0,1400,Buy,232457438
2024-08-16 14:08:45,41300.0,100,Buy,232457487
2024-08-16 14:08:52,41300.0,1900,Buy,232457694
2024-08-16 14:09:06,41350.0,1600,Buy,232458131
2024-08-16 14:09:06,41350.0,12000,Buy,232458130
2024-08-16 14:09:06,41350.0,300,Buy,232458129
2024-08-16 14:09:06,41350.0,1400,Buy,232458128
2024-08-16 14:09:06,41350.0,100,Buy,232458132
2024-08-16 14:09:06,41350.0,200,Buy,232458126
2024-08-16 14:09:06,41350.0,1600,Buy,232458125
2024-08-16 14:09:06,41350.0,500,Buy,232458124
2024-08-16 14:09:06,41350.0,700,Buy,232458123
2024-08-16 14:09:06,41350.0,1600,Buy,232458127
2024-08-16 14:09:14,41300.0,1000,Sell,232458531
2024-08-16 14:09:33,41350.0,100,Buy,232459142
2024-08-16 14:10:05,41350.0,100,Buy,232460157
2024-08-16 14:10:21,41350.0,100,Buy,232460613
2024-08-16 14:11:08,41300.0,600,Sell,232462062
2024-08-16 14:11:09,41350.0,100,Buy,232462078
2024-08-16 14:11:29,41350.0,100,Buy,232462752
2024-08-16 14:11:58,41350.0,100,Buy,232463922
2024-08-16 14:12:04,41350.0,300,Buy,232464115
2024-08-16 14:12:33,41350.0,300,Buy,232465070
2024-08-16 14:12:47,41350.0,100,Buy,232465478
2024-08-16 14:13:27,41300.0,100,Sell,232466752
2024-08-16 14:13:27,41300.0,100,Sell,232466740
2024-08-16 14:13:28,41350.0,1400,Buy,232466770
2024-08-16 14:13:28,41350.0,200,Buy,232466768
2024-08-16 14:13:28,41350.0,400,Buy,232466769
2024-08-16 14:13:35,41300.0,400,Sell,232466982
2024-08-16 14:13:36,41350.0,100,Buy,232467016
2024-08-16 14:13:37,41300.0,1600,Sell,232467052
2024-08-16 14:13:40,41300.0,1600,Sell,232467129
2024-08-16 14:13:44,41300.0,1600,Sell,232467234
2024-08-16 14:13:53,41300.0,1000,Sell,232467681
2024-08-16 14:14:00,41300.0,3000,Sell,232467837
2024-08-16 14:14:07,41300.0,300,Sell,232468129
2024-08-16 14:14:07,41300.0,100,Sell,232468128
2024-08-16 14:14:07,41300.0,100,Sell,232468127
2024-08-16 14:14:07,41300.0,1800,Sell,232468126
2024-08-16 14:14:13,41300.0,300,Sell,232468346
2024-08-16 14:14:13,41300.0,700,Sell,232468345
2024-08-16 14:14:15,41300.0,1600,Sell,232468394
2024-08-16 14:14:20,41300.0,100,Sell,232468581
2024-08-16 14:14:20,41300.0,100,Sell,232468582
2024-08-16 14:14:20,41300.0,500,Sell,232468583
2024-08-16 14:14:21,41250.0,1400,Sell,232468608
2024-08-16 14:14:21,41250.0,100,Sell,232468609
2024-08-16 14:14:21,41250.0,100,Sell,232468610
2024-08-16 14:14:26,41300.0,100,Buy,232468747
2024-08-16 14:15:05,41300.0,200,Buy,232469994
2024-08-16 14:15:16,41300.0,100,Buy,232470290
2024-08-16 14:15:23,41300.0,100,Buy,232470507
2024-08-16 14:15:29,41300.0,100,Buy,232470730
2024-08-16 14:15:34,41250.0,300,Sell,232470876
2024-08-16 14:15:56,41250.0,100,Sell,232471874
2024-08-16 14:15:58,41250.0,100,Sell,232471950
2024-08-16 14:15:59,41250.0,1400,Sell,232471997
2024-08-16 14:16:07,41300.0,100,Buy,232472173
2024-08-16 14:16:21,41250.0,1000,Sell,232472566
2024-08-16 14:16:21,41250.0,300,Sell,232472567
2024-08-16 14:16:21,41250.0,100,Sell,232472568
2024-08-16 14:16:21,41250.0,100,Sell,232472569
2024-08-16 14:16:21,41250.0,100,Sell,232472570
2024-08-16 14:16:50,41250.0,1600,Sell,232473701
2024-08-16 14:16:58,41300.0,100,Buy,232473943
2024-08-16 14:16:59,41300.0,4500,Buy,232473988
2024-08-16 14:16:59,41300.0,200,Buy,232473987
2024-08-16 14:16:59,41300.0,1600,Buy,232473986
2024-08-16 14:16:59,41300.0,1600,Buy,232473984
2024-08-16 14:16:59,41300.0,500,Buy,232473981
2024-08-16 14:16:59,41300.0,1600,Buy,232473985
2024-08-16 14:16:59,41300.0,10000,Buy,232473982
2024-08-16 14:17:10,41250.0,100,Sell,232474353
2024-08-16 14:17:18,41300.0,500,Buy,232474691
2024-08-16 14:17:18,41300.0,5200,Buy,232474692
2024-08-16 14:17:33,41300.0,300,Buy,232475068
2024-08-16 14:17:50,41300.0,100,Buy,232475588
2024-08-16 14:17:50,41300.0,1000,Buy,232475595
2024-08-16 14:18:00,41250.0,500,Sell,232475905
2024-08-16 14:18:02,41300.0,2300,Buy,232475975
2024-08-16 14:18:02,41300.0,3400,Buy,232475974
2024-08-16 14:18:03,41300.0,700,Buy,232476035
2024-08-16 14:18:03,41300.0,1500,Buy,232476036
2024-08-16 14:18:13,41300.0,300,Buy,232476372
2024-08-16 14:18:22,41250.0,1600,Sell,232476756
2024-08-16 14:18:36,41300.0,3400,Buy,232477157
2024-08-16 14:18:40,41300.0,100,Buy,232477306
2024-08-16 14:18:41,41300.0,7700,Buy,232477386
2024-08-16 14:18:41,41300.0,1600,Buy,232477387
2024-08-16 14:18:41,41300.0,900,Buy,232477388
2024-08-16 14:18:41,41300.0,500,Buy,232477389
2024-08-16 14:18:53,41300.0,1500,Sell,232477832
2024-08-16 14:19:02,41300.0,1300,Sell,232478289
2024-08-16 14:19:08,41300.0,100,Sell,232478484
2024-08-16 14:19:16,41300.0,300,Sell,232478776
2024-08-16 14:19:19,41350.0,100,Buy,232478917
2024-08-16 14:19:19,41350.0,200,Buy,232478918
2024-08-16 14:19:19,41350.0,200,Buy,232478919
2024-08-16 14:19:33,41350.0,100,Buy,232480107
2024-08-16 14:19:40,41300.0,6100,Sell,232480428
2024-08-16 14:19:40,41300.0,1000,Sell,232480429
2024-08-16 14:19:40,41300.0,100,Sell,232480430
2024-08-16 14:19:40,41300.0,1200,Sell,232480431
2024-08-16 14:19:40,41300.0,1300,Sell,232480448
2024-08-16 14:19:40,41300.0,3800,Sell,232480449
2024-08-16 14:19:40,41300.0,800,Sell,232480450
2024-08-16 14:19:49,41300.0,100,Sell,232480679
2024-08-16 14:20:03,41300.0,100,Sell,232481154
2024-08-16 14:20:22,41300.0,100,Sell,232481741
2024-08-16 14:20:27,41350.0,100,Buy,232481887
2024-08-16 14:20:37,41350.0,100,Buy,232482242
2024-08-16 14:20:42,41350.0,800,Buy,232482476
2024-08-16 14:20:42,41350.0,300,Buy,232482511
2024-08-16 14:20:42,41350.0,1600,Buy,232482512
2024-08-16 14:20:42,41350.0,500,Buy,232482513
2024-08-16 14:20:42,41350.0,1600,Buy,232482514
2024-08-16 14:20:42,41350.0,100,Buy,232482515
2024-08-16 14:20:42,41350.0,3500,Buy,232482516
2024-08-16 14:21:08,41350.0,900,Buy,232483408
2024-08-16 14:21:14,41350.0,3800,Buy,232483694
2024-08-16 14:21:20,41350.0,100,Buy,232484074
2024-08-16 14:21:37,41350.0,3700,Buy,232484724
2024-08-16 14:21:37,41350.0,100,Buy,232484736
2024-08-16 14:21:51,41350.0,200,Buy,232485202
2024-08-16 14:21:51,41350.0,800,Buy,232485203
2024-08-16 14:22:13,41350.0,800,Buy,232485996
2024-08-16 14:22:13,41350.0,500,Buy,232485997
2024-08-16 14:22:13,41350.0,500,Buy,232485998
2024-08-16 14:22:13,41350.0,200,Buy,232485999
2024-08-16 14:22:13,41350.0,1800,Buy,232486000
2024-08-16 14:22:14,41350.0,100,Buy,232486040
2024-08-16 14:22:21,41300.0,600,Sell,232486347
2024-08-16 14:22:58,41300.0,500,Sell,232487578
2024-08-16 14:23:07,41350.0,100,Buy,232487884
2024-08-16 14:23:11,41300.0,1600,Sell,232488040
2024-08-16 14:23:36,41300.0,900,Sell,232488876
2024-08-16 14:23:36,41300.0,200,Sell,232488877
2024-08-16 14:23:36,41300.0,500,Sell,232488875
2024-08-16 14:23:36,41300.0,100,Sell,232488873
2024-08-16 14:23:36,41300.0,7300,Sell,232488871
2024-08-16 14:23:36,41300.0,200,Sell,232488872
2024-08-16 14:23:36,41300.0,100,Sell,232488874
2024-08-16 14:23:40,41350.0,1000,Buy,232489086
2024-08-16 14:23:42,41300.0,200,Sell,232489137
2024-08-16 14:23:45,41300.0,1000,Sell,232489279
2024-08-16 14:24:09,41350.0,100,Buy,232490155
2024-08-16 14:24:10,41300.0,100,Sell,232490166
2024-08-16 14:24:32,41350.0,300,Buy,232490936
2024-08-16 14:24:50,41350.0,100,Buy,232491586
2024-08-16 14:25:09,41350.0,200,Buy,232492190
2024-08-16 14:25:14,41350.0,100,Buy,232492401
2024-08-16 14:25:15,41350.0,5000,Buy,232492472
2024-08-16 14:25:20,41350.0,500,Buy,232492666
2024-08-16 14:25:26,41300.0,200,Sell,232492919
2024-08-16 14:25:26,41300.0,2100,Sell,232492920
2024-08-16 14:25:26,41300.0,600,Sell,232492918
2024-08-16 14:25:35,41300.0,500,Sell,232493288
2024-08-16 14:25:35,41300.0,200,Sell,232493289
2024-08-16 14:25:36,41350.0,1700,Buy,232493325
2024-08-16 14:25:37,41350.0,3800,Buy,232493427
2024-08-16 14:26:00,41300.0,300,Sell,232494335
2024-08-16 14:26:00,41300.0,200,Sell,232494336
2024-08-16 14:26:04,41300.0,400,Sell,232494497
2024-08-16 14:26:04,41300.0,1000,Sell,232494496
2024-08-16 14:26:04,41300.0,3000,Buy,232494518
2024-08-16 14:26:04,41300.0,100,Sell,232494498
2024-08-16 14:26:04,41300.0,300,Sell,232494495
2024-08-16 14:26:04,41300.0,600,Sell,232494490
2024-08-16 14:26:04,41300.0,500,Sell,232494493
2024-08-16 14:26:04,41300.0,20000,Sell,232494492
2024-08-16 14:26:04,41300.0,2200,Sell,232494491
2024-08-16 14:26:04,41300.0,1300,Sell,232494489
2024-08-16 14:26:04,41300.0,300,Sell,232494494
2024-08-16 14:26:08,41300.0,300,Buy,232494673
2024-08-16 14:26:23,41250.0,1600,Sell,232495269
2024-08-16 14:26:29,41300.0,100,Sell,232495476
2024-08-16 14:26:32,41300.0,200,Buy,232495545
2024-08-16 14:26:42,41250.0,1600,Sell,232495937
2024-08-16 14:26:46,41300.0,100,Sell,232496098
2024-08-16 14:26:46,41250.0,1500,Sell,232496099
2024-08-16 14:26:55,41300.0,300,Sell,232496503
2024-08-16 14:26:55,41300.0,700,Sell,232496504
2024-08-16 14:27:05,41300.0,1600,Sell,232496897
2024-08-16 14:27:13,41300.0,1600,Sell,232497255
2024-08-16 14:27:18,41300.0,1600,Sell,232497467
2024-08-16 14:27:23,41300.0,1600,Sell,232497696
2024-08-16 14:27:25,41350.0,100,Buy,232497788
2024-08-16 14:27:25,41300.0,12900,Sell,232497794
2024-08-16 14:27:25,41300.0,500,Sell,232497795
2024-08-16 14:27:35,41250.0,1600,Sell,232498236
2024-08-16 14:27:45,41250.0,100,Sell,232498667
2024-08-16 14:27:45,41250.0,100,Sell,232498668
2024-08-16 14:27:45,41250.0,200,Sell,232498665
2024-08-16 14:27:45,41250.0,1300,Sell,232498664
2024-08-16 14:27:45,41250.0,200,Sell,232498666
2024-08-16 14:27:55,41300.0,5000,Buy,232498996
2024-08-16 14:28:00,41250.0,200,Sell,232499256
2024-08-16 14:28:00,41250.0,100,Sell,232499257
2024-08-16 14:28:00,41250.0,4000,Sell,232499258
2024-08-16 14:28:01,41300.0,100,Buy,232499312
2024-08-16 14:28:01,41300.0,1500,Buy,232499313
2024-08-16 14:28:01,41300.0,200,Buy,232499314
2024-08-16 14:28:01,41300.0,100,Buy,232499315
2024-08-16 14:28:01,41300.0,100,Buy,232499316
2024-08-16 14:28:01,41300.0,1000,Buy,232499317
2024-08-16 14:28:04,41300.0,100,Sell,232499406
2024-08-16 14:28:16,41300.0,1000,Sell,232500103
2024-08-16 14:28:16,41300.0,1000,Sell,232500100
2024-08-16 14:28:16,41300.0,500,Sell,232500101
2024-08-16 14:28:16,41300.0,100,Sell,232500102
2024-08-16 14:28:35,41250.0,100,Sell,232501025
2024-08-16 14:28:36,41300.0,900,Buy,232501042
2024-08-16 14:28:44,41250.0,900,Sell,232501422
2024-08-16 14:28:44,41250.0,2000,Sell,232501423
2024-08-16 14:28:44,41250.0,3100,Sell,232501424
2024-08-16 14:28:49,41250.0,100,Sell,232501607
2024-08-16 14:28:53,41250.0,200,Sell,232501792
2024-08-16 14:29:10,41250.0,100,Sell,232502809
2024-08-16 14:44:38,41150.0,182000,ATO/ATC,232505628
