time,price,volume,match_type,id
2024-08-30 09:14:58,44550.0,24000,ATO/ATC,235893514
2024-08-30 09:15:15,44550.0,1000,Buy,235893825
2024-08-30 09:15:15,44550.0,100,Buy,235893824
2024-08-30 09:15:15,44550.0,1700,Buy,235893820
2024-08-30 09:15:15,44550.0,1000,Buy,235893822
2024-08-30 09:15:15,44550.0,100,Buy,235893823
2024-08-30 09:15:15,44550.0,100,Buy,235893821
2024-08-30 09:16:03,44550.0,1800,Buy,235894474
2024-08-30 09:17:13,44500.0,100,Buy,235895681
2024-08-30 09:17:13,44550.0,400,Buy,235895685
2024-08-30 09:17:13,44550.0,100,Buy,235895684
2024-08-30 09:17:13,44450.0,100,Buy,235895680
2024-08-30 09:17:13,44550.0,100,Buy,235895682
2024-08-30 09:17:13,44550.0,100,Buy,235895683
2024-08-30 09:17:32,44550.0,100,Buy,235895930
2024-08-30 09:17:33,44400.0,300,Sell,235895944
2024-08-30 09:18:02,44400.0,700,Sell,235896356
2024-08-30 09:18:02,44400.0,100,Sell,235896357
2024-08-30 09:18:36,44400.0,100,Sell,235896832
2024-08-30 09:18:36,44400.0,1000,Sell,235896833
2024-08-30 09:18:36,44400.0,100,Sell,235896834
2024-08-30 09:19:51,44400.0,200,Sell,235898044
2024-08-30 09:19:51,44400.0,1000,Sell,235898045
2024-08-30 09:19:51,44400.0,200,Sell,235898046
2024-08-30 09:19:51,44400.0,1000,Sell,235898047
2024-08-30 09:19:51,44400.0,500,Sell,235898048
2024-08-30 09:19:51,44400.0,500,Sell,235898049
2024-08-30 09:19:51,44400.0,1800,Sell,235898050
2024-08-30 09:20:31,44350.0,500,Sell,235898736
2024-08-30 09:20:31,44350.0,100,Sell,235898734
2024-08-30 09:20:31,44350.0,100,Sell,235898735
2024-08-30 09:20:58,44300.0,5000,Sell,235899073
2024-08-30 09:21:00,44400.0,500,Buy,235899084
2024-08-30 09:21:15,44350.0,100,Buy,235899251
2024-08-30 09:21:36,44350.0,900,Sell,235899557
2024-08-30 09:21:54,44400.0,200,Buy,235899922
2024-08-30 09:22:10,44350.0,100,Sell,235900161
2024-08-30 09:22:10,44350.0,900,Sell,235900162
2024-08-30 09:22:45,44350.0,100,Sell,235900948
2024-08-30 09:22:45,44350.0,1000,Sell,235900946
2024-08-30 09:22:45,44350.0,2000,Sell,235900947
2024-08-30 09:23:00,44300.0,100,Sell,235901207
2024-08-30 09:23:00,44300.0,100,Sell,235901208
2024-08-30 09:23:00,44300.0,2000,Sell,235901209
2024-08-30 09:23:17,44250.0,800,Sell,235901535
2024-08-30 09:23:17,44250.0,200,Sell,235901536
2024-08-30 09:23:28,44250.0,200,Sell,235901824
2024-08-30 09:23:31,44250.0,700,Sell,235901877
2024-08-30 09:23:31,44250.0,1500,Sell,235901875
2024-08-30 09:23:31,44250.0,1900,Sell,235901876
2024-08-30 09:23:44,44250.0,1800,Sell,235902123
2024-08-30 09:23:44,44250.0,1300,Sell,235902122
2024-08-30 09:23:45,44250.0,700,Buy,235902131
2024-08-30 09:23:52,44250.0,400,Sell,235902236
2024-08-30 09:23:54,44250.0,900,Sell,235902262
2024-08-30 09:23:58,44250.0,1100,Buy,235902361
2024-08-30 09:23:59,44250.0,100,Sell,235902392
2024-08-30 09:24:08,44250.0,200,Sell,235902555
2024-08-30 09:24:08,44250.0,200,Sell,235902556
2024-08-30 09:24:12,44250.0,100,Buy,235902643
2024-08-30 09:24:12,44250.0,500,Buy,235902642
2024-08-30 09:24:22,44200.0,700,Sell,235902910
2024-08-30 09:24:22,44200.0,200,Sell,235902911
2024-08-30 09:24:22,44250.0,1200,Sell,235902909
2024-08-30 09:24:52,44250.0,100,Sell,235903505
2024-08-30 09:24:52,44250.0,900,Sell,235903511
2024-08-30 09:25:04,44250.0,100,Sell,235903784
2024-08-30 09:25:07,44250.0,1000,Sell,235903839
2024-08-30 09:25:07,44250.0,100,Sell,235903840
2024-08-30 09:25:15,44250.0,100,Buy,235903986
2024-08-30 09:25:30,44250.0,1000,Sell,235904234
2024-08-30 09:25:58,44300.0,100,Buy,235904794
2024-08-30 09:25:58,44300.0,100,Buy,235904792
2024-08-30 09:25:58,44300.0,500,Buy,235904793
2024-08-30 09:26:11,44300.0,100,Sell,235905046
2024-08-30 09:26:15,44400.0,100,Buy,235905081
2024-08-30 09:26:15,44400.0,500,Buy,235905082
2024-08-30 09:26:15,44400.0,1000,Buy,235905083
2024-08-30 09:26:15,44450.0,1000,Buy,235905084
2024-08-30 09:26:15,44450.0,1900,Buy,235905085
2024-08-30 09:26:30,44450.0,300,Buy,235905305
2024-08-30 09:26:41,44450.0,100,Buy,235905450
2024-08-30 09:26:54,44400.0,1500,Sell,235905660
2024-08-30 09:26:54,44300.0,700,Sell,235905661
2024-08-30 09:26:54,44300.0,1000,Sell,235905662
2024-08-30 09:26:54,44300.0,2000,Sell,235905663
2024-08-30 09:26:54,44300.0,100,Sell,235905664
2024-08-30 09:27:09,44300.0,400,Sell,235905917
2024-08-30 09:27:33,44300.0,400,Sell,235906310
2024-08-30 09:28:26,44300.0,100,Sell,235907338
2024-08-30 09:28:53,44400.0,500,Buy,235907817
2024-08-30 09:28:53,44400.0,100,Buy,235907816
2024-08-30 09:28:57,44400.0,200,Sell,235907858
2024-08-30 09:29:03,44400.0,500,Sell,235907949
2024-08-30 09:29:16,44400.0,300,Sell,235908148
2024-08-30 09:29:16,44400.0,200,Sell,235908147
2024-08-30 09:29:19,44450.0,300,Buy,235908220
2024-08-30 09:29:35,44500.0,100,Buy,235908624
2024-08-30 09:29:35,44550.0,500,Buy,235908625
2024-08-30 09:29:35,44550.0,4000,Buy,235908626
2024-08-30 09:29:35,44550.0,100,Buy,235908627
2024-08-30 09:29:35,44550.0,100,Buy,235908628
2024-08-30 09:29:35,44550.0,1000,Buy,235908629
2024-08-30 09:29:35,44550.0,2000,Buy,235908630
2024-08-30 09:29:35,44550.0,100,Buy,235908632
2024-08-30 09:29:35,44550.0,5000,Buy,235908635
2024-08-30 09:29:35,44550.0,5000,Buy,235908636
2024-08-30 09:29:35,44550.0,10100,Buy,235908637
2024-08-30 09:29:35,44550.0,100,Buy,235908638
2024-08-30 09:29:35,44500.0,2200,Buy,235908623
2024-08-30 09:29:35,44550.0,1000,Buy,235908631
2024-08-30 09:29:35,44500.0,100,Buy,235908621
2024-08-30 09:29:35,44500.0,800,Buy,235908620
2024-08-30 09:29:35,44450.0,3700,Buy,235908607
2024-08-30 09:29:35,44450.0,100,Buy,235908608
2024-08-30 09:29:35,44450.0,200,Buy,235908609
2024-08-30 09:29:35,44450.0,300,Buy,235908610
2024-08-30 09:29:35,44450.0,2700,Buy,235908611
2024-08-30 09:29:35,44500.0,300,Buy,235908622
2024-08-30 09:29:35,44450.0,400,Buy,235908612
2024-08-30 09:29:35,44450.0,500,Buy,235908614
2024-08-30 09:29:35,44500.0,200,Buy,235908615
2024-08-30 09:29:35,44500.0,10000,Buy,235908616
2024-08-30 09:29:35,44500.0,100,Buy,235908617
2024-08-30 09:29:35,44500.0,800,Buy,235908618
2024-08-30 09:29:35,44500.0,200,Buy,235908619
2024-08-30 09:29:35,44450.0,100,Buy,235908613
2024-08-30 09:29:39,44550.0,500,Sell,235908692
2024-08-30 09:29:53,44600.0,500,Buy,235908955
2024-08-30 09:29:53,44600.0,19200,Buy,235908956
2024-08-30 09:29:53,44600.0,50000,Buy,235908953
2024-08-30 09:29:53,44600.0,200,Buy,235908954
2024-08-30 09:29:53,44600.0,100,Buy,235908952
2024-08-30 09:29:55,44600.0,100,Buy,235908982
2024-08-30 09:29:55,44600.0,800,Buy,235908980
2024-08-30 09:29:55,44600.0,200,Buy,235908981
2024-08-30 09:30:01,44650.0,1700,Buy,235909065
2024-08-30 09:30:01,44650.0,2000,Buy,235909064
2024-08-30 09:30:01,44650.0,15000,Buy,235909061
2024-08-30 09:30:01,44650.0,100,Buy,235909062
2024-08-30 09:30:01,44650.0,100,Buy,235909063
2024-08-30 09:30:21,44650.0,1000,Buy,235909380
2024-08-30 09:30:23,44650.0,100,Buy,235909421
2024-08-30 09:30:23,44650.0,100,Buy,235909422
2024-08-30 09:30:23,44650.0,800,Buy,235909423
2024-08-30 09:30:26,44650.0,1000,Buy,235909458
2024-08-30 09:30:47,44650.0,1200,Buy,235909881
2024-08-30 09:30:47,44650.0,100,Buy,235909882
2024-08-30 09:30:47,44650.0,1700,Buy,235909883
2024-08-30 09:30:49,44650.0,1000,Buy,235909922
2024-08-30 09:30:49,44650.0,300,Buy,235909920
2024-08-30 09:30:49,44650.0,100,Buy,235909921
2024-08-30 09:30:51,44650.0,300,Sell,235909956
2024-08-30 09:30:51,44650.0,100,Sell,235909968
2024-08-30 09:30:53,44700.0,100,Buy,235909989
2024-08-30 09:30:53,44700.0,100,Buy,235909990
2024-08-30 09:30:55,44700.0,200,Buy,235910023
2024-08-30 09:30:56,44700.0,200,Buy,235910033
2024-08-30 09:30:57,44700.0,100,Buy,235910056
2024-08-30 09:30:57,44700.0,100,Buy,235910057
2024-08-30 09:30:57,44700.0,100,Buy,235910058
2024-08-30 09:30:57,44700.0,100,Buy,235910059
2024-08-30 09:30:57,44700.0,4600,Buy,235910060
2024-08-30 09:30:59,44700.0,1800,Buy,235910093
2024-08-30 09:30:59,44700.0,1000,Buy,235910091
2024-08-30 09:31:00,44700.0,1000,Buy,235910112
2024-08-30 09:31:00,44700.0,1000,Buy,235910101
2024-08-30 09:31:02,44700.0,1000,Buy,235910138
2024-08-30 09:31:04,44700.0,1000,Buy,235910172
2024-08-30 09:31:05,44700.0,500,Buy,235910203
2024-08-30 09:31:05,44700.0,400,Buy,235910204
2024-08-30 09:31:05,44700.0,5000,Buy,235910206
2024-08-30 09:31:05,44700.0,300,Buy,235910207
2024-08-30 09:31:06,44750.0,100,Buy,235910219
2024-08-30 09:31:06,44750.0,100,Buy,235910218
2024-08-30 09:31:06,44700.0,200,Buy,235910216
2024-08-30 09:31:06,44750.0,30000,Buy,235910217
2024-08-30 09:31:06,44700.0,1600,Buy,235910215
2024-08-30 09:31:11,44800.0,500,Buy,235910300
2024-08-30 09:31:11,44800.0,200,Buy,235910299
2024-08-30 09:31:11,44800.0,400,Buy,235910298
2024-08-30 09:31:11,44800.0,100,Buy,235910293
2024-08-30 09:31:11,44800.0,100,Buy,235910296
2024-08-30 09:31:11,44800.0,100,Buy,235910295
2024-08-30 09:31:11,44800.0,500,Buy,235910294
2024-08-30 09:31:11,44800.0,2000,Buy,235910297
2024-08-30 09:31:11,44800.0,100,Sell,235910307
2024-08-30 09:31:16,44850.0,2000,Buy,235910362
2024-08-30 09:31:16,44850.0,30000,Buy,235910363
2024-08-30 09:31:16,44850.0,5000,Buy,235910364
2024-08-30 09:31:24,44850.0,200,Sell,235910491
2024-08-30 09:31:26,44900.0,300,Buy,235910510
2024-08-30 09:31:29,44900.0,100,Buy,235910568
2024-08-30 09:31:30,44950.0,100,Buy,235910579
2024-08-30 09:31:30,44950.0,200,Buy,235910580
2024-08-30 09:31:30,44900.0,200,Buy,235910574
2024-08-30 09:31:30,44900.0,100,Buy,235910572
2024-08-30 09:31:30,44900.0,200,Buy,235910575
2024-08-30 09:31:30,44900.0,100,Buy,235910573
2024-08-30 09:31:36,44950.0,300,Buy,235910691
2024-08-30 09:31:36,44950.0,200,Buy,235910692
2024-08-30 09:31:39,44950.0,100,Buy,235910723
2024-08-30 09:31:39,44950.0,400,Buy,235910724
2024-08-30 09:31:41,44950.0,100,Buy,235910750
2024-08-30 09:31:41,44950.0,300,Buy,235910762
2024-08-30 09:31:43,44950.0,1000,Buy,235910782
2024-08-30 09:31:44,44950.0,200,Buy,235910943
2024-08-30 09:31:48,44950.0,900,Buy,235911038
2024-08-30 09:31:48,44950.0,100,Buy,235911034
2024-08-30 09:31:48,44950.0,600,Buy,235911035
2024-08-30 09:31:48,44950.0,300,Buy,235911036
2024-08-30 09:31:48,44950.0,100,Buy,235911037
2024-08-30 09:31:49,44900.0,100,Sell,235911059
2024-08-30 09:31:49,44950.0,100,Buy,235911063
2024-08-30 09:31:50,44950.0,4000,Buy,235911068
2024-08-30 09:31:50,45000.0,2600,Buy,235911082
2024-08-30 09:31:50,45000.0,300,Buy,235911081
2024-08-30 09:31:50,45000.0,100,Buy,235911080
2024-08-30 09:31:50,45000.0,1200,Buy,235911079
2024-08-30 09:31:50,45000.0,500,Buy,235911078
2024-08-30 09:31:50,45000.0,200,Buy,235911076
2024-08-30 09:31:50,45000.0,1800,Buy,235911077
2024-08-30 09:31:50,45000.0,1200,Buy,235911074
2024-08-30 09:31:50,45000.0,4000,Buy,235911073
2024-08-30 09:31:50,45000.0,800,Buy,235911072
2024-08-30 09:31:50,45000.0,100,Buy,235911071
2024-08-30 09:31:50,45000.0,300,Buy,235911070
2024-08-30 09:31:50,44950.0,100,Buy,235911069
2024-08-30 09:31:50,45000.0,1000,Buy,235911075
2024-08-30 09:31:52,45000.0,4300,Buy,235911118
2024-08-30 09:31:52,45000.0,700,Buy,235911119
2024-08-30 09:31:56,45000.0,200,Buy,235911176
2024-08-30 09:31:56,45000.0,1000,Buy,235911175
2024-08-30 09:31:56,45000.0,1000,Buy,235911167
2024-08-30 09:31:56,45000.0,200,Buy,235911173
2024-08-30 09:31:56,45000.0,8300,Buy,235911172
2024-08-30 09:31:56,45000.0,300,Buy,235911174
2024-08-30 09:31:59,45000.0,300,Buy,235911251
2024-08-30 09:31:59,45000.0,100,Buy,235911260
2024-08-30 09:31:59,45000.0,300,Buy,235911259
2024-08-30 09:31:59,45000.0,2500,Buy,235911258
2024-08-30 09:31:59,45000.0,500,Buy,235911257
2024-08-30 09:31:59,45000.0,500,Buy,235911256
2024-08-30 09:31:59,45000.0,500,Buy,235911255
2024-08-30 09:31:59,45000.0,100,Buy,235911254
2024-08-30 09:31:59,45000.0,800,Buy,235911253
2024-08-30 09:31:59,45000.0,100,Buy,235911252
2024-08-30 09:31:59,45000.0,200,Buy,235911250
2024-08-30 09:31:59,45000.0,36900,Buy,235911261
2024-08-30 09:31:59,45000.0,100,Buy,235911247
2024-08-30 09:31:59,45000.0,800,Buy,235911236
2024-08-30 09:31:59,45000.0,100,Buy,235911237
2024-08-30 09:31:59,45000.0,2000,Buy,235911238
2024-08-30 09:31:59,45000.0,100,Buy,235911239
2024-08-30 09:31:59,45000.0,1300,Buy,235911240
2024-08-30 09:31:59,45000.0,700,Buy,235911248
2024-08-30 09:31:59,45000.0,100,Buy,235911242
2024-08-30 09:31:59,45000.0,300,Buy,235911243
2024-08-30 09:31:59,45000.0,100,Buy,235911244
2024-08-30 09:31:59,45000.0,1000,Buy,235911245
2024-08-30 09:31:59,45000.0,500,Buy,235911246
2024-08-30 09:31:59,45000.0,100,Buy,235911241
2024-08-30 09:32:01,45000.0,6100,Buy,235911290
2024-08-30 09:32:01,45000.0,1900,Buy,235911291
2024-08-30 09:32:01,45000.0,100,Buy,235911292
2024-08-30 09:32:02,45000.0,100,Sell,235911300
2024-08-30 09:32:03,45000.0,200,Sell,235911349
2024-08-30 09:32:04,45000.0,100,Sell,235911411
2024-08-30 09:32:05,45000.0,100,Sell,235911435
2024-08-30 09:32:09,45000.0,100,Sell,235911520
2024-08-30 09:32:10,45000.0,100,Sell,235911523
2024-08-30 09:32:12,45100.0,800,Buy,235911572
2024-08-30 09:32:12,45100.0,100,Buy,235911570
2024-08-30 09:32:12,45100.0,100,Buy,235911571
2024-08-30 09:32:16,45100.0,100,Buy,235911649
2024-08-30 09:32:16,45100.0,100,Buy,235911646
2024-08-30 09:32:16,45100.0,200,Buy,235911647
2024-08-30 09:32:16,45100.0,100,Buy,235911648
2024-08-30 09:32:17,45100.0,1000,Buy,235911705
2024-08-30 09:32:19,45100.0,2000,Buy,235911764
2024-08-30 09:32:23,45150.0,200,Buy,235911855
2024-08-30 09:32:23,45200.0,100,Buy,235911856
2024-08-30 09:32:27,45100.0,100,Sell,235911933
2024-08-30 09:32:33,45100.0,2900,Sell,235912017
2024-08-30 09:32:33,45100.0,900,Buy,235912026
2024-08-30 09:32:35,45050.0,100,Sell,235912063
2024-08-30 09:32:35,45000.0,900,Sell,235912064
2024-08-30 09:32:36,45100.0,100,Buy,235912079
2024-08-30 09:32:37,45000.0,5300,Sell,235912087
2024-08-30 09:32:37,45000.0,100,Sell,235912088
2024-08-30 09:32:37,45000.0,4600,Sell,235912089
2024-08-30 09:32:38,45100.0,800,Buy,235912118
2024-08-30 09:32:41,45050.0,200,Buy,235912173
2024-08-30 09:32:41,45050.0,200,Buy,235912174
2024-08-30 09:32:41,45100.0,300,Buy,235912175
2024-08-30 09:32:41,45100.0,300,Buy,235912176
2024-08-30 09:32:47,45100.0,100,Buy,235912316
2024-08-30 09:32:47,45100.0,500,Sell,235912312
2024-08-30 09:32:47,45100.0,1000,Buy,235912310
2024-08-30 09:32:47,45100.0,1000,Buy,235912311
2024-08-30 09:32:48,45100.0,300,Buy,235912323
2024-08-30 09:32:49,45050.0,5000,Sell,235912337
2024-08-30 09:32:58,45100.0,200,Buy,235912557
2024-08-30 09:32:59,45100.0,100,Buy,235912570
2024-08-30 09:33:05,45050.0,2500,Sell,235912656
2024-08-30 09:33:05,45000.0,5400,Sell,235912657
2024-08-30 09:33:05,45000.0,1000,Sell,235912658
2024-08-30 09:33:05,45000.0,200,Sell,235912659
2024-08-30 09:33:05,45000.0,100,Sell,235912660
2024-08-30 09:33:05,45000.0,300,Sell,235912661
2024-08-30 09:33:05,45000.0,500,Sell,235912662
2024-08-30 09:33:07,45000.0,100,Sell,235912745
2024-08-30 09:33:09,45050.0,800,Buy,235912883
2024-08-30 09:33:21,45000.0,200,Sell,235913218
2024-08-30 09:33:21,45000.0,100,Sell,235913219
2024-08-30 09:33:41,44900.0,100,Sell,235913622
2024-08-30 09:33:44,44900.0,2100,Sell,235913653
2024-08-30 09:33:52,45000.0,700,Buy,235913829
2024-08-30 09:33:52,45000.0,700,Buy,235913830
2024-08-30 09:33:52,45000.0,100,Buy,235913831
2024-08-30 09:33:52,45000.0,100,Buy,235913832
2024-08-30 09:33:52,45000.0,400,Buy,235913833
2024-08-30 09:33:57,45000.0,500,Buy,235913973
2024-08-30 09:34:04,45000.0,200,Buy,235914127
2024-08-30 09:34:05,45000.0,300,Buy,235914138
2024-08-30 09:34:05,45000.0,900,Buy,235914137
2024-08-30 09:34:08,44950.0,100,Buy,235914187
2024-08-30 09:34:08,45000.0,100,Buy,235914188
2024-08-30 09:34:16,45000.0,1500,Buy,235914481
2024-08-30 09:34:16,45000.0,300,Buy,235914482
2024-08-30 09:34:19,45000.0,200,Sell,235914506
2024-08-30 09:34:22,45000.0,500,Sell,235914616
2024-08-30 09:34:22,45000.0,500,Sell,235914617
2024-08-30 09:34:29,45000.0,100,Sell,235914822
2024-08-30 09:34:30,45050.0,200,Buy,235914836
2024-08-30 09:34:31,45000.0,200,Sell,235914867
2024-08-30 09:34:31,45000.0,100,Sell,235914846
2024-08-30 09:34:34,45050.0,300,Buy,235914921
2024-08-30 09:34:34,45050.0,200,Buy,235914922
2024-08-30 09:34:34,45050.0,100,Buy,235914923
2024-08-30 09:34:34,45050.0,200,Sell,235914924
2024-08-30 09:34:34,45000.0,300,Sell,235914925
2024-08-30 09:34:38,45000.0,100,Sell,235914989
2024-08-30 09:34:40,45000.0,2500,Sell,235915028
2024-08-30 09:34:58,45000.0,100,Sell,235915392
2024-08-30 09:34:58,45000.0,1000,Sell,235915395
2024-08-30 09:35:08,45050.0,200,Buy,235915664
2024-08-30 09:35:08,45050.0,1700,Buy,235915665
2024-08-30 09:35:08,45050.0,1000,Buy,235915650
2024-08-30 09:35:08,45050.0,100,Buy,235915663
2024-08-30 09:35:08,45050.0,1000,Buy,235915649
2024-08-30 09:35:19,45050.0,300,Buy,235915898
2024-08-30 09:35:19,45050.0,500,Buy,235915899
2024-08-30 09:35:20,45050.0,100,Sell,235915921
2024-08-30 09:35:20,45050.0,100,Sell,235915923
2024-08-30 09:35:23,45000.0,500,Sell,235916006
2024-08-30 09:35:23,45000.0,100,Sell,235916004
2024-08-30 09:35:23,45000.0,400,Sell,235916005
2024-08-30 09:35:31,45000.0,700,Sell,235916129
2024-08-30 09:35:31,45000.0,500,Sell,235916130
2024-08-30 09:35:31,45000.0,1800,Sell,235916131
2024-08-30 09:35:31,45000.0,2200,Sell,235916132
2024-08-30 09:35:33,45000.0,200,Sell,235916177
2024-08-30 09:35:34,45000.0,600,Sell,235916194
2024-08-30 09:35:34,45000.0,1000,Sell,235916196
2024-08-30 09:35:34,45000.0,1000,Sell,235916195
2024-08-30 09:35:37,45050.0,900,Buy,235916275
2024-08-30 09:35:45,45000.0,100,Sell,235916517
2024-08-30 09:35:47,45050.0,200,Buy,235916552
2024-08-30 09:35:54,45000.0,1200,Sell,235916670
2024-08-30 09:35:55,45000.0,700,Sell,235916691
2024-08-30 09:35:55,45000.0,300,Sell,235916692
2024-08-30 09:36:04,45000.0,800,Sell,235916855
2024-08-30 09:36:04,45000.0,1000,Sell,235916854
2024-08-30 09:36:04,45000.0,200,Sell,235916853
2024-08-30 09:36:07,45000.0,500,Sell,235916977
2024-08-30 09:36:13,45000.0,800,Sell,235917110
2024-08-30 09:36:17,45000.0,6700,Sell,235917216
2024-08-30 09:36:17,45000.0,1000,Sell,235917217
2024-08-30 09:36:17,45000.0,200,Sell,235917218
2024-08-30 09:36:26,45000.0,100,Buy,235917355
2024-08-30 09:36:37,45000.0,100,Buy,235917553
2024-08-30 09:36:44,45000.0,1900,Buy,235917693
2024-08-30 09:36:44,45000.0,100,Buy,235917695
2024-08-30 09:36:44,45000.0,200,Buy,235917696
2024-08-30 09:36:44,45000.0,1000,Buy,235917697
2024-08-30 09:36:44,45000.0,200,Buy,235917698
2024-08-30 09:36:44,45000.0,100,Buy,235917699
2024-08-30 09:36:44,45000.0,1000,Buy,235917700
2024-08-30 09:36:44,45000.0,1300,Buy,235917694
2024-08-30 09:36:47,45000.0,3700,Sell,235917762
2024-08-30 09:36:47,45000.0,500,Sell,235917761
2024-08-30 09:36:58,45000.0,500,Sell,235917955
2024-08-30 09:36:58,45000.0,3300,Sell,235917954
2024-08-30 09:37:29,45000.0,2000,Buy,235918484
2024-08-30 09:37:29,45000.0,900,Buy,235918483
2024-08-30 09:37:29,45000.0,1000,Buy,235918482
2024-08-30 09:37:29,45000.0,600,Buy,235918481
2024-08-30 09:37:29,45000.0,2200,Buy,235918476
2024-08-30 09:37:29,45000.0,100,Buy,235918479
2024-08-30 09:37:29,45000.0,1300,Buy,235918478
2024-08-30 09:37:29,45000.0,500,Buy,235918477
2024-08-30 09:37:29,45000.0,200,Buy,235918480
2024-08-30 09:37:34,45050.0,100,Buy,235918579
2024-08-30 09:37:34,45050.0,500,Buy,235918580
2024-08-30 09:37:34,45050.0,100,Buy,235918581
2024-08-30 09:37:34,45050.0,100,Buy,235918582
2024-08-30 09:37:34,45050.0,1000,Buy,235918583
2024-08-30 09:37:34,45050.0,2000,Buy,235918584
2024-08-30 09:37:34,45050.0,100,Buy,235918585
2024-08-30 09:37:34,45050.0,100,Buy,235918586
2024-08-30 09:37:34,45050.0,200,Buy,235918587
2024-08-30 09:37:43,45000.0,200,Sell,235918766
2024-08-30 09:38:01,45000.0,600,Sell,235919073
2024-08-30 09:38:01,45000.0,3000,Sell,235919072
2024-08-30 09:38:01,45000.0,1000,Sell,235919071
2024-08-30 09:38:16,44950.0,200,Sell,235919342
2024-08-30 09:38:19,45000.0,100,Buy,235919378
2024-08-30 09:38:26,45000.0,5000,Buy,235919506
2024-08-30 09:38:28,45000.0,300,Buy,235919528
2024-08-30 09:38:28,45000.0,300,Buy,235919529
2024-08-30 09:38:28,45000.0,100,Buy,235919530
2024-08-30 09:38:28,45000.0,500,Buy,235919531
2024-08-30 09:38:28,45000.0,500,Buy,235919532
2024-08-30 09:38:28,45000.0,100,Buy,235919533
2024-08-30 09:38:31,45000.0,200,Buy,235919613
2024-08-30 09:38:31,45000.0,500,Buy,235919612
2024-08-30 09:38:31,45000.0,1000,Buy,235919611
2024-08-30 09:38:31,45000.0,900,Buy,235919610
2024-08-30 09:38:36,45000.0,1000,Sell,235919702
2024-08-30 09:38:39,45000.0,4800,Sell,235919737
2024-08-30 09:38:44,45000.0,1000,Sell,235919868
2024-08-30 09:38:45,45000.0,100,Sell,235919888
2024-08-30 09:38:46,45000.0,500,Sell,235919891
2024-08-30 09:38:56,45000.0,1300,Buy,235920081
2024-08-30 09:39:08,45000.0,2000,Buy,235920375
2024-08-30 09:39:11,44950.0,100,Sell,235920501
2024-08-30 09:39:14,44950.0,100,Sell,235920528
2024-08-30 09:39:18,45000.0,1000,Buy,235920580
2024-08-30 09:39:27,45000.0,200,Buy,235920724
2024-08-30 09:39:27,45000.0,100,Buy,235920725
2024-08-30 09:39:30,45000.0,800,Buy,235920740
2024-08-30 09:39:30,45000.0,200,Buy,235920741
2024-08-30 09:40:03,45000.0,300,Buy,235921337
2024-08-30 09:40:09,44950.0,1600,Sell,235921423
2024-08-30 09:40:09,44950.0,1000,Sell,235921424
2024-08-30 09:40:09,44950.0,100,Sell,235921425
2024-08-30 09:40:09,44950.0,100,Sell,235921426
2024-08-30 09:40:09,44950.0,2000,Sell,235921427
2024-08-30 09:40:15,45000.0,100,Buy,235921535
2024-08-30 09:40:23,44950.0,500,Sell,235921656
2024-08-30 09:40:26,44900.0,200,Sell,235921693
2024-08-30 09:40:26,44900.0,500,Sell,235921694
2024-08-30 09:40:26,44900.0,2200,Sell,235921695
2024-08-30 09:40:26,44900.0,2200,Sell,235921692
2024-08-30 09:40:33,44950.0,500,Buy,235921793
2024-08-30 09:40:36,44950.0,300,Buy,235921827
2024-08-30 09:40:38,44950.0,200,Buy,235921866
2024-08-30 09:40:55,44950.0,100,Buy,235922133
2024-08-30 09:40:59,44900.0,200,Sell,235922187
2024-08-30 09:41:04,44900.0,100,Sell,235922238
2024-08-30 09:41:23,44900.0,100,Sell,235922566
2024-08-30 09:41:34,44900.0,400,Sell,235922732
2024-08-30 09:41:34,44900.0,100,Sell,235922731
2024-08-30 09:41:45,44850.0,1000,Sell,235923046
2024-08-30 09:41:45,44800.0,500,Sell,235923047
2024-08-30 09:41:45,44800.0,100,Sell,235923048
2024-08-30 09:41:45,44800.0,500,Sell,235923049
2024-08-30 09:41:45,44800.0,1000,Sell,235923050
2024-08-30 09:41:45,44800.0,300,Sell,235923051
2024-08-30 09:41:45,44800.0,4000,Sell,235923052
2024-08-30 09:41:59,44800.0,2200,Buy,235923373
2024-08-30 09:42:13,44800.0,400,Buy,235923726
2024-08-30 09:42:13,44800.0,1000,Buy,235923725
2024-08-30 09:42:13,44800.0,400,Buy,235923724
2024-08-30 09:42:50,44750.0,100,Sell,235924451
2024-08-30 09:42:51,44750.0,300,Sell,235924485
2024-08-30 09:42:51,44700.0,9700,Sell,235924486
2024-08-30 09:43:49,44700.0,200,Sell,235925795
2024-08-30 09:43:52,44700.0,100,Sell,235925869
2024-08-30 09:43:52,44700.0,300,Sell,235925866
2024-08-30 09:43:52,44700.0,300,Sell,235925868
2024-08-30 09:43:52,44700.0,200,Sell,235925867
2024-08-30 09:43:52,44700.0,200,Sell,235925865
2024-08-30 09:43:52,44700.0,100,Sell,235925860
2024-08-30 09:43:52,44700.0,100,Sell,235925863
2024-08-30 09:43:52,44700.0,100,Sell,235925864
2024-08-30 09:43:52,44700.0,100,Sell,235925859
2024-08-30 09:43:52,44700.0,100,Sell,235925861
2024-08-30 09:43:52,44700.0,300,Sell,235925862
2024-08-30 09:43:55,44700.0,100,Buy,235925918
2024-08-30 09:43:55,44700.0,100,Buy,235925919
2024-08-30 09:44:12,44700.0,500,Buy,235926346
2024-08-30 09:44:14,44700.0,2800,Buy,235926413
2024-08-30 09:44:29,44750.0,1000,Sell,235926803
2024-08-30 09:44:32,44750.0,100,Sell,235926908
2024-08-30 09:44:41,44750.0,100,Sell,235927106
2024-08-30 09:44:42,44750.0,100,Sell,235927124
2024-08-30 09:44:45,44800.0,300,Buy,235927174
2024-08-30 09:44:45,44800.0,700,Buy,235927175
2024-08-30 09:44:45,44800.0,700,Buy,235927173
2024-08-30 09:44:54,44800.0,500,Buy,235927392
2024-08-30 09:45:00,44800.0,1000,Buy,235927488
2024-08-30 09:45:07,44800.0,300,Buy,235927737
2024-08-30 09:45:07,44800.0,5400,Buy,235927738
2024-08-30 09:45:10,44800.0,1800,Buy,235927800
2024-08-30 09:45:17,44800.0,100,Buy,235928033
2024-08-30 09:45:40,44800.0,2700,Buy,235928435
2024-08-30 09:45:40,44800.0,200,Buy,235928436
2024-08-30 09:45:40,44800.0,100,Buy,235928437
2024-08-30 09:45:40,44800.0,100,Buy,235928438
2024-08-30 09:46:34,44850.0,100,Buy,235929751
2024-08-30 09:46:35,44800.0,2600,Sell,235929770
2024-08-30 09:46:35,44800.0,1200,Sell,235929771
2024-08-30 09:46:35,44800.0,100,Sell,235929772
2024-08-30 09:46:35,44800.0,1100,Sell,235929773
2024-08-30 09:46:40,44850.0,100,Buy,235929834
2024-08-30 09:46:40,44800.0,100,Sell,235929836
2024-08-30 09:46:45,44800.0,2600,Sell,235929935
2024-08-30 09:46:45,44800.0,1800,Sell,235929936
2024-08-30 09:46:45,44800.0,1000,Sell,235929937
2024-08-30 09:46:45,44800.0,1600,Sell,235929938
2024-08-30 09:47:04,44800.0,1000,Sell,235930401
2024-08-30 09:47:05,44800.0,100,Sell,235930535
2024-08-30 09:47:16,44800.0,500,Sell,235930773
2024-08-30 09:47:19,44800.0,500,Sell,235930841
2024-08-30 09:47:21,44850.0,100,Buy,235930880
2024-08-30 09:48:06,44800.0,100,Sell,235931926
2024-08-30 09:48:06,44800.0,1600,Sell,235931927
2024-08-30 09:48:06,44800.0,2000,Sell,235931925
2024-08-30 09:48:13,44800.0,3800,Sell,235932080
2024-08-30 09:48:27,44800.0,100,Sell,235932400
2024-08-30 09:48:30,44800.0,200,Sell,235932480
2024-08-30 09:48:37,44800.0,100,Sell,235932633
2024-08-30 09:48:37,44800.0,100,Sell,235932634
2024-08-30 09:48:37,44800.0,100,Sell,235932635
2024-08-30 09:48:49,44800.0,100,Buy,235932927
2024-08-30 09:48:51,44750.0,500,Sell,235932967
2024-08-30 09:49:03,44750.0,300,Sell,235933189
2024-08-30 09:49:45,44750.0,100,Sell,235934510
2024-08-30 09:49:46,44750.0,100,Sell,235934529
2024-08-30 09:50:23,44800.0,100,Buy,235935701
2024-08-30 09:50:27,44750.0,3200,Sell,235935916
2024-08-30 09:50:27,44750.0,100,Sell,235935915
2024-08-30 09:50:27,44750.0,100,Sell,235935914
2024-08-30 09:50:27,44750.0,100,Sell,235935913
2024-08-30 09:50:27,44750.0,500,Sell,235935912
2024-08-30 09:50:27,44750.0,100,Sell,235935910
2024-08-30 09:50:27,44750.0,100,Sell,235935909
2024-08-30 09:50:27,44750.0,100,Sell,235935908
2024-08-30 09:50:27,44750.0,1900,Sell,235935907
2024-08-30 09:50:27,44750.0,100,Sell,235935906
2024-08-30 09:50:27,44750.0,600,Sell,235935905
2024-08-30 09:50:27,44750.0,100,Sell,235935911
2024-08-30 09:50:29,44750.0,500,Sell,235935944
2024-08-30 09:51:01,44750.0,1100,Sell,235936948
2024-08-30 09:51:38,44750.0,200,Sell,235938169
2024-08-30 09:52:00,44750.0,100,Sell,235938991
2024-08-30 09:52:02,44750.0,500,Sell,235939049
2024-08-30 09:52:06,44750.0,1400,Sell,235939168
2024-08-30 09:52:06,44750.0,100,Sell,235939167
2024-08-30 09:52:09,44750.0,400,Sell,235939256
2024-08-30 09:52:09,44750.0,500,Sell,235939257
2024-08-30 09:52:09,44750.0,100,Sell,235939258
2024-08-30 09:52:11,44750.0,100,Sell,235939330
2024-08-30 09:52:11,44750.0,900,Sell,235939331
2024-08-30 09:52:15,44750.0,100,Sell,235939440
2024-08-30 09:52:16,44750.0,200,Sell,235939460
2024-08-30 09:52:54,44700.0,1000,Sell,235940457
2024-08-30 09:53:12,44700.0,2000,Sell,235940927
2024-08-30 09:53:26,44700.0,2000,Sell,235941276
2024-08-30 09:53:31,44700.0,500,Sell,235941373
2024-08-30 09:53:35,44700.0,200,Sell,235941492
2024-08-30 09:53:35,44700.0,100,Sell,235941493
2024-08-30 09:53:35,44700.0,100,Sell,235941494
2024-08-30 09:53:35,44700.0,100,Sell,235941495
2024-08-30 09:53:35,44700.0,1800,Sell,235941496
2024-08-30 09:53:35,44700.0,200,Sell,235941497
2024-08-30 09:54:04,44700.0,1000,Buy,235942277
2024-08-30 09:54:45,44700.0,300,Buy,235943114
2024-08-30 09:54:45,44700.0,200,Buy,235943113
2024-08-30 09:54:45,44700.0,900,Buy,235943111
2024-08-30 09:54:45,44700.0,1500,Buy,235943109
2024-08-30 09:54:45,44700.0,1800,Buy,235943112
2024-08-30 09:54:45,44700.0,1000,Buy,235943110
2024-08-30 09:54:48,44700.0,400,Buy,235943169
2024-08-30 09:55:07,44700.0,300,Sell,235943564
2024-08-30 09:55:07,44700.0,1000,Sell,235943565
2024-08-30 09:55:13,44700.0,300,Buy,235943709
2024-08-30 09:55:25,44700.0,100,Sell,235944006
2024-08-30 09:55:30,44750.0,1000,Buy,235944102
2024-08-30 09:55:43,44750.0,100,Buy,235944394
2024-08-30 09:55:49,44700.0,4000,Sell,235944495
2024-08-30 09:56:42,44700.0,1600,Sell,235945645
2024-08-30 09:56:42,44700.0,400,Sell,235945646
2024-08-30 09:57:32,44700.0,200,Sell,235946556
2024-08-30 09:57:44,44700.0,400,Sell,235946817
2024-08-30 09:57:44,44700.0,100,Sell,235946818
2024-08-30 09:58:26,44700.0,100,Sell,235947541
2024-08-30 09:58:34,44700.0,200,Sell,235947711
2024-08-30 09:58:46,44750.0,100,Buy,235947971
2024-08-30 09:58:47,44700.0,100,Sell,235947992
2024-08-30 09:59:02,44700.0,200,Sell,235948233
2024-08-30 09:59:12,44700.0,1000,Sell,235948420
2024-08-30 09:59:26,44700.0,500,Sell,235948668
2024-08-30 09:59:35,44700.0,1000,Sell,235948857
2024-08-30 09:59:57,44700.0,100,Sell,235949263
2024-08-30 09:59:58,44700.0,1000,Sell,235949282
2024-08-30 09:59:58,44700.0,500,Sell,235949281
2024-08-30 09:59:58,44700.0,500,Sell,235949280
2024-08-30 09:59:58,44700.0,300,Sell,235949279
2024-08-30 09:59:58,44700.0,500,Sell,235949278
2024-08-30 09:59:58,44700.0,1500,Sell,235949274
2024-08-30 09:59:58,44700.0,100,Sell,235949276
2024-08-30 09:59:58,44700.0,200,Sell,235949270
2024-08-30 09:59:58,44700.0,500,Sell,235949271
2024-08-30 09:59:58,44700.0,5700,Sell,235949277
2024-08-30 09:59:58,44700.0,5700,Sell,235949275
2024-08-30 09:59:58,44700.0,300,Sell,235949272
2024-08-30 10:00:46,44650.0,100,Sell,235950362
2024-08-30 10:00:46,44650.0,500,Sell,235950363
2024-08-30 10:00:46,44650.0,1000,Sell,235950364
2024-08-30 10:00:46,44650.0,100,Sell,235950365
2024-08-30 10:00:46,44650.0,100,Sell,235950366
2024-08-30 10:00:46,44650.0,100,Sell,235950367
2024-08-30 10:00:46,44650.0,5000,Sell,235950369
2024-08-30 10:00:46,44650.0,100,Sell,235950370
2024-08-30 10:00:46,44650.0,100,Sell,235950371
2024-08-30 10:00:46,44650.0,1900,Sell,235950372
2024-08-30 10:00:46,44650.0,500,Sell,235950373
2024-08-30 10:00:46,44650.0,2000,Sell,235950374
2024-08-30 10:00:46,44650.0,200,Sell,235950361
2024-08-30 10:00:46,44650.0,5000,Sell,235950368
2024-08-30 10:00:48,44650.0,700,Buy,235950416
2024-08-30 10:00:57,44650.0,1800,Buy,235950564
2024-08-30 10:01:07,44650.0,800,Buy,235950739
2024-08-30 10:01:09,44650.0,200,Sell,235950760
2024-08-30 10:01:38,44650.0,100,Sell,235951348
2024-08-30 10:02:03,44650.0,900,Sell,235951937
2024-08-30 10:02:03,44650.0,2100,Sell,235951938
2024-08-30 10:02:20,44700.0,400,Buy,235952354
2024-08-30 10:02:24,44650.0,300,Sell,235952398
2024-08-30 10:02:49,44700.0,100,Buy,235952894
2024-08-30 10:02:50,44650.0,1500,Sell,235952911
2024-08-30 10:03:06,44700.0,2000,Buy,235953241
2024-08-30 10:03:46,44650.0,500,Sell,235954076
2024-08-30 10:03:46,44650.0,1800,Sell,235954073
2024-08-30 10:03:46,44650.0,100,Sell,235954074
2024-08-30 10:03:46,44650.0,100,Sell,235954075
2024-08-30 10:03:48,44700.0,1700,Buy,235954114
2024-08-30 10:03:48,44700.0,2000,Buy,235954115
2024-08-30 10:03:48,44700.0,400,Buy,235954116
2024-08-30 10:03:48,44700.0,5000,Buy,235954117
2024-08-30 10:03:48,44700.0,5900,Buy,235954118
2024-08-30 10:03:56,44700.0,100,Buy,235954282
2024-08-30 10:04:23,44700.0,200,Buy,235954741
2024-08-30 10:04:42,44700.0,100,Buy,235955180
2024-08-30 10:04:42,44700.0,100,Buy,235955181
2024-08-30 10:04:42,44700.0,500,Buy,235955182
2024-08-30 10:04:42,44700.0,800,Buy,235955179
2024-08-30 10:04:51,44700.0,300,Sell,235955380
2024-08-30 10:04:51,44700.0,700,Sell,235955381
2024-08-30 10:05:24,44700.0,100,Sell,235955925
2024-08-30 10:05:27,44700.0,600,Sell,235955981
2024-08-30 10:05:44,44700.0,200,Sell,235956319
2024-08-30 10:05:52,44700.0,100,Sell,235956483
2024-08-30 10:06:19,44750.0,200,Buy,235956952
2024-08-30 10:06:43,44750.0,900,Buy,235957319
2024-08-30 10:06:43,44750.0,800,Buy,235957318
2024-08-30 10:06:43,44750.0,500,Buy,235957317
2024-08-30 10:06:43,44750.0,400,Buy,235957316
2024-08-30 10:06:43,44750.0,100,Buy,235957314
2024-08-30 10:06:43,44750.0,500,Buy,235957313
2024-08-30 10:06:43,44750.0,100,Buy,235957315
2024-08-30 10:06:43,44750.0,500,Buy,235957311
2024-08-30 10:06:43,44750.0,3200,Buy,235957310
2024-08-30 10:06:43,44750.0,1000,Buy,235957309
2024-08-30 10:06:43,44750.0,500,Buy,235957308
2024-08-30 10:06:43,44750.0,1200,Buy,235957307
2024-08-30 10:06:43,44750.0,100,Buy,235957306
2024-08-30 10:06:43,44750.0,200,Buy,235957312
2024-08-30 10:06:54,44650.0,800,Sell,235957473
2024-08-30 10:06:54,44700.0,100,Sell,235957471
2024-08-30 10:06:54,44700.0,200,Sell,235957472
2024-08-30 10:06:54,44700.0,500,Sell,235957469
2024-08-30 10:06:54,44700.0,300,Sell,235957468
2024-08-30 10:06:54,44700.0,100,Sell,235957470
2024-08-30 10:08:13,44700.0,100,Sell,235958846
2024-08-30 10:08:13,44700.0,1000,Sell,235958847
2024-08-30 10:08:13,44700.0,500,Sell,235958848
2024-08-30 10:08:26,44700.0,300,Buy,235959059
2024-08-30 10:08:26,44700.0,300,Buy,235959060
2024-08-30 10:08:26,44700.0,100,Buy,235959061
2024-08-30 10:08:57,44700.0,100,Sell,235959509
2024-08-30 10:09:03,44750.0,100,Buy,235959659
2024-08-30 10:09:03,44750.0,300,Buy,235959657
2024-08-30 10:09:03,44750.0,100,Buy,235959658
2024-08-30 10:09:03,44750.0,2500,Buy,235959656
2024-08-30 10:09:03,44750.0,100,Buy,235959652
2024-08-30 10:09:03,44750.0,600,Buy,235959655
2024-08-30 10:09:03,44750.0,100,Buy,235959654
2024-08-30 10:09:03,44750.0,100,Buy,235959653
2024-08-30 10:09:18,44750.0,900,Sell,235959868
2024-08-30 10:09:41,44800.0,1000,Buy,235960212
2024-08-30 10:09:41,44800.0,100,Buy,235960213
2024-08-30 10:09:42,44750.0,500,Sell,235960216
2024-08-30 10:09:46,44750.0,400,Sell,235960302
2024-08-30 10:09:46,44750.0,800,Sell,235960301
2024-08-30 10:09:57,44750.0,100,Sell,235960465
2024-08-30 10:09:57,44750.0,100,Sell,235960466
2024-08-30 10:10:16,44800.0,100,Buy,235960765
2024-08-30 10:10:16,44800.0,1400,Buy,235960764
2024-08-30 10:10:16,44800.0,11400,Buy,235960763
2024-08-30 10:10:16,44800.0,200,Buy,235960735
2024-08-30 10:10:16,44800.0,100,Buy,235960761
2024-08-30 10:10:16,44800.0,1500,Buy,235960760
2024-08-30 10:10:16,44800.0,200,Buy,235960759
2024-08-30 10:10:16,44800.0,100,Buy,235960739
2024-08-30 10:10:16,44800.0,100,Buy,235960738
2024-08-30 10:10:16,44800.0,100,Buy,235960737
2024-08-30 10:10:16,44800.0,200,Buy,235960736
2024-08-30 10:10:16,44800.0,4800,Buy,235960762
2024-08-30 10:10:16,44800.0,100,Buy,235960734
2024-08-30 10:10:16,44800.0,200,Buy,235960732
2024-08-30 10:10:16,44800.0,400,Buy,235960721
2024-08-30 10:10:16,44800.0,100,Buy,235960722
2024-08-30 10:10:16,44800.0,100,Buy,235960733
2024-08-30 10:10:16,44800.0,2800,Buy,235960724
2024-08-30 10:10:16,44800.0,1000,Buy,235960725
2024-08-30 10:10:16,44800.0,1000,Buy,235960723
2024-08-30 10:10:16,44800.0,400,Buy,235960727
2024-08-30 10:10:16,44800.0,500,Buy,235960728
2024-08-30 10:10:16,44800.0,100,Buy,235960729
2024-08-30 10:10:16,44800.0,200,Buy,235960730
2024-08-30 10:10:16,44800.0,200,Buy,235960731
2024-08-30 10:10:16,44800.0,500,Buy,235960726
2024-08-30 10:10:29,44800.0,100,Sell,235960951
2024-08-30 10:10:32,44800.0,1000,Sell,235961030
2024-08-30 10:10:48,44850.0,900,Buy,235961297
2024-08-30 10:10:48,44850.0,600,Buy,235961296
2024-08-30 10:10:48,44850.0,5000,Buy,235961295
2024-08-30 10:10:48,44850.0,200,Buy,235961292
2024-08-30 10:10:48,44850.0,20800,Buy,235961294
2024-08-30 10:10:48,44850.0,500,Buy,235961293
2024-08-30 10:10:48,44800.0,300,Sell,235961267
2024-08-30 10:10:48,44850.0,200,Buy,235961288
2024-08-30 10:10:48,44850.0,200,Buy,235961291
2024-08-30 10:10:48,44850.0,1000,Buy,235961290
2024-08-30 10:10:48,44850.0,100,Buy,235961289
2024-08-30 10:10:55,44850.0,100,Sell,235961401
2024-08-30 10:11:02,44850.0,100,Sell,235961499
2024-08-30 10:11:19,44900.0,500,Buy,235961756
2024-08-30 10:11:19,44900.0,600,Buy,235961757
2024-08-30 10:11:20,44850.0,100,Sell,235961760
2024-08-30 10:11:35,44850.0,100,Sell,235961975
2024-08-30 10:11:36,44900.0,100,Buy,235961985
2024-08-30 10:11:36,44900.0,200,Buy,235961986
2024-08-30 10:11:36,44900.0,300,Buy,235961987
2024-08-30 10:11:36,44900.0,200,Buy,235961988
2024-08-30 10:11:36,44900.0,4100,Buy,235961983
2024-08-30 10:11:36,44900.0,100,Buy,235961984
2024-08-30 10:11:47,44900.0,200,Buy,235962127
2024-08-30 10:12:04,44900.0,1900,Buy,235962396
2024-08-30 10:12:04,44900.0,200,Buy,235962378
2024-08-30 10:12:04,44900.0,1000,Buy,235962395
2024-08-30 10:12:11,44900.0,100,Buy,235962534
2024-08-30 10:12:24,44900.0,1700,Sell,235962807
2024-08-30 10:12:55,44850.0,500,Sell,235963353
2024-08-30 10:13:22,44850.0,100,Sell,235963773
2024-08-30 10:13:44,44850.0,500,Sell,235964182
2024-08-30 10:13:45,44850.0,500,Sell,235964207
2024-08-30 10:13:48,44850.0,1000,Sell,235964269
2024-08-30 10:13:52,44850.0,3100,Sell,235964321
2024-08-30 10:13:52,44850.0,100,Sell,235964322
2024-08-30 10:14:08,44800.0,400,Sell,235964642
2024-08-30 10:14:12,44800.0,100,Buy,235964759
2024-08-30 10:14:29,44800.0,100,Buy,235965011
2024-08-30 10:14:54,44800.0,100,Buy,235965329
2024-08-30 10:14:54,44800.0,400,Buy,235965328
2024-08-30 10:14:59,44800.0,100,Sell,235965390
2024-08-30 10:15:21,44800.0,600,Sell,235965689
2024-08-30 10:15:21,44750.0,900,Sell,235965690
2024-08-30 10:15:21,44750.0,100,Sell,235965691
2024-08-30 10:15:21,44750.0,200,Sell,235965692
2024-08-30 10:15:21,44750.0,100,Sell,235965693
2024-08-30 10:15:30,44850.0,100,Buy,235965807
2024-08-30 10:15:56,44850.0,1800,Buy,235966337
2024-08-30 10:16:58,44750.0,1000,Sell,235967201
2024-08-30 10:17:08,44800.0,100,Buy,235967353
2024-08-30 10:17:24,44800.0,100,Buy,235967627
2024-08-30 10:18:44,44800.0,700,Buy,235968809
2024-08-30 10:18:51,44800.0,2100,Buy,235968950
2024-08-30 10:18:51,44800.0,100,Buy,235968951
2024-08-30 10:18:51,44800.0,100,Buy,235968952
2024-08-30 10:18:51,44800.0,2500,Buy,235968953
2024-08-30 10:18:51,44800.0,200,Buy,235968954
2024-08-30 10:18:51,44800.0,700,Buy,235968955
2024-08-30 10:18:55,44800.0,100,Buy,235969039
2024-08-30 10:18:58,44800.0,19200,Buy,235969100
2024-08-30 10:18:58,44800.0,100,Buy,235969101
2024-08-30 10:19:03,44850.0,500,Buy,235969166
2024-08-30 10:19:41,44850.0,1800,Buy,235969658
2024-08-30 10:20:36,44800.0,300,Sell,235970398
2024-08-30 10:20:52,44850.0,100,Buy,235970789
2024-08-30 10:20:52,44850.0,100,Buy,235970786
2024-08-30 10:20:52,44850.0,100,Buy,235970787
2024-08-30 10:20:52,44850.0,100,Buy,235970785
2024-08-30 10:20:52,44850.0,500,Buy,235970788
2024-08-30 10:20:52,44850.0,200,Buy,235970783
2024-08-30 10:20:52,44850.0,400,Buy,235970782
2024-08-30 10:20:52,44850.0,100,Buy,235970781
2024-08-30 10:20:52,44850.0,100,Buy,235970780
2024-08-30 10:20:52,44850.0,300,Buy,235970784
2024-08-30 10:21:01,44850.0,100,Sell,235970912
2024-08-30 10:21:27,44850.0,2900,Sell,235971329
2024-08-30 10:22:49,44800.0,100,Sell,235972459
2024-08-30 10:22:49,44800.0,100,Sell,235972460
2024-08-30 10:23:18,44850.0,100,Buy,235972914
2024-08-30 10:23:19,44800.0,4900,Sell,235972927
2024-08-30 10:23:19,44800.0,1100,Sell,235972928
2024-08-30 10:23:26,44800.0,700,Sell,235973034
2024-08-30 10:23:27,44800.0,1100,Sell,235973059
2024-08-30 10:23:35,44800.0,4100,Buy,235973230
2024-08-30 10:23:35,44800.0,100,Buy,235973231
2024-08-30 10:23:36,44800.0,1500,Sell,235973236
2024-08-30 10:23:50,44800.0,100,Sell,235973450
2024-08-30 10:23:50,44750.0,400,Sell,235973451
2024-08-30 10:24:21,44750.0,500,Sell,235973864
2024-08-30 10:25:54,44800.0,1000,Buy,235975139
2024-08-30 10:25:54,44800.0,900,Buy,235975140
2024-08-30 10:25:59,44800.0,100,Buy,235975331
2024-08-30 10:25:59,44800.0,200,Buy,235975330
2024-08-30 10:25:59,44800.0,500,Buy,235975328
2024-08-30 10:25:59,44800.0,1100,Buy,235975327
2024-08-30 10:25:59,44800.0,1000,Buy,235975329
2024-08-30 10:26:16,44800.0,1000,Sell,235975523
2024-08-30 10:26:20,44850.0,200,Buy,235975615
2024-08-30 10:26:20,44850.0,1000,Buy,235975616
2024-08-30 10:26:20,44850.0,700,Buy,235975617
2024-08-30 10:26:29,44850.0,1400,Buy,235975792
2024-08-30 10:26:29,44850.0,100,Buy,235975793
2024-08-30 10:26:29,44850.0,4200,Buy,235975794
2024-08-30 10:26:31,44850.0,700,Buy,235975858
2024-08-30 10:26:31,44850.0,1000,Buy,235975857
2024-08-30 10:26:31,44850.0,8300,Buy,235975854
2024-08-30 10:26:31,44850.0,1000,Buy,235975855
2024-08-30 10:26:31,44850.0,100,Buy,235975856
2024-08-30 10:26:44,44850.0,1900,Sell,235976039
2024-08-30 10:26:45,44900.0,1000,Buy,235976114
2024-08-30 10:26:45,44900.0,200,Buy,235976113
2024-08-30 10:26:45,44900.0,200,Buy,235976115
2024-08-30 10:26:45,44900.0,100,Buy,235976078
2024-08-30 10:26:45,44850.0,100,Buy,235976077
2024-08-30 10:26:45,44900.0,300,Buy,235976112
2024-08-30 10:27:55,44850.0,300,Sell,235977023
2024-08-30 10:28:08,44850.0,400,Sell,235977217
2024-08-30 10:28:39,44850.0,100,Sell,235977575
2024-08-30 10:29:21,44850.0,100,Sell,235978118
2024-08-30 10:30:19,44850.0,200,Sell,235979084
2024-08-30 10:30:39,44900.0,200,Buy,235979313
2024-08-30 10:30:42,44850.0,100,Sell,235979389
2024-08-30 10:31:01,44850.0,100,Sell,235979688
2024-08-30 10:31:22,44850.0,300,Sell,235979973
2024-08-30 10:31:25,44850.0,800,Sell,235980056
2024-08-30 10:31:25,44850.0,200,Sell,235980055
2024-08-30 10:31:38,44850.0,100,Sell,235980299
2024-08-30 10:31:39,44850.0,100,Sell,235980336
2024-08-30 10:31:44,44900.0,100,Buy,235980381
2024-08-30 10:31:56,44850.0,100,Sell,235980672
2024-08-30 10:32:02,44850.0,100,Sell,235980816
2024-08-30 10:32:11,44850.0,100,Sell,235980997
2024-08-30 10:32:37,44850.0,1000,Sell,235981455
2024-08-30 10:32:46,44850.0,1000,Sell,235981568
2024-08-30 10:32:46,44850.0,200,Sell,235981567
2024-08-30 10:32:47,44850.0,500,Sell,235981607
2024-08-30 10:32:47,44850.0,500,Sell,235981606
2024-08-30 10:32:47,44850.0,100,Sell,235981605
2024-08-30 10:32:47,44850.0,1500,Sell,235981600
2024-08-30 10:32:47,44850.0,200,Sell,235981603
2024-08-30 10:32:47,44850.0,100,Sell,235981601
2024-08-30 10:32:47,44850.0,1800,Sell,235981604
2024-08-30 10:32:47,44850.0,100,Sell,235981602
2024-08-30 10:32:48,44850.0,200,Buy,235981652
2024-08-30 10:32:57,44850.0,200,Sell,235981758
2024-08-30 10:32:57,44850.0,300,Sell,235981757
2024-08-30 10:33:04,44850.0,1000,Buy,235981961
2024-08-30 10:33:09,44850.0,100,Buy,235982018
2024-08-30 10:33:22,44850.0,100,Buy,235982260
2024-08-30 10:34:31,44800.0,100,Sell,235983484
2024-08-30 10:35:39,44800.0,1700,Sell,235984964
2024-08-30 10:35:39,44800.0,800,Sell,235984965
2024-08-30 10:35:46,44800.0,200,Sell,235985101
2024-08-30 10:36:28,44800.0,700,Sell,235985730
2024-08-30 10:36:36,44800.0,100,Sell,235985879
2024-08-30 10:36:50,44800.0,100,Sell,235986139
2024-08-30 10:37:14,44800.0,100,Sell,235986548
2024-08-30 10:37:14,44800.0,100,Sell,235986550
2024-08-30 10:37:14,44800.0,1800,Sell,235986549
2024-08-30 10:37:14,44800.0,1000,Sell,235986547
2024-08-30 10:37:14,44800.0,100,Sell,235986545
2024-08-30 10:37:14,44800.0,6500,Sell,235986544
2024-08-30 10:37:14,44800.0,3800,Sell,235986542
2024-08-30 10:37:14,44800.0,900,Sell,235986546
2024-08-30 10:37:23,44800.0,100,Buy,235986723
2024-08-30 10:37:50,44800.0,1500,Buy,235987143
2024-08-30 10:37:50,44800.0,2600,Buy,235987144
2024-08-30 10:37:50,44800.0,900,Buy,235987145
2024-08-30 10:38:18,44750.0,100,Sell,235987679
2024-08-30 10:38:23,44800.0,100,Buy,235987761
2024-08-30 10:38:23,44800.0,400,Buy,235987762
2024-08-30 10:39:28,44800.0,500,Sell,235988970
2024-08-30 10:39:58,44800.0,1300,Sell,235989317
2024-08-30 10:39:58,44800.0,700,Sell,235989318
2024-08-30 10:40:08,44800.0,1000,Sell,235989575
2024-08-30 10:41:45,44850.0,2000,Buy,235990978
2024-08-30 10:41:45,44850.0,3400,Buy,235990977
2024-08-30 10:41:45,44850.0,100,Buy,235990974
2024-08-30 10:41:45,44850.0,100,Buy,235990976
2024-08-30 10:41:45,44850.0,100,Buy,235990975
2024-08-30 10:41:45,44850.0,900,Buy,235990970
2024-08-30 10:41:45,44850.0,300,Buy,235990973
2024-08-30 10:41:45,44850.0,100,Buy,235990972
2024-08-30 10:41:45,44850.0,500,Buy,235990971
2024-08-30 10:41:52,44800.0,200,Sell,235991059
2024-08-30 10:42:44,44850.0,1000,Buy,235991847
2024-08-30 10:42:44,44850.0,1000,Buy,235991848
2024-08-30 10:42:44,44850.0,500,Buy,235991849
2024-08-30 10:42:44,44850.0,500,Buy,235991850
2024-08-30 10:42:44,44850.0,2000,Buy,235991851
2024-08-30 10:42:45,44850.0,1500,Sell,235991873
2024-08-30 10:42:47,44850.0,700,Sell,235991896
2024-08-30 10:43:10,44850.0,2800,Sell,235992382
2024-08-30 10:43:41,44850.0,100,Buy,235992906
2024-08-30 10:43:44,44850.0,2800,Buy,235992943
2024-08-30 10:43:44,44850.0,400,Buy,235992944
2024-08-30 10:43:54,44850.0,1400,Sell,235993087
2024-08-30 10:44:01,44800.0,100,Sell,235993262
2024-08-30 10:44:28,44800.0,100,Sell,235993886
2024-08-30 10:44:55,44850.0,5000,Buy,235994339
2024-08-30 10:45:22,44800.0,1000,Sell,235994738
2024-08-30 10:45:37,44800.0,300,Sell,235994947
2024-08-30 10:45:37,44800.0,400,Sell,235994948
2024-08-30 10:45:37,44800.0,4300,Sell,235994946
2024-08-30 10:48:23,44800.0,400,Sell,235997494
2024-08-30 10:48:39,44800.0,100,Sell,235997726
2024-08-30 10:50:10,44800.0,500,Buy,235999148
2024-08-30 10:50:10,44800.0,1800,Sell,235999135
2024-08-30 10:50:10,44800.0,1100,Sell,235999134
2024-08-30 10:50:10,44800.0,100,Sell,235999133
2024-08-30 10:50:10,44800.0,1800,Sell,235999131
2024-08-30 10:50:10,44800.0,100,Sell,235999130
2024-08-30 10:50:10,44800.0,100,Sell,235999129
2024-08-30 10:50:10,44800.0,900,Sell,235999128
2024-08-30 10:50:10,44800.0,5000,Sell,235999132
2024-08-30 10:50:11,44750.0,200,Sell,235999164
2024-08-30 10:50:32,44800.0,4000,Buy,235999380
2024-08-30 10:50:41,44800.0,100,Buy,235999472
2024-08-30 10:50:57,44800.0,600,Buy,235999657
2024-08-30 10:51:00,44750.0,100,Sell,235999683
2024-08-30 10:51:53,44750.0,100,Sell,236000371
2024-08-30 10:51:53,44750.0,100,Sell,236000370
2024-08-30 10:51:56,44750.0,100,Sell,236000405
2024-08-30 10:51:56,44750.0,200,Sell,236000409
2024-08-30 10:51:56,44750.0,100,Sell,236000406
2024-08-30 10:51:56,44750.0,100,Sell,236000407
2024-08-30 10:51:56,44750.0,100,Sell,236000408
2024-08-30 10:52:25,44750.0,100,Sell,236000794
2024-08-30 10:52:25,44750.0,1600,Sell,236000795
2024-08-30 10:52:25,44750.0,300,Sell,236000793
2024-08-30 10:52:33,44750.0,100,Sell,236000904
2024-08-30 10:52:33,44750.0,100,Sell,236000903
2024-08-30 10:52:33,44750.0,100,Sell,236000905
2024-08-30 10:52:33,44750.0,100,Sell,236000901
2024-08-30 10:52:33,44750.0,5700,Sell,236000900
2024-08-30 10:52:33,44750.0,4100,Sell,236000899
2024-08-30 10:52:33,44750.0,100,Sell,236000902
2024-08-30 10:52:46,44750.0,100,Buy,236001050
2024-08-30 10:52:59,44700.0,1000,Sell,236001177
2024-08-30 10:52:59,44700.0,100,Sell,236001178
2024-08-30 10:52:59,44700.0,400,Sell,236001179
2024-08-30 10:52:59,44700.0,5000,Sell,236001180
2024-08-30 10:52:59,44700.0,3500,Sell,236001181
2024-08-30 10:53:13,44700.0,1700,Sell,236001341
2024-08-30 10:53:13,44700.0,2300,Sell,236001339
2024-08-30 10:53:13,44700.0,1000,Sell,236001340
2024-08-30 10:53:38,44700.0,100,Sell,236001679
2024-08-30 10:53:50,44700.0,400,Sell,236001847
2024-08-30 10:53:56,44750.0,1200,Buy,236001925
2024-08-30 10:54:13,44750.0,500,Buy,236002241
2024-08-30 10:54:31,44700.0,1000,Sell,236002446
2024-08-30 10:54:47,44700.0,1000,Sell,236002657
2024-08-30 10:54:47,44700.0,100,Sell,236002656
2024-08-30 10:54:47,44700.0,100,Sell,236002655
2024-08-30 10:54:47,44700.0,1800,Sell,236002654
2024-08-30 10:54:47,44700.0,100,Sell,236002653
2024-08-30 10:54:47,44700.0,100,Sell,236002651
2024-08-30 10:54:47,44700.0,3600,Sell,236002650
2024-08-30 10:54:47,44700.0,100,Sell,236002649
2024-08-30 10:54:47,44700.0,100,Sell,236002648
2024-08-30 10:54:47,44700.0,400,Sell,236002647
2024-08-30 10:54:47,44700.0,100,Sell,236002652
2024-08-30 10:55:04,44650.0,100,Sell,236002879
2024-08-30 10:55:04,44650.0,100,Sell,236002878
2024-08-30 10:55:04,44650.0,100,Sell,236002877
2024-08-30 10:55:04,44650.0,500,Sell,236002876
2024-08-30 10:55:04,44650.0,200,Sell,236002875
2024-08-30 10:55:04,44650.0,200,Sell,236002873
2024-08-30 10:55:04,44650.0,3000,Sell,236002872
2024-08-30 10:55:04,44650.0,1200,Sell,236002874
2024-08-30 10:55:04,44650.0,4400,Sell,236002869
2024-08-30 10:55:04,44650.0,100,Sell,236002871
2024-08-30 10:55:04,44650.0,400,Sell,236002870
2024-08-30 10:55:46,44650.0,100,Buy,236003542
2024-08-30 10:55:52,44650.0,4000,Buy,236003645
2024-08-30 10:56:06,44650.0,100,Buy,236003816
2024-08-30 10:56:13,44600.0,100,Sell,236003897
2024-08-30 10:56:13,44600.0,100,Sell,236003898
2024-08-30 10:56:13,44600.0,400,Sell,236003899
2024-08-30 10:56:18,44650.0,500,Buy,236003953
2024-08-30 10:56:21,44750.0,500,Buy,236003985
2024-08-30 10:56:21,44750.0,2000,Buy,236003983
2024-08-30 10:56:21,44750.0,100,Buy,236003982
2024-08-30 10:56:21,44750.0,400,Buy,236003981
2024-08-30 10:56:21,44750.0,5000,Buy,236003984
2024-08-30 10:56:21,44750.0,7900,Buy,236003979
2024-08-30 10:56:21,44700.0,100,Buy,236003978
2024-08-30 10:56:21,44750.0,200,Buy,236003980
2024-08-30 10:56:21,44700.0,12500,Buy,236003977
2024-08-30 10:56:21,44650.0,5000,Buy,236003976
2024-08-30 10:56:33,44750.0,1300,Sell,236004079
2024-08-30 10:57:16,44800.0,100,Buy,236004716
2024-08-30 10:57:57,44750.0,600,Sell,236005127
2024-08-30 10:57:57,44750.0,1500,Sell,236005128
2024-08-30 10:57:58,44750.0,400,Sell,236005157
2024-08-30 10:57:58,44750.0,1100,Sell,236005158
2024-08-30 10:58:17,44750.0,700,Sell,236005346
2024-08-30 11:00:02,44750.0,100,Buy,236006615
2024-08-30 11:00:52,44750.0,200,Buy,236007132
2024-08-30 11:00:52,44750.0,1600,Buy,236007133
2024-08-30 11:04:48,44750.0,100,Sell,236010023
2024-08-30 11:04:48,44750.0,1800,Sell,236010024
2024-08-30 11:05:46,44750.0,100,Buy,236010818
2024-08-30 11:07:25,44750.0,1000,Buy,236012026
2024-08-30 11:08:21,44750.0,300,Buy,236012761
2024-08-30 11:08:21,44750.0,800,Buy,236012759
2024-08-30 11:08:21,44750.0,100,Buy,236012760
2024-08-30 11:08:44,44750.0,500,Sell,236012995
2024-08-30 11:09:09,44700.0,300,Sell,236013305
2024-08-30 11:09:09,44800.0,200,Buy,236013313
2024-08-30 11:09:09,44700.0,100,Sell,236013304
2024-08-30 11:09:09,44700.0,100,Sell,236013306
2024-08-30 11:09:09,44700.0,2700,Sell,236013307
2024-08-30 11:09:26,44850.0,1000,Buy,236013561
2024-08-30 11:09:26,44850.0,100,Buy,236013562
2024-08-30 11:09:26,44900.0,100,Buy,236013563
2024-08-30 11:09:26,44900.0,100,Buy,236013564
2024-08-30 11:09:26,44900.0,400,Buy,236013565
2024-08-30 11:09:26,44900.0,100,Buy,236013566
2024-08-30 11:09:26,44900.0,300,Buy,236013567
2024-08-30 11:09:26,44900.0,100,Buy,236013568
2024-08-30 11:09:26,44900.0,100,Buy,236013569
2024-08-30 11:09:26,44900.0,1000,Buy,236013570
2024-08-30 11:09:26,44900.0,300,Buy,236013571
2024-08-30 11:09:26,44900.0,7600,Buy,236013572
2024-08-30 11:09:26,44900.0,2000,Buy,236013573
2024-08-30 11:09:26,44900.0,500,Buy,236013574
2024-08-30 11:09:26,44900.0,100,Buy,236013575
2024-08-30 11:09:26,44900.0,1800,Buy,236013577
2024-08-30 11:09:26,44900.0,300,Buy,236013578
2024-08-30 11:09:26,44900.0,100,Buy,236013579
2024-08-30 11:09:26,44900.0,1000,Buy,236013580
2024-08-30 11:09:26,44900.0,10000,Buy,236013581
2024-08-30 11:09:26,44900.0,100,Buy,236013582
2024-08-30 11:09:26,44900.0,100,Buy,236013583
2024-08-30 11:09:26,44900.0,500,Buy,236013584
2024-08-30 11:09:26,44900.0,100,Buy,236013585
2024-08-30 11:09:26,44900.0,100,Buy,236013586
2024-08-30 11:09:26,44900.0,2300,Buy,236013587
2024-08-30 11:09:26,44850.0,5000,Buy,236013560
2024-08-30 11:09:26,44850.0,100,Buy,236013559
2024-08-30 11:09:26,44900.0,100,Buy,236013576
2024-08-30 11:09:26,44850.0,2200,Buy,236013557
2024-08-30 11:09:26,44800.0,4800,Buy,236013531
2024-08-30 11:09:26,44800.0,400,Buy,236013532
2024-08-30 11:09:26,44800.0,100,Buy,236013533
2024-08-30 11:09:26,44800.0,700,Buy,236013534
2024-08-30 11:09:26,44800.0,100,Buy,236013535
2024-08-30 11:09:26,44800.0,500,Buy,236013536
2024-08-30 11:09:26,44800.0,100,Buy,236013537
2024-08-30 11:09:26,44800.0,200,Buy,236013538
2024-08-30 11:09:26,44800.0,900,Buy,236013539
2024-08-30 11:09:26,44800.0,1000,Buy,236013540
2024-08-30 11:09:26,44800.0,100,Buy,236013541
2024-08-30 11:09:26,44800.0,1000,Buy,236013542
2024-08-30 11:09:26,44800.0,1900,Buy,236013543
2024-08-30 11:09:26,44750.0,100,Buy,236013530
2024-08-30 11:09:26,44850.0,100,Buy,236013545
2024-08-30 11:09:26,44850.0,4000,Buy,236013556
2024-08-30 11:09:26,44850.0,300,Buy,236013555
2024-08-30 11:09:26,44850.0,200,Buy,236013554
2024-08-30 11:09:26,44850.0,500,Buy,236013553
2024-08-30 11:09:26,44850.0,100,Buy,236013544
2024-08-30 11:09:26,44850.0,1000,Buy,236013551
2024-08-30 11:09:26,44850.0,700,Buy,236013552
2024-08-30 11:09:26,44850.0,100,Buy,236013549
2024-08-30 11:09:26,44850.0,100,Buy,236013548
2024-08-30 11:09:26,44850.0,100,Buy,236013547
2024-08-30 11:09:26,44850.0,1000,Buy,236013546
2024-08-30 11:09:26,44850.0,200,Buy,236013550
2024-08-30 11:09:26,44850.0,100,Buy,236013558
2024-08-30 11:11:07,44800.0,200,Buy,236015098
2024-08-30 11:11:51,44850.0,1000,Buy,236015649
2024-08-30 11:11:51,44850.0,100,Buy,236015647
2024-08-30 11:11:51,44850.0,100,Buy,236015648
2024-08-30 11:12:08,44850.0,200,Sell,236015826
2024-08-30 11:12:08,44850.0,1700,Sell,236015827
2024-08-30 11:12:45,45000.0,100,Buy,236016423
2024-08-30 11:12:45,44950.0,100,Buy,236016396
2024-08-30 11:12:45,44950.0,1100,Buy,236016397
2024-08-30 11:12:45,44950.0,100,Buy,236016398
2024-08-30 11:12:45,44950.0,200,Buy,236016399
2024-08-30 11:12:45,44950.0,100,Buy,236016400
2024-08-30 11:12:45,44950.0,100,Buy,236016401
2024-08-30 11:12:45,44950.0,5000,Buy,236016402
2024-08-30 11:12:45,44950.0,100,Buy,236016403
2024-08-30 11:12:45,44950.0,100,Buy,236016395
2024-08-30 11:12:45,45000.0,500,Buy,236016404
2024-08-30 11:12:45,45000.0,100,Buy,236016405
2024-08-30 11:12:45,45000.0,300,Buy,236016406
2024-08-30 11:12:45,45000.0,200,Buy,236016407
2024-08-30 11:12:45,45000.0,100,Buy,236016408
2024-08-30 11:12:45,45000.0,500,Buy,236016410
2024-08-30 11:12:45,45000.0,500,Buy,236016411
2024-08-30 11:12:45,45000.0,2000,Buy,236016412
2024-08-30 11:12:45,45000.0,200,Buy,236016413
2024-08-30 11:12:45,45000.0,300,Buy,236016414
2024-08-30 11:12:45,45000.0,200,Buy,236016415
2024-08-30 11:12:45,45000.0,500,Buy,236016416
2024-08-30 11:12:45,45000.0,300,Buy,236016417
2024-08-30 11:12:45,45000.0,500,Buy,236016418
2024-08-30 11:12:45,45000.0,1000,Buy,236016419
2024-08-30 11:12:45,45000.0,6600,Buy,236016420
2024-08-30 11:12:45,45000.0,2000,Buy,236016421
2024-08-30 11:12:45,45000.0,2000,Buy,236016422
2024-08-30 11:12:45,45000.0,300,Buy,236016409
2024-08-30 11:12:45,44950.0,1500,Buy,236016394
2024-08-30 11:12:45,44900.0,6700,Buy,236016383
2024-08-30 11:12:45,44950.0,20000,Buy,236016392
2024-08-30 11:12:45,44950.0,200,Buy,236016393
2024-08-30 11:12:45,44850.0,200,Buy,236016363
2024-08-30 11:12:45,44850.0,3600,Buy,236016364
2024-08-30 11:12:45,44900.0,2700,Buy,236016365
2024-08-30 11:12:45,44900.0,600,Buy,236016366
2024-08-30 11:12:45,44900.0,800,Buy,236016367
2024-08-30 11:12:45,44900.0,1000,Buy,236016368
2024-08-30 11:12:45,44900.0,500,Buy,236016369
2024-08-30 11:12:45,44900.0,1000,Buy,236016370
2024-08-30 11:12:45,44900.0,100,Buy,236016371
2024-08-30 11:12:45,44900.0,1000,Buy,236016372
2024-08-30 11:12:45,44900.0,100,Buy,236016373
2024-08-30 11:12:45,44900.0,500,Buy,236016374
2024-08-30 11:12:45,44900.0,200,Buy,236016375
2024-08-30 11:12:45,44900.0,10000,Buy,236016381
2024-08-30 11:12:45,44900.0,2000,Buy,236016377
2024-08-30 11:12:45,44950.0,100,Buy,236016390
2024-08-30 11:12:45,44950.0,200,Buy,236016389
2024-08-30 11:12:45,44950.0,200,Buy,236016387
2024-08-30 11:12:45,44950.0,5000,Buy,236016386
2024-08-30 11:12:45,44950.0,1000,Buy,236016385
2024-08-30 11:12:45,44950.0,800,Buy,236016388
2024-08-30 11:12:45,44900.0,100,Buy,236016382
2024-08-30 11:12:45,44900.0,200,Buy,236016376
2024-08-30 11:12:45,44900.0,1000,Buy,236016380
2024-08-30 11:12:45,44900.0,300,Buy,236016379
2024-08-30 11:12:45,44900.0,200,Buy,236016378
2024-08-30 11:12:45,44900.0,5000,Buy,236016384
2024-08-30 11:12:45,44950.0,100,Buy,236016391
2024-08-30 11:13:24,44900.0,100,Buy,236016811
2024-08-30 11:13:51,44850.0,100,Buy,236017109
2024-08-30 11:14:06,44850.0,100,Buy,236017272
2024-08-30 11:14:28,44850.0,400,Buy,236017572
2024-08-30 11:14:28,44800.0,300,Sell,236017578
2024-08-30 11:15:05,44800.0,100,Sell,236018023
2024-08-30 11:15:05,44800.0,500,Sell,236018022
2024-08-30 11:15:06,44800.0,200,Sell,236018024
2024-08-30 11:15:06,44800.0,200,Sell,236018025
2024-08-30 11:15:32,44800.0,100,Sell,236018351
2024-08-30 11:15:32,44800.0,100,Sell,236018352
2024-08-30 11:15:32,44800.0,100,Sell,236018353
2024-08-30 11:15:32,44800.0,200,Sell,236018354
2024-08-30 11:15:32,44800.0,100,Sell,236018355
2024-08-30 11:15:48,44800.0,1700,Buy,236018587
2024-08-30 11:16:05,44800.0,200,Buy,236018817
2024-08-30 11:16:06,44800.0,200,Buy,236018820
2024-08-30 11:17:02,44800.0,100,Sell,236019484
2024-08-30 11:17:06,44800.0,100,Sell,236019535
2024-08-30 11:17:06,44800.0,100,Sell,236019536
2024-08-30 11:17:06,44800.0,200,Sell,236019537
2024-08-30 11:18:36,44850.0,300,Buy,236020505
2024-08-30 11:18:41,44850.0,100,Buy,236020597
2024-08-30 11:18:50,44850.0,600,Buy,236020732
2024-08-30 11:19:54,44850.0,200,Sell,236021489
2024-08-30 11:20:13,44850.0,2500,Sell,236021690
2024-08-30 11:20:43,44850.0,300,Sell,236022049
2024-08-30 11:20:52,44850.0,800,Sell,236022154
2024-08-30 11:20:53,44850.0,100,Sell,236022158
2024-08-30 11:21:11,44850.0,200,Sell,236022319
2024-08-30 11:21:11,44850.0,1700,Sell,236022317
2024-08-30 11:21:11,44850.0,500,Sell,236022316
2024-08-30 11:21:11,44850.0,500,Sell,236022318
2024-08-30 11:21:13,44850.0,100,Buy,236022372
2024-08-30 11:21:13,44800.0,100,Sell,236022378
2024-08-30 11:22:19,44800.0,100,Sell,236023184
2024-08-30 11:22:21,44800.0,2000,Sell,236023209
2024-08-30 11:22:23,44800.0,600,Sell,236023216
2024-08-30 11:22:23,44800.0,100,Sell,236023217
2024-08-30 11:22:23,44800.0,1200,Sell,236023218
2024-08-30 11:22:28,44800.0,1000,Sell,236023250
2024-08-30 11:22:29,44800.0,1300,Sell,236023260
2024-08-30 11:22:35,44800.0,1000,Sell,236023322
2024-08-30 11:22:36,44800.0,500,Sell,236023336
2024-08-30 11:22:50,44800.0,100,Buy,236023439
2024-08-30 11:22:54,44800.0,100,Buy,236023493
2024-08-30 11:23:15,44800.0,200,Buy,236023678
2024-08-30 11:23:15,44800.0,300,Buy,236023679
2024-08-30 11:23:15,44800.0,100,Buy,236023680
2024-08-30 11:23:21,44800.0,200,Sell,236023795
2024-08-30 11:24:18,44800.0,100,Sell,236024406
2024-08-30 11:24:43,44800.0,500,Sell,236024648
2024-08-30 11:24:43,44800.0,200,Sell,236024654
2024-08-30 11:25:13,44800.0,100,Sell,236024993
2024-08-30 11:25:29,44800.0,100,Sell,236025229
2024-08-30 11:26:41,44850.0,3000,Buy,236026031
2024-08-30 11:26:57,44800.0,100,Sell,236026199
2024-08-30 11:28:20,44850.0,100,Buy,236027493
2024-08-30 11:28:29,44800.0,1000,Sell,236027592
2024-08-30 11:28:40,44850.0,6000,Buy,236027692
2024-08-30 11:28:41,44800.0,200,Sell,236027702
2024-08-30 11:29:19,44800.0,2000,Sell,236028080
2024-08-30 12:59:55,44800.0,600,Sell,236028634
2024-08-30 12:59:55,44800.0,400,Sell,236028635
2024-08-30 12:59:56,44800.0,100,Sell,236029176
2024-08-30 12:59:56,44800.0,100,Sell,236029177
2024-08-30 12:59:56,44800.0,400,Sell,236028891
2024-08-30 12:59:56,44800.0,300,Sell,236028751
2024-08-30 12:59:56,44850.0,200,Buy,236028752
2024-08-30 12:59:56,44800.0,100,Sell,236028750
2024-08-30 12:59:56,44800.0,300,Sell,236028890
2024-08-30 12:59:57,44800.0,100,Sell,236029355
2024-08-30 12:59:57,44800.0,200,Sell,236029356
2024-08-30 12:59:57,44800.0,300,Sell,236029357
2024-08-30 12:59:57,44850.0,100,Buy,236029358
2024-08-30 12:59:58,44800.0,100,Sell,236029817
2024-08-30 12:59:58,44800.0,300,Sell,236029848
2024-08-30 12:59:58,44800.0,800,Sell,236029863
2024-08-30 12:59:58,44800.0,100,Sell,236029870
2024-08-30 12:59:58,44800.0,500,Sell,236029871
2024-08-30 12:59:59,44800.0,200,Sell,236030058
2024-08-30 12:59:59,44800.0,900,Buy,236030061
2024-08-30 12:59:59,44800.0,100,Sell,236030060
2024-08-30 12:59:59,44800.0,1700,Sell,236030057
2024-08-30 12:59:59,44800.0,600,Sell,236030059
2024-08-30 12:59:59,44800.0,100,Sell,236030055
2024-08-30 12:59:59,44800.0,3600,Sell,236030052
2024-08-30 12:59:59,44800.0,100,Sell,236030054
2024-08-30 12:59:59,44800.0,100,Sell,236030053
2024-08-30 12:59:59,44800.0,100,Sell,236030056
2024-08-30 13:00:00,44800.0,100,Sell,236030258
2024-08-30 13:00:09,44800.0,200,Buy,236031093
2024-08-30 13:00:13,44750.0,600,Sell,236031361
2024-08-30 13:00:13,44800.0,100,Buy,236031376
2024-08-30 13:00:17,44800.0,100,Buy,236031669
2024-08-30 13:00:17,44800.0,400,Buy,236031670
2024-08-30 13:00:20,44800.0,100,Buy,236031750
2024-08-30 13:00:26,44750.0,3000,Sell,236031866
2024-08-30 13:00:43,44800.0,2700,Buy,236032139
2024-08-30 13:00:43,44800.0,3000,Buy,236032138
2024-08-30 13:00:52,44800.0,1700,Buy,236032340
2024-08-30 13:00:54,44800.0,300,Buy,236032410
2024-08-30 13:00:54,44700.0,900,Sell,236032407
2024-08-30 13:00:54,44700.0,3000,Sell,236032406
2024-08-30 13:00:54,44700.0,100,Sell,236032405
2024-08-30 13:00:54,44700.0,100,Sell,236032404
2024-08-30 13:00:54,44750.0,100,Sell,236032403
2024-08-30 13:00:54,44750.0,1900,Sell,236032402
2024-08-30 13:00:54,44750.0,300,Sell,236032400
2024-08-30 13:00:54,44750.0,100,Sell,236032399
2024-08-30 13:00:54,44750.0,100,Sell,236032398
2024-08-30 13:00:54,44750.0,100,Sell,236032397
2024-08-30 13:00:54,44750.0,100,Sell,236032396
2024-08-30 13:00:54,44750.0,100,Sell,236032395
2024-08-30 13:00:54,44750.0,1400,Sell,236032394
2024-08-30 13:00:54,44750.0,100,Sell,236032401
2024-08-30 13:01:06,44700.0,1100,Sell,236032637
2024-08-30 13:01:33,44750.0,200,Sell,236033285
2024-08-30 13:01:37,44800.0,4300,Buy,236033407
2024-08-30 13:01:37,44800.0,100,Buy,236033406
2024-08-30 13:01:37,44800.0,1300,Buy,236033405
2024-08-30 13:01:53,44800.0,5700,Buy,236033667
2024-08-30 13:02:05,44750.0,1100,Sell,236033834
2024-08-30 13:02:28,44750.0,200,Sell,236034204
2024-08-30 13:02:37,44800.0,100,Buy,236034370
2024-08-30 13:02:38,44800.0,1000,Buy,236034513
2024-08-30 13:02:38,44800.0,100,Buy,236034514
2024-08-30 13:02:38,44800.0,200,Buy,236034512
2024-08-30 13:02:38,44800.0,5000,Buy,236034515
2024-08-30 13:02:38,44800.0,100,Buy,236034510
2024-08-30 13:02:38,44800.0,5700,Buy,236034486
2024-08-30 13:02:38,44800.0,100,Buy,236034511
2024-08-30 13:02:38,44800.0,9400,Buy,236034509
2024-08-30 13:02:59,44850.0,100,Buy,236034844
2024-08-30 13:03:06,44800.0,1100,Sell,236035027
2024-08-30 13:03:12,44800.0,300,Sell,236035167
2024-08-30 13:03:37,44850.0,7500,Buy,236035582
2024-08-30 13:03:37,44850.0,100,Buy,236035583
2024-08-30 13:03:37,44850.0,1000,Buy,236035584
2024-08-30 13:03:37,44850.0,1000,Buy,236035585
2024-08-30 13:03:37,44850.0,200,Buy,236035586
2024-08-30 13:03:37,44850.0,200,Buy,236035587
2024-08-30 13:03:41,44850.0,100,Buy,236035676
2024-08-30 13:03:41,44850.0,100,Buy,236035675
2024-08-30 13:04:10,44850.0,200,Sell,236036179
2024-08-30 13:04:10,44850.0,900,Sell,236036180
2024-08-30 13:04:15,44850.0,2100,Sell,236036320
2024-08-30 13:04:25,44850.0,100,Buy,236036478
2024-08-30 13:04:34,44850.0,100,Sell,236036615
2024-08-30 13:04:37,44850.0,500,Buy,236036679
2024-08-30 13:04:47,44850.0,200,Sell,236036851
2024-08-30 13:05:03,44850.0,1000,Sell,236037116
2024-08-30 13:05:05,44850.0,500,Sell,236037146
2024-08-30 13:05:12,44800.0,100,Sell,236037245
2024-08-30 13:05:12,44800.0,200,Sell,236037246
2024-08-30 13:05:12,44800.0,1400,Sell,236037247
2024-08-30 13:05:14,44800.0,1100,Sell,236037267
2024-08-30 13:05:53,44850.0,100,Buy,236038067
2024-08-30 13:05:54,44800.0,3200,Sell,236038081
2024-08-30 13:05:54,44800.0,300,Sell,236038082
2024-08-30 13:05:54,44800.0,500,Sell,236038083
2024-08-30 13:05:54,44800.0,1000,Sell,236038084
2024-08-30 13:06:18,44750.0,1100,Sell,236038498
2024-08-30 13:06:32,44800.0,400,Buy,236038766
2024-08-30 13:06:32,44800.0,3800,Buy,236038764
2024-08-30 13:06:32,44800.0,500,Buy,236038765
2024-08-30 13:06:57,44800.0,5300,Sell,236039280
2024-08-30 13:06:57,44800.0,100,Sell,236039281
2024-08-30 13:06:57,44800.0,300,Sell,236039282
2024-08-30 13:07:11,44800.0,4300,Buy,236039490
2024-08-30 13:07:18,44800.0,700,Sell,236039615
2024-08-30 13:07:22,44800.0,200,Buy,236039716
2024-08-30 13:07:24,44800.0,100,Buy,236039815
2024-08-30 13:07:34,44800.0,200,Buy,236040009
2024-08-30 13:07:34,44800.0,100,Buy,236040008
2024-08-30 13:07:53,44800.0,1000,Sell,236040376
2024-08-30 13:08:08,44800.0,200,Sell,236040721
2024-08-30 13:08:15,44800.0,1800,Sell,236040830
2024-08-30 13:08:19,44800.0,1200,Sell,236040919
2024-08-30 13:08:30,44800.0,500,Sell,236041276
2024-08-30 13:08:30,44800.0,100,Sell,236041277
2024-08-30 13:08:30,44800.0,100,Sell,236041278
2024-08-30 13:08:30,44800.0,300,Sell,236041279
2024-08-30 13:08:39,44850.0,600,Buy,236041514
2024-08-30 13:08:39,44850.0,100,Buy,236041513
2024-08-30 13:08:39,44850.0,200,Buy,236041512
2024-08-30 13:08:39,44850.0,16500,Buy,236041511
2024-08-30 13:08:39,44850.0,400,Buy,236041509
2024-08-30 13:08:39,44850.0,16400,Buy,236041508
2024-08-30 13:08:39,44850.0,600,Buy,236041510
2024-08-30 13:08:52,44800.0,400,Sell,236041807
2024-08-30 13:09:24,44850.0,300,Buy,236042403
2024-08-30 13:09:24,44900.0,500,Buy,236042404
2024-08-30 13:09:24,44900.0,400,Buy,236042405
2024-08-30 13:09:25,44800.0,1000,Sell,236042434
2024-08-30 13:09:25,44800.0,100,Sell,236042435
2024-08-30 13:09:26,44800.0,300,Sell,236042455
2024-08-30 13:09:26,44800.0,300,Sell,236042456
2024-08-30 13:09:27,44800.0,100,Sell,236042487
2024-08-30 13:09:42,44850.0,900,Buy,236042812
2024-08-30 13:09:42,44850.0,2000,Sell,236042813
2024-08-30 13:09:43,44900.0,1000,Buy,236042864
2024-08-30 13:09:43,44900.0,500,Buy,236042865
2024-08-30 13:09:43,44900.0,800,Buy,236042866
2024-08-30 13:10:22,44900.0,200,Buy,236043979
2024-08-30 13:10:22,44900.0,100,Buy,236043980
2024-08-30 13:10:22,44900.0,200,Buy,236043981
2024-08-30 13:10:22,44900.0,500,Buy,236043982
2024-08-30 13:10:27,44900.0,500,Buy,236044119
2024-08-30 13:10:27,44900.0,500,Buy,236044118
2024-08-30 13:10:27,44900.0,400,Buy,236044117
2024-08-30 13:10:27,44900.0,4000,Buy,236044116
2024-08-30 13:10:27,44900.0,100,Buy,236044111
2024-08-30 13:10:27,44900.0,2200,Buy,236044114
2024-08-30 13:10:27,44900.0,100,Buy,236044113
2024-08-30 13:10:27,44900.0,2000,Buy,236044112
2024-08-30 13:10:27,44900.0,1000,Buy,236044115
2024-08-30 13:10:27,44900.0,1000,Buy,236044120
2024-08-30 13:10:27,44900.0,1000,Buy,236044121
2024-08-30 13:10:27,44900.0,100,Buy,236044123
2024-08-30 13:10:27,44900.0,100,Buy,236044126
2024-08-30 13:10:27,44900.0,100,Buy,236044122
2024-08-30 13:10:27,44900.0,200,Buy,236044124
2024-08-30 13:10:27,44900.0,200,Buy,236044125
2024-08-30 13:10:28,44900.0,1100,Sell,236044140
2024-08-30 13:10:32,44950.0,300,Buy,236044207
2024-08-30 13:10:39,44950.0,2000,Buy,236044328
2024-08-30 13:10:39,44950.0,7400,Buy,236044339
2024-08-30 13:10:39,44950.0,100,Buy,236044338
2024-08-30 13:10:39,44950.0,700,Buy,236044336
2024-08-30 13:10:39,44950.0,1700,Buy,236044335
2024-08-30 13:10:39,44950.0,5000,Buy,236044334
2024-08-30 13:10:39,44950.0,700,Buy,236044337
2024-08-30 13:10:39,44950.0,100,Buy,236044332
2024-08-30 13:10:39,44950.0,1000,Buy,236044331
2024-08-30 13:10:39,44950.0,100,Buy,236044330
2024-08-30 13:10:39,44950.0,900,Buy,236044329
2024-08-30 13:10:39,44950.0,100,Buy,236044333
2024-08-30 13:10:39,44950.0,200,Buy,236044327
2024-08-30 13:10:44,44950.0,5600,Buy,236044476
2024-08-30 13:10:44,44950.0,100,Buy,236044477
2024-08-30 13:10:44,44950.0,100,Buy,236044478
2024-08-30 13:10:48,45000.0,400,Buy,236044561
2024-08-30 13:10:48,45000.0,600,Buy,236044562
2024-08-30 13:11:24,44950.0,500,Sell,236045381
2024-08-30 13:11:32,44950.0,200,Sell,236045614
2024-08-30 13:11:32,44950.0,900,Sell,236045613
2024-08-30 13:11:38,44950.0,200,Sell,236045719
2024-08-30 13:11:39,44950.0,300,Sell,236045734
2024-08-30 13:11:47,44950.0,300,Sell,236045941
2024-08-30 13:11:47,44950.0,100,Sell,236045942
2024-08-30 13:11:47,44950.0,200,Sell,236045943
2024-08-30 13:11:53,44950.0,300,Sell,236046047
2024-08-30 13:11:56,44950.0,200,Sell,236046096
2024-08-30 13:12:04,44950.0,300,Buy,236046351
2024-08-30 13:12:04,44950.0,1400,Buy,236046352
2024-08-30 13:12:05,44950.0,400,Buy,236046401
2024-08-30 13:12:05,44950.0,100,Buy,236046398
2024-08-30 13:12:05,44950.0,500,Buy,236046399
2024-08-30 13:12:05,44950.0,100,Buy,236046400
2024-08-30 13:12:09,44950.0,100,Sell,236046459
2024-08-30 13:12:10,44950.0,1100,Sell,236046486
2024-08-30 13:12:17,44950.0,600,Buy,236046647
2024-08-30 13:12:21,44950.0,200,Buy,236046700
2024-08-30 13:12:30,44950.0,1800,Buy,236046869
2024-08-30 13:12:30,44950.0,500,Buy,236046867
2024-08-30 13:12:30,44950.0,400,Buy,236046868
2024-08-30 13:12:30,44950.0,100,Buy,236046865
2024-08-30 13:12:30,44950.0,800,Buy,236046863
2024-08-30 13:12:30,44950.0,700,Buy,236046866
2024-08-30 13:12:30,44950.0,300,Buy,236046864
2024-08-30 13:12:35,44900.0,1100,Sell,236047029
2024-08-30 13:12:51,44900.0,3300,Sell,236047304
2024-08-30 13:12:51,44900.0,4700,Sell,236047305
2024-08-30 13:13:19,44900.0,11300,Sell,236047983
2024-08-30 13:13:19,44900.0,100,Sell,236047984
2024-08-30 13:13:19,44900.0,5700,Sell,236047985
2024-08-30 13:13:19,44900.0,100,Sell,236047986
2024-08-30 13:13:19,44900.0,300,Sell,236047987
2024-08-30 13:13:36,44850.0,1100,Sell,236048401
2024-08-30 13:13:36,44850.0,300,Sell,236048385
2024-08-30 13:13:43,44850.0,200,Sell,236048715
2024-08-30 13:13:47,44850.0,2000,Sell,236048779
2024-08-30 13:14:25,44850.0,700,Sell,236049647
2024-08-30 13:14:27,44850.0,200,Sell,236049685
2024-08-30 13:14:34,44850.0,4800,Sell,236049798
2024-08-30 13:14:34,44850.0,500,Sell,236049799
2024-08-30 13:14:34,44850.0,300,Sell,236049800
2024-08-30 13:14:34,44850.0,10700,Sell,236049801
2024-08-30 13:14:34,44850.0,100,Sell,236049802
2024-08-30 13:14:40,44800.0,1100,Sell,236050018
2024-08-30 13:14:41,44800.0,100,Sell,236050034
2024-08-30 13:14:41,44800.0,100,Sell,236050035
2024-08-30 13:14:41,44800.0,1000,Sell,236050036
2024-08-30 13:14:41,44800.0,1000,Sell,236050037
2024-08-30 13:14:41,44800.0,300,Sell,236050038
2024-08-30 13:14:41,44800.0,100,Sell,236050039
2024-08-30 13:14:41,44800.0,100,Sell,236050033
2024-08-30 13:14:55,44850.0,100,Buy,236050345
2024-08-30 13:15:00,44850.0,1900,Buy,236050485
2024-08-30 13:15:20,44850.0,1900,Buy,236051106
2024-08-30 13:15:20,44850.0,4400,Buy,236051126
2024-08-30 13:15:31,44850.0,10300,Buy,236051420
2024-08-30 13:15:31,44850.0,400,Buy,236051421
2024-08-30 13:15:34,44850.0,100,Buy,236051534
2024-08-30 13:15:34,44900.0,3500,Buy,236051535
2024-08-30 13:15:40,44900.0,700,Buy,236051724
2024-08-30 13:15:41,44850.0,100,Sell,236051773
2024-08-30 13:15:44,44850.0,500,Buy,236051822
2024-08-30 13:15:45,44800.0,4700,Sell,236051882
2024-08-30 13:15:45,44800.0,100,Sell,236051881
2024-08-30 13:15:45,44800.0,100,Sell,236051880
2024-08-30 13:15:45,44800.0,300,Sell,236051878
2024-08-30 13:15:45,44800.0,2000,Sell,236051877
2024-08-30 13:15:45,44800.0,1900,Sell,236051876
2024-08-30 13:15:45,44800.0,900,Sell,236051879
2024-08-30 13:15:48,44850.0,500,Buy,236052066
2024-08-30 13:15:48,44900.0,3600,Buy,236052067
2024-08-30 13:16:04,44850.0,500,Sell,236052529
2024-08-30 13:16:43,44850.0,1100,Sell,236053582
2024-08-30 13:17:08,44850.0,100,Sell,236054138
2024-08-30 13:17:11,44850.0,100,Sell,236054255
2024-08-30 13:17:20,44850.0,100,Buy,236054557
2024-08-30 13:17:46,44800.0,300,Sell,236055270
2024-08-30 13:17:46,44800.0,100,Sell,236055271
2024-08-30 13:17:46,44800.0,700,Sell,236055272
2024-08-30 13:18:10,44800.0,400,Sell,236055915
2024-08-30 13:18:17,44850.0,1000,Buy,236056088
2024-08-30 13:18:17,44850.0,1000,Buy,236056087
2024-08-30 13:18:17,44850.0,1100,Buy,236056089
2024-08-30 13:18:17,44850.0,100,Buy,236056085
2024-08-30 13:18:17,44850.0,200,Buy,236056084
2024-08-30 13:18:17,44850.0,300,Buy,236056086
2024-08-30 13:18:32,44850.0,100,Sell,236056506
2024-08-30 13:18:44,44850.0,2800,Sell,236056793
2024-08-30 13:18:48,44850.0,1100,Sell,236056864
2024-08-30 13:19:13,44850.0,4300,Sell,236057504
2024-08-30 13:19:13,44850.0,100,Sell,236057505
2024-08-30 13:19:13,44850.0,2200,Sell,236057506
2024-08-30 13:19:26,44850.0,2000,Sell,236057861
2024-08-30 13:19:46,44850.0,200,Sell,236058417
2024-08-30 13:19:46,44850.0,600,Sell,236058418
2024-08-30 13:19:50,44850.0,1100,Sell,236058520
2024-08-30 13:20:08,44850.0,200,Buy,236058867
2024-08-30 13:20:12,44850.0,100,Sell,236058997
2024-08-30 13:20:26,44900.0,5700,Buy,236059280
2024-08-30 13:20:33,44800.0,100,Sell,236059586
2024-08-30 13:20:33,44800.0,1000,Sell,236059585
2024-08-30 13:20:33,44800.0,100,Sell,236059583
2024-08-30 13:20:33,44800.0,200,Sell,236059582
2024-08-30 13:20:33,44800.0,200,Sell,236059584
2024-08-30 13:20:33,44800.0,100,Sell,236059580
2024-08-30 13:20:33,44800.0,400,Sell,236059579
2024-08-30 13:20:33,44800.0,500,Sell,236059578
2024-08-30 13:20:33,44800.0,8800,Sell,236059577
2024-08-30 13:20:33,44850.0,500,Sell,236059576
2024-08-30 13:20:33,44800.0,5000,Sell,236059581
2024-08-30 13:20:41,44800.0,1900,Buy,236059766
2024-08-30 13:20:45,44800.0,5700,Buy,236059918
2024-08-30 13:20:51,44750.0,1100,Sell,236060156
2024-08-30 13:20:58,44850.0,22700,Buy,236060342
2024-08-30 13:20:58,44800.0,37300,Buy,236060341
2024-08-30 13:21:03,44850.0,4600,Buy,236060502
2024-08-30 13:21:03,44850.0,500,Buy,236060503
2024-08-30 13:21:33,44850.0,600,Sell,236061429
2024-08-30 13:21:41,44850.0,100,Buy,236061630
2024-08-30 13:21:52,44850.0,100,Buy,236061871
2024-08-30 13:21:55,44800.0,1200,Sell,236061935
2024-08-30 13:22:02,44850.0,200,Buy,236062130
2024-08-30 13:22:59,44800.0,1100,Sell,236063605
2024-08-30 13:23:58,44800.0,1700,Sell,236065101
2024-08-30 13:23:58,44800.0,500,Sell,236065102
2024-08-30 13:23:58,44800.0,7700,Sell,236065099
2024-08-30 13:23:58,44800.0,100,Sell,236065100
2024-08-30 13:23:59,44750.0,1100,Sell,236065125
2024-08-30 13:24:04,44800.0,300,Buy,236065238
2024-08-30 13:24:09,44800.0,5400,Buy,236065366
2024-08-30 13:24:09,44800.0,1000,Buy,236065367
2024-08-30 13:24:10,44800.0,2900,Sell,236065382
2024-08-30 13:24:16,44800.0,100,Sell,236065525
2024-08-30 13:24:30,44800.0,1000,Sell,236065795
2024-08-30 13:24:34,44800.0,500,Sell,236065880
2024-08-30 13:24:51,44800.0,100,Sell,236066267
2024-08-30 13:25:00,44800.0,100,Sell,236066462
2024-08-30 13:25:00,44800.0,1000,Sell,236066461
2024-08-30 13:25:11,44800.0,400,Sell,236066734
2024-08-30 13:25:11,44800.0,200,Sell,236066735
2024-08-30 13:25:16,44800.0,100,Buy,236066846
2024-08-30 13:25:23,44800.0,800,Buy,236066995
2024-08-30 13:25:38,44800.0,400,Sell,236067306
2024-08-30 13:25:41,44800.0,400,Sell,236067408
2024-08-30 13:25:58,44800.0,900,Buy,236067737
2024-08-30 13:25:58,44800.0,200,Buy,236067738
2024-08-30 13:26:02,44800.0,900,Sell,236067812
2024-08-30 13:26:02,44800.0,200,Sell,236067813
2024-08-30 13:26:58,44800.0,3000,Sell,236069069
2024-08-30 13:27:02,44800.0,200,Sell,236069167
2024-08-30 13:27:05,44800.0,1100,Sell,236069230
2024-08-30 13:27:09,44800.0,1700,Sell,236069295
2024-08-30 13:27:09,44800.0,1400,Sell,236069294
2024-08-30 13:27:10,44800.0,1000,Buy,236069316
2024-08-30 13:27:16,44800.0,1600,Buy,236069469
2024-08-30 13:27:16,44800.0,800,Buy,236069470
2024-08-30 13:27:24,44800.0,100,Sell,236069652
2024-08-30 13:28:06,44800.0,3200,Sell,236070491
2024-08-30 13:28:06,44800.0,100,Sell,236070492
2024-08-30 13:28:06,44800.0,200,Sell,236070493
2024-08-30 13:28:06,44800.0,100,Sell,236070505
2024-08-30 13:28:06,44800.0,1000,Sell,236070506
2024-08-30 13:28:39,44800.0,200,Sell,236071265
2024-08-30 13:28:45,44800.0,100,Sell,236071351
2024-08-30 13:28:49,44800.0,100,Sell,236071485
2024-08-30 13:29:02,44800.0,4300,Sell,236071981
2024-08-30 13:29:02,44800.0,100,Sell,236071982
2024-08-30 13:29:02,44800.0,800,Sell,236071983
2024-08-30 13:29:02,44800.0,500,Sell,236071984
2024-08-30 13:29:02,44800.0,1300,Sell,236071985
2024-08-30 13:29:07,44800.0,1200,Sell,236072185
2024-08-30 13:29:22,44800.0,1800,Sell,236072535
2024-08-30 13:29:22,44800.0,3200,Sell,236072534
2024-08-30 13:29:35,44800.0,3900,Sell,236072771
2024-08-30 13:29:40,44800.0,100,Buy,236072829
2024-08-30 13:30:07,44800.0,3000,Buy,236073413
2024-08-30 13:30:09,44800.0,100,Buy,236073512
2024-08-30 13:30:13,44750.0,900,Sell,236073576
2024-08-30 13:30:13,44750.0,300,Sell,236073577
2024-08-30 13:30:13,44800.0,100,Buy,236073578
2024-08-30 13:30:21,44800.0,300,Buy,236073718
2024-08-30 13:30:23,44800.0,200,Buy,236073816
2024-08-30 13:30:23,44800.0,2500,Buy,236073815
2024-08-30 13:30:24,44800.0,2000,Sell,236073847
2024-08-30 13:30:24,44800.0,1000,Sell,236073863
2024-08-30 13:30:30,44800.0,1000,Buy,236073988
2024-08-30 13:30:42,44800.0,300,Sell,236074260
2024-08-30 13:31:06,44800.0,500,Sell,236074844
2024-08-30 13:31:19,44800.0,1100,Sell,236075158
2024-08-30 13:31:39,44800.0,1200,Sell,236075668
2024-08-30 13:32:02,44800.0,1700,Sell,236076311
2024-08-30 13:32:02,44800.0,300,Sell,236076312
2024-08-30 13:32:02,44800.0,900,Sell,236076309
2024-08-30 13:32:02,44800.0,100,Sell,236076310
2024-08-30 13:32:12,44800.0,1700,Sell,236076453
2024-08-30 13:32:13,44800.0,500,Sell,236076465
2024-08-30 13:32:18,44800.0,500,Sell,236076552
2024-08-30 13:32:23,44850.0,100,Buy,236076628
2024-08-30 13:32:23,44850.0,1900,Buy,236076629
2024-08-30 13:32:23,44800.0,1100,Sell,236076638
2024-08-30 13:32:34,44850.0,3100,Buy,236076966
2024-08-30 13:32:34,44850.0,400,Buy,236076967
2024-08-30 13:32:34,44850.0,500,Buy,236076968
2024-08-30 13:33:05,44800.0,400,Sell,236077583
2024-08-30 13:33:05,44850.0,100,Buy,236077580
2024-08-30 13:33:24,44800.0,1100,Sell,236078073
2024-08-30 13:33:26,44800.0,100,Sell,236078133
2024-08-30 13:33:26,44800.0,500,Sell,236078134
2024-08-30 13:33:26,44800.0,100,Sell,236078135
2024-08-30 13:33:33,44850.0,4400,Buy,236078405
2024-08-30 13:33:40,44800.0,300,Sell,236078577
2024-08-30 13:33:47,44850.0,4400,Buy,236078749
2024-08-30 13:33:48,44850.0,600,Buy,236078801
2024-08-30 13:33:48,44850.0,400,Buy,236078802
2024-08-30 13:34:24,44850.0,1500,Buy,236079415
2024-08-30 13:34:24,44850.0,300,Buy,236079414
2024-08-30 13:34:24,44850.0,600,Buy,236079410
2024-08-30 13:34:24,44850.0,300,Buy,236079412
2024-08-30 13:34:24,44850.0,100,Buy,236079411
2024-08-30 13:34:24,44850.0,100,Buy,236079413
2024-08-30 13:34:25,44850.0,100,Sell,236079431
2024-08-30 13:34:30,44850.0,1000,Buy,236079484
2024-08-30 13:34:32,44900.0,3500,Buy,236079572
2024-08-30 13:34:32,44900.0,200,Buy,236079570
2024-08-30 13:34:32,44900.0,100,Buy,236079571
2024-08-30 13:34:32,44900.0,100,Buy,236079568
2024-08-30 13:34:32,44900.0,500,Buy,236079567
2024-08-30 13:34:32,44900.0,100,Buy,236079569
2024-08-30 13:34:38,44850.0,500,Sell,236079719
2024-08-30 13:35:26,44850.0,200,Sell,236080639
2024-08-30 13:36:30,44800.0,200,Sell,236081990
2024-08-30 13:36:30,44800.0,900,Sell,236081991
2024-08-30 13:36:30,44800.0,900,Sell,236082019
2024-08-30 13:37:24,44800.0,1100,Sell,236083158
2024-08-30 13:38:02,44800.0,100,Sell,236083854
2024-08-30 13:38:03,44800.0,100,Sell,236083880
2024-08-30 13:38:24,44800.0,1100,Sell,236084386
2024-08-30 13:38:36,44800.0,200,Sell,236084609
2024-08-30 13:38:36,44800.0,500,Sell,236084608
2024-08-30 13:38:36,44800.0,100,Sell,236084607
2024-08-30 13:38:36,44800.0,200,Sell,236084606
2024-08-30 13:38:36,44800.0,1500,Sell,236084601
2024-08-30 13:38:36,44800.0,400,Sell,236084604
2024-08-30 13:38:36,44800.0,800,Sell,236084602
2024-08-30 13:38:36,44800.0,1000,Sell,236084605
2024-08-30 13:38:36,44800.0,300,Sell,236084603
2024-08-30 13:39:09,44800.0,100,Sell,236085291
2024-08-30 13:39:09,44800.0,200,Sell,236085292
2024-08-30 13:39:28,44800.0,1800,Sell,236085609
2024-08-30 13:39:28,44800.0,2000,Sell,236085610
2024-08-30 13:39:28,44800.0,1700,Sell,236085611
2024-08-30 13:39:28,44800.0,100,Sell,236085612
2024-08-30 13:39:28,44800.0,2000,Sell,236085613
2024-08-30 13:40:10,44800.0,2400,Buy,236086509
2024-08-30 13:40:10,44800.0,1100,Buy,236086510
2024-08-30 13:40:10,44800.0,200,Buy,236086511
2024-08-30 13:40:10,44850.0,600,Buy,236086512
2024-08-30 13:40:14,44750.0,200,Sell,236086633
2024-08-30 13:40:21,44800.0,1000,Buy,236086795
2024-08-30 13:40:26,44800.0,3800,Buy,236086949
2024-08-30 13:40:30,44750.0,1100,Sell,236087081
2024-08-30 13:40:36,44800.0,200,Buy,236087236
2024-08-30 13:40:40,44850.0,500,Buy,236087379
2024-08-30 13:40:54,44800.0,1200,Buy,236087729
2024-08-30 13:40:54,44800.0,800,Buy,236087731
2024-08-30 13:41:08,44800.0,1000,Buy,236087976
2024-08-30 13:41:34,44800.0,1000,Sell,236088560
2024-08-30 13:41:55,44800.0,100,Buy,236089047
2024-08-30 13:41:55,44800.0,100,Buy,236089048
2024-08-30 13:42:03,44800.0,1700,Buy,236089298
2024-08-30 13:42:07,44750.0,1000,Sell,236089422
2024-08-30 13:42:36,44750.0,1100,Sell,236090042
2024-08-30 13:42:39,44800.0,200,Buy,236090093
2024-08-30 13:42:44,44800.0,200,Buy,236090245
2024-08-30 13:43:01,44800.0,200,Buy,236090748
2024-08-30 13:43:01,44800.0,800,Buy,236090744
2024-08-30 13:43:01,44800.0,4200,Buy,236090745
2024-08-30 13:43:01,44800.0,100,Buy,236090746
2024-08-30 13:43:01,44800.0,1000,Buy,236090747
2024-08-30 13:43:21,44800.0,100,Sell,236091107
2024-08-30 13:43:29,44850.0,200,Buy,236091248
2024-08-30 13:43:35,44850.0,1000,Buy,236091370
2024-08-30 13:43:39,44800.0,1200,Sell,236091425
2024-08-30 13:43:42,44850.0,100,Buy,236091502
2024-08-30 13:43:42,44850.0,100,Buy,236091509
2024-08-30 13:43:42,44850.0,100,Buy,236091508
2024-08-30 13:43:42,44850.0,200,Buy,236091507
2024-08-30 13:43:42,44900.0,200,Buy,236091510
2024-08-30 13:43:42,44850.0,100,Buy,236091505
2024-08-30 13:43:42,44850.0,300,Buy,236091504
2024-08-30 13:43:42,44850.0,100,Buy,236091503
2024-08-30 13:43:42,44850.0,100,Buy,236091506
2024-08-30 13:43:42,44850.0,700,Buy,236091501
2024-08-30 13:43:57,44900.0,800,Buy,236091873
2024-08-30 13:43:57,44900.0,3000,Buy,236091874
2024-08-30 13:43:57,44900.0,600,Buy,236091875
2024-08-30 13:44:09,44900.0,100,Buy,236092182
2024-08-30 13:44:26,44900.0,300,Buy,236092553
2024-08-30 13:44:26,44900.0,3700,Buy,236092554
2024-08-30 13:44:37,44900.0,3600,Buy,236092790
2024-08-30 13:44:44,44850.0,500,Sell,236092915
2024-08-30 13:44:53,44850.0,200,Buy,236093166
2024-08-30 13:44:55,44900.0,600,Buy,236093218
2024-08-30 13:44:55,44850.0,400,Buy,236093217
2024-08-30 13:45:06,44900.0,500,Buy,236093500
2024-08-30 13:45:06,44900.0,100,Buy,236093499
2024-08-30 13:45:14,44900.0,1000,Buy,236093676
2024-08-30 13:45:44,44900.0,100,Buy,236094299
2024-08-30 13:45:44,44900.0,100,Buy,236094281
2024-08-30 13:45:44,44900.0,100,Buy,236094280
2024-08-30 13:45:44,44900.0,100,Buy,236094279
2024-08-30 13:45:44,44900.0,1000,Buy,236094276
2024-08-30 13:45:44,44900.0,200,Buy,236094275
2024-08-30 13:45:44,44900.0,100,Buy,236094274
2024-08-30 13:45:44,44900.0,3000,Buy,236094273
2024-08-30 13:45:44,44900.0,1000,Buy,236094277
2024-08-30 13:45:44,44900.0,100,Buy,236094278
2024-08-30 13:45:48,44900.0,1200,Sell,236094364
2024-08-30 13:46:14,44950.0,2900,Buy,236095005
2024-08-30 13:46:14,44950.0,200,Buy,236095001
2024-08-30 13:46:14,44950.0,800,Buy,236095002
2024-08-30 13:46:41,44950.0,2000,Buy,236095536
2024-08-30 13:46:45,44950.0,3500,Buy,236095612
2024-08-30 13:46:45,44950.0,100,Buy,236095638
2024-08-30 13:46:45,44950.0,300,Buy,236095639
2024-08-30 13:46:45,44950.0,500,Buy,236095640
2024-08-30 13:46:45,44950.0,100,Buy,236095641
2024-08-30 13:46:45,44950.0,5000,Buy,236095642
2024-08-30 13:46:45,44950.0,100,Buy,236095643
2024-08-30 13:46:45,44950.0,3500,Buy,236095637
2024-08-30 13:46:45,44950.0,100,Buy,236095644
2024-08-30 13:46:45,44950.0,5000,Buy,236095646
2024-08-30 13:46:45,44950.0,100,Buy,236095647
2024-08-30 13:46:45,44950.0,300,Buy,236095648
2024-08-30 13:46:45,44950.0,200,Buy,236095649
2024-08-30 13:46:45,44950.0,1000,Buy,236095650
2024-08-30 13:46:45,44950.0,100,Buy,236095651
2024-08-30 13:46:45,44950.0,100,Buy,236095645
2024-08-30 13:46:45,44950.0,6000,Buy,236095629
2024-08-30 13:46:45,44950.0,1100,Buy,236095611
2024-08-30 13:46:45,44950.0,2000,Buy,236095627
2024-08-30 13:46:45,44950.0,800,Buy,236095628
2024-08-30 13:46:45,44950.0,100,Buy,236095613
2024-08-30 13:46:45,44950.0,1500,Buy,236095615
2024-08-30 13:46:45,44950.0,500,Buy,236095616
2024-08-30 13:46:45,44950.0,500,Buy,236095617
2024-08-30 13:46:45,44950.0,400,Buy,236095618
2024-08-30 13:46:45,44950.0,1000,Buy,236095619
2024-08-30 13:46:45,44950.0,2000,Buy,236095614
2024-08-30 13:46:45,44950.0,5000,Buy,236095621
2024-08-30 13:46:45,44950.0,500,Buy,236095622
2024-08-30 13:46:45,44950.0,200,Buy,236095623
2024-08-30 13:46:45,44950.0,700,Buy,236095624
2024-08-30 13:46:45,44950.0,400,Buy,236095626
2024-08-30 13:46:45,44950.0,500,Buy,236095625
2024-08-30 13:46:45,44950.0,5000,Buy,236095620
2024-08-30 13:46:52,44950.0,1200,Sell,236095769
2024-08-30 13:46:56,44950.0,100,Sell,236095835
2024-08-30 13:46:59,45000.0,100,Buy,236095877
2024-08-30 13:47:06,45000.0,100,Buy,236096040
2024-08-30 13:47:06,45000.0,100,Buy,236096039
2024-08-30 13:47:06,45000.0,200,Buy,236096038
2024-08-30 13:47:06,45000.0,600,Buy,236096037
2024-08-30 13:47:06,45000.0,500,Buy,236096036
2024-08-30 13:47:06,45000.0,1000,Buy,236096035
2024-08-30 13:47:06,45000.0,1000,Buy,236096034
2024-08-30 13:47:06,45000.0,100,Buy,236096033
2024-08-30 13:47:06,45000.0,200,Buy,236096025
2024-08-30 13:47:06,45000.0,500,Buy,236096031
2024-08-30 13:47:06,45000.0,100,Buy,236096030
2024-08-30 13:47:06,45000.0,500,Buy,236096029
2024-08-30 13:47:06,45000.0,1000,Buy,236096028
2024-08-30 13:47:06,45000.0,100,Buy,236096027
2024-08-30 13:47:06,45000.0,100,Buy,236096026
2024-08-30 13:47:06,45000.0,200,Buy,236096024
2024-08-30 13:47:06,45000.0,4300,Buy,236096023
2024-08-30 13:47:06,45000.0,100,Buy,236096032
2024-08-30 13:47:13,45000.0,200,Buy,236096196
2024-08-30 13:47:14,45000.0,600,Buy,236096235
2024-08-30 13:47:14,45000.0,200,Buy,236096236
2024-08-30 13:47:14,45000.0,200,Buy,236096234
2024-08-30 13:47:14,45000.0,1700,Buy,236096230
2024-08-30 13:47:14,45000.0,200,Buy,236096232
2024-08-30 13:47:14,45000.0,1000,Buy,236096231
2024-08-30 13:47:14,45000.0,100,Buy,236096233
2024-08-30 13:47:17,44950.0,500,Sell,236096320
2024-08-30 13:47:18,44950.0,100,Sell,236096348
2024-08-30 13:47:18,45000.0,400,Buy,236096344
2024-08-30 13:47:18,45000.0,500,Buy,236096342
2024-08-30 13:47:18,45000.0,1000,Buy,236096341
2024-08-30 13:47:18,45000.0,200,Buy,236096340
2024-08-30 13:47:18,45000.0,1000,Buy,236096339
2024-08-30 13:47:18,45000.0,100,Buy,236096338
2024-08-30 13:47:18,45000.0,100,Buy,236096343
2024-08-30 13:47:18,45000.0,1500,Buy,236096336
2024-08-30 13:47:18,45000.0,500,Buy,236096335
2024-08-30 13:47:18,45000.0,2000,Buy,236096334
2024-08-30 13:47:18,45000.0,500,Buy,236096333
2024-08-30 13:47:18,45000.0,400,Buy,236096332
2024-08-30 13:47:18,45000.0,200,Buy,236096331
2024-08-30 13:47:18,45000.0,1500,Buy,236096330
2024-08-30 13:47:18,45000.0,100,Buy,236096337
2024-08-30 13:47:24,45000.0,100,Buy,236096492
2024-08-30 13:47:24,45000.0,1000,Buy,236096493
2024-08-30 13:47:24,45000.0,2000,Buy,236096494
2024-08-30 13:47:24,45000.0,500,Buy,236096495
2024-08-30 13:47:24,45000.0,100,Buy,236096496
2024-08-30 13:47:24,45000.0,200,Buy,236096497
2024-08-30 13:47:24,45000.0,200,Buy,236096501
2024-08-30 13:47:24,45000.0,2000,Buy,236096499
2024-08-30 13:47:24,45000.0,1000,Buy,236096500
2024-08-30 13:47:24,45000.0,100,Buy,236096502
2024-08-30 13:47:24,45000.0,1000,Buy,236096503
2024-08-30 13:47:24,45000.0,2000,Buy,236096491
2024-08-30 13:47:24,45000.0,200,Buy,236096498
2024-08-30 13:47:24,45000.0,300,Buy,236096490
2024-08-30 13:47:24,45000.0,3100,Buy,236096488
2024-08-30 13:47:24,45000.0,100,Buy,236096479
2024-08-30 13:47:24,45000.0,200,Buy,236096475
2024-08-30 13:47:24,45000.0,300,Buy,236096476
2024-08-30 13:47:24,45000.0,100,Buy,236096477
2024-08-30 13:47:24,45000.0,1000,Buy,236096478
2024-08-30 13:47:24,45000.0,400,Buy,236096480
2024-08-30 13:47:24,45000.0,800,Buy,236096481
2024-08-30 13:47:24,45000.0,100,Buy,236096489
2024-08-30 13:47:24,45000.0,500,Buy,236096483
2024-08-30 13:47:24,45000.0,500,Buy,236096484
2024-08-30 13:47:24,45000.0,100,Buy,236096485
2024-08-30 13:47:24,45000.0,1000,Buy,236096486
2024-08-30 13:47:24,45000.0,1000,Buy,236096487
2024-08-30 13:47:24,45000.0,100,Buy,236096482
2024-08-30 13:47:25,45000.0,100,Buy,236096516
2024-08-30 13:47:25,45000.0,500,Buy,236096517
2024-08-30 13:47:25,45000.0,4200,Buy,236096518
2024-08-30 13:47:25,45000.0,200,Buy,236096515
2024-08-30 13:47:26,45000.0,200,Buy,236096549
2024-08-30 13:47:26,45000.0,2000,Buy,236096547
2024-08-30 13:47:26,45000.0,3600,Buy,236096546
2024-08-30 13:47:27,45000.0,1000,Buy,236096603
2024-08-30 13:47:27,45000.0,500,Buy,236096598
2024-08-30 13:47:27,45000.0,100,Buy,236096599
2024-08-30 13:47:27,45000.0,200,Buy,236096600
2024-08-30 13:47:27,45000.0,100,Buy,236096601
2024-08-30 13:47:27,45000.0,100,Buy,236096602
2024-08-30 13:47:27,45000.0,100,Buy,236096604
2024-08-30 13:47:27,45000.0,200,Buy,236096593
2024-08-30 13:47:27,45000.0,100,Buy,236096606
2024-08-30 13:47:27,45000.0,200,Buy,236096607
2024-08-30 13:47:27,45000.0,200,Buy,236096608
2024-08-30 13:47:27,45000.0,500,Buy,236096609
2024-08-30 13:47:27,45000.0,700,Buy,236096610
2024-08-30 13:47:27,45000.0,300,Buy,236096611
2024-08-30 13:47:27,45000.0,400,Buy,236096597
2024-08-30 13:47:27,45000.0,100,Buy,236096605
2024-08-30 13:47:27,45000.0,200,Buy,236096596
2024-08-30 13:47:27,45000.0,200,Buy,236096590
2024-08-30 13:47:27,45000.0,400,Buy,236096594
2024-08-30 13:47:27,45000.0,500,Buy,236096578
2024-08-30 13:47:27,45000.0,800,Buy,236096579
2024-08-30 13:47:27,45000.0,500,Buy,236096595
2024-08-30 13:47:27,45000.0,500,Buy,236096581
2024-08-30 13:47:27,45000.0,200,Buy,236096582
2024-08-30 13:47:27,45000.0,100,Buy,236096583
2024-08-30 13:47:27,45000.0,100,Buy,236096584
2024-08-30 13:47:27,45000.0,1000,Buy,236096580
2024-08-30 13:47:27,45000.0,100,Buy,236096586
2024-08-30 13:47:27,45000.0,100,Buy,236096587
2024-08-30 13:47:27,45000.0,100,Buy,236096588
2024-08-30 13:47:27,45000.0,500,Buy,236096589
2024-08-30 13:47:27,45000.0,100,Buy,236096592
2024-08-30 13:47:27,45000.0,100,Buy,236096591
2024-08-30 13:47:27,45000.0,400,Buy,236096585
2024-08-30 13:47:32,45000.0,1000,Buy,236096736
2024-08-30 13:47:32,45000.0,1200,Buy,236096723
2024-08-30 13:47:32,45000.0,700,Buy,236096722
2024-08-30 13:47:32,45000.0,100,Buy,236096719
2024-08-30 13:47:32,45000.0,500,Buy,236096720
2024-08-30 13:47:32,45000.0,200,Buy,236096718
2024-08-30 13:47:32,45000.0,2100,Buy,236096717
2024-08-30 13:47:32,45000.0,200,Buy,236096721
2024-08-30 13:47:34,45000.0,2000,Buy,236096792
2024-08-30 13:47:34,45000.0,100,Buy,236096791
2024-08-30 13:47:34,45000.0,300,Buy,236096793
2024-08-30 13:47:34,45000.0,2000,Buy,236096790
2024-08-30 13:47:34,45000.0,500,Buy,236096796
2024-08-30 13:47:34,45000.0,7400,Buy,236096797
2024-08-30 13:47:34,45000.0,100,Buy,236096798
2024-08-30 13:47:34,45000.0,500,Buy,236096794
2024-08-30 13:47:34,45000.0,100,Buy,236096789
2024-08-30 13:47:34,45000.0,500,Buy,236096795
2024-08-30 13:47:34,45000.0,400,Buy,236096784
2024-08-30 13:47:34,45000.0,1000,Buy,236096783
2024-08-30 13:47:34,45000.0,1000,Buy,236096782
2024-08-30 13:47:34,45000.0,100,Buy,236096781
2024-08-30 13:47:34,45000.0,1400,Buy,236096780
2024-08-30 13:47:34,45000.0,200,Buy,236096788
2024-08-30 13:47:34,45000.0,100,Buy,236096779
2024-08-30 13:47:34,45000.0,100,Buy,236096778
2024-08-30 13:47:34,45000.0,1000,Buy,236096777
2024-08-30 13:47:34,45000.0,1200,Buy,236096776
2024-08-30 13:47:37,45000.0,400,Buy,236096880
2024-08-30 13:47:37,45000.0,1600,Buy,236096881
2024-08-30 13:47:38,45000.0,500,Buy,236096891
2024-08-30 13:47:40,45000.0,1000,Buy,236096935
2024-08-30 13:47:40,45000.0,2900,Buy,236096928
2024-08-30 13:47:40,45000.0,100,Buy,236096921
2024-08-30 13:47:40,45000.0,7100,Buy,236096927
2024-08-30 13:47:41,45000.0,3200,Buy,236096992
2024-08-30 13:47:41,45000.0,1700,Buy,236096991
2024-08-30 13:47:41,45000.0,500,Buy,236096989
2024-08-30 13:47:41,45000.0,1000,Buy,236096982
2024-08-30 13:47:41,45000.0,500,Buy,236096990
2024-08-30 13:47:41,45000.0,100,Buy,236096980
2024-08-30 13:47:41,45000.0,500,Buy,236096979
2024-08-30 13:47:41,45000.0,2000,Buy,236096978
2024-08-30 13:47:41,45000.0,300,Buy,236096977
2024-08-30 13:47:41,45000.0,1100,Buy,236096976
2024-08-30 13:47:41,45000.0,100,Buy,236096981
2024-08-30 13:47:44,45000.0,1000,Buy,236097039
2024-08-30 13:47:44,45000.0,200,Buy,236097043
2024-08-30 13:47:50,45000.0,5000,Buy,236097205
2024-08-30 13:47:51,45000.0,100,Buy,236097219
2024-08-30 13:47:51,45000.0,100,Buy,236097221
2024-08-30 13:47:51,45000.0,100,Buy,236097220
2024-08-30 13:47:51,45000.0,100,Buy,236097218
2024-08-30 13:47:51,45000.0,800,Buy,236097212
2024-08-30 13:47:51,45000.0,100,Buy,236097216
2024-08-30 13:47:51,45000.0,100,Buy,236097215
2024-08-30 13:47:51,45000.0,200,Buy,236097214
2024-08-30 13:47:51,45000.0,1000,Buy,236097213
2024-08-30 13:47:51,45000.0,200,Buy,236097217
2024-08-30 13:47:57,45000.0,1000,Sell,236097413
2024-08-30 13:47:57,45000.0,1100,Sell,236097440
2024-08-30 13:48:10,45000.0,500,Sell,236097748
2024-08-30 13:48:12,45050.0,200,Buy,236097789
2024-08-30 13:48:12,45050.0,500,Buy,236097790
2024-08-30 13:48:12,45050.0,100,Buy,236097787
2024-08-30 13:48:12,45050.0,100,Buy,236097788
2024-08-30 13:48:12,45050.0,100,Buy,236097785
2024-08-30 13:48:12,45050.0,100,Buy,236097782
2024-08-30 13:48:12,45050.0,100,Buy,236097784
2024-08-30 13:48:12,45050.0,1000,Buy,236097783
2024-08-30 13:48:12,45050.0,200,Buy,236097786
2024-08-30 13:48:14,45050.0,1500,Buy,236097852
2024-08-30 13:48:14,45050.0,100,Buy,236097853
2024-08-30 13:48:14,45050.0,1400,Buy,236097854
2024-08-30 13:48:15,45050.0,1000,Buy,236097867
2024-08-30 13:48:19,45050.0,300,Buy,236097947
2024-08-30 13:48:24,45050.0,100,Buy,236098086
2024-08-30 13:48:24,45100.0,100,Buy,236098087
2024-08-30 13:48:24,45100.0,200,Buy,236098088
2024-08-30 13:48:24,45100.0,500,Buy,236098100
2024-08-30 13:48:24,45100.0,500,Buy,236098090
2024-08-30 13:48:24,45100.0,100,Buy,236098091
2024-08-30 13:48:24,45100.0,1200,Buy,236098092
2024-08-30 13:48:24,45100.0,100,Buy,236098089
2024-08-30 13:48:24,45050.0,2000,Buy,236098085
2024-08-30 13:48:24,45050.0,100,Buy,236098083
2024-08-30 13:48:24,45050.0,200,Buy,236098082
2024-08-30 13:48:24,45050.0,100,Buy,236098081
2024-08-30 13:48:24,45050.0,5000,Buy,236098080
2024-08-30 13:48:24,45050.0,100,Buy,236098079
2024-08-30 13:48:24,45050.0,500,Buy,236098078
2024-08-30 13:48:24,45050.0,100,Buy,236098077
2024-08-30 13:48:24,45050.0,100,Buy,236098076
2024-08-30 13:48:24,45050.0,2300,Buy,236098075
2024-08-30 13:48:24,45050.0,100,Buy,236098084
2024-08-30 13:48:29,45100.0,1900,Buy,236098244
2024-08-30 13:48:32,45000.0,100,Sell,236098331
2024-08-30 13:48:34,45100.0,500,Buy,236098378
2024-08-30 13:48:34,45100.0,4500,Buy,236098382
2024-08-30 13:48:34,45100.0,300,Buy,236098380
2024-08-30 13:48:34,45100.0,100,Buy,236098379
2024-08-30 13:48:34,45100.0,100,Buy,236098377
2024-08-30 13:48:34,45100.0,100,Buy,236098381
2024-08-30 13:48:34,45100.0,1500,Buy,236098375
2024-08-30 13:48:34,45100.0,100,Buy,236098374
2024-08-30 13:48:34,45100.0,100,Buy,236098373
2024-08-30 13:48:34,45100.0,200,Buy,236098372
2024-08-30 13:48:34,45100.0,1000,Buy,236098376
2024-08-30 13:48:34,45100.0,1400,Buy,236098371
2024-08-30 13:48:34,45050.0,100,Buy,236098370
2024-08-30 13:48:37,45000.0,500,Sell,236098433
2024-08-30 13:48:55,45000.0,100,Sell,236099052
2024-08-30 13:48:57,45050.0,200,Buy,236099097
2024-08-30 13:48:58,45050.0,100,Buy,236099135
2024-08-30 13:49:00,45000.0,1000,Sell,236099182
2024-08-30 13:49:00,45000.0,1200,Sell,236099163
2024-08-30 13:49:04,45050.0,1000,Buy,236099270
2024-08-30 13:49:14,45000.0,200,Sell,236099495
2024-08-30 13:49:15,45050.0,700,Buy,236099527
2024-08-30 13:49:15,45050.0,100,Buy,236099528
2024-08-30 13:49:15,45050.0,200,Buy,236099529
2024-08-30 13:49:15,45050.0,200,Buy,236099530
2024-08-30 13:49:15,45100.0,6400,Buy,236099531
2024-08-30 13:49:29,45100.0,1700,Buy,236099783
2024-08-30 13:49:30,45050.0,200,Sell,236099833
2024-08-30 13:49:37,45100.0,200,Buy,236100018
2024-08-30 13:49:37,45100.0,100,Buy,236100017
2024-08-30 13:49:37,45100.0,300,Buy,236100016
2024-08-30 13:49:37,45100.0,300,Buy,236100015
2024-08-30 13:49:37,45100.0,100,Buy,236100010
2024-08-30 13:49:37,45100.0,100,Buy,236100012
2024-08-30 13:49:37,45100.0,200,Buy,236100011
2024-08-30 13:49:37,45100.0,300,Buy,236100019
2024-08-30 13:49:37,45100.0,500,Buy,236100013
2024-08-30 13:49:37,45100.0,100,Buy,236100020
2024-08-30 13:49:37,45100.0,100,Buy,236100024
2024-08-30 13:49:37,45100.0,100,Buy,236100022
2024-08-30 13:49:37,45100.0,100,Buy,236100023
2024-08-30 13:49:37,45100.0,8000,Buy,236100009
2024-08-30 13:49:37,45100.0,200,Buy,236100025
2024-08-30 13:49:37,45100.0,1000,Buy,236100026
2024-08-30 13:49:37,45100.0,500,Buy,236100027
2024-08-30 13:49:37,45100.0,100,Buy,236100030
2024-08-30 13:49:37,45100.0,100,Buy,236100031
2024-08-30 13:49:37,45100.0,200,Buy,236100032
2024-08-30 13:49:37,45100.0,300,Buy,236100033
2024-08-30 13:49:37,45100.0,100,Buy,236100021
2024-08-30 13:49:37,45100.0,500,Buy,236100007
2024-08-30 13:49:37,45100.0,500,Buy,236100014
2024-08-30 13:49:37,45100.0,17400,Buy,236099983
2024-08-30 13:49:37,45100.0,1000,Buy,236100006
2024-08-30 13:49:37,45100.0,200,Buy,236099984
2024-08-30 13:49:37,45100.0,300,Buy,236099985
2024-08-30 13:49:37,45100.0,200,Buy,236099986
2024-08-30 13:49:37,45100.0,200,Buy,236099987
2024-08-30 13:49:37,45100.0,200,Buy,236099988
2024-08-30 13:49:37,45100.0,100,Buy,236099989
2024-08-30 13:49:37,45100.0,200,Buy,236099990
2024-08-30 13:49:37,45100.0,400,Buy,236099991
2024-08-30 13:49:37,45100.0,100,Buy,236099992
2024-08-30 13:49:37,45100.0,100,Buy,236099993
2024-08-30 13:49:37,45100.0,100,Buy,236100008
2024-08-30 13:49:37,45100.0,500,Buy,236099995
2024-08-30 13:49:37,45100.0,100,Buy,236100005
2024-08-30 13:49:37,45100.0,900,Buy,236100004
2024-08-30 13:49:37,45100.0,400,Buy,236100002
2024-08-30 13:49:37,45100.0,1000,Buy,236100001
2024-08-30 13:49:37,45100.0,100,Buy,236100003
2024-08-30 13:49:37,45100.0,500,Buy,236099999
2024-08-30 13:49:37,45100.0,500,Buy,236099998
2024-08-30 13:49:37,45100.0,500,Buy,236099997
2024-08-30 13:49:37,45100.0,100,Buy,236099996
2024-08-30 13:49:37,45100.0,100,Buy,236100000
2024-08-30 13:49:37,45100.0,100,Buy,236099994
2024-08-30 13:49:41,45100.0,700,Buy,236100111
2024-08-30 13:49:41,45100.0,600,Buy,236100112
2024-08-30 13:49:41,45100.0,100,Buy,236100113
2024-08-30 13:49:41,45100.0,100,Buy,236100114
2024-08-30 13:49:43,45100.0,500,Sell,236100196
2024-08-30 13:49:45,45100.0,100,Sell,236100243
2024-08-30 13:49:53,45100.0,100,Sell,236100477
2024-08-30 13:50:00,45100.0,700,Sell,236100632
2024-08-30 13:50:00,45100.0,400,Sell,236100643
2024-08-30 13:50:00,45100.0,1800,Sell,236100631
2024-08-30 13:50:05,45100.0,1100,Sell,236100774
2024-08-30 13:50:05,45100.0,100,Sell,236100787
2024-08-30 13:50:06,45100.0,100,Sell,236100810
2024-08-30 13:50:07,45100.0,500,Sell,236100827
2024-08-30 13:50:09,45100.0,200,Sell,236100864
2024-08-30 13:50:12,45100.0,100,Sell,236100907
2024-08-30 13:50:19,45100.0,1000,Sell,236101096
2024-08-30 13:50:24,45100.0,500,Sell,236101186
2024-08-30 13:50:29,45100.0,5000,Sell,236101273
2024-08-30 13:50:30,45100.0,300,Sell,236101300
2024-08-30 13:50:33,45050.0,800,Sell,236101342
2024-08-30 13:50:33,45050.0,200,Sell,236101343
2024-08-30 13:50:33,45050.0,1700,Sell,236101344
2024-08-30 13:51:04,45100.0,200,Buy,236102026
2024-08-30 13:51:05,45050.0,1100,Sell,236102039
2024-08-30 13:51:10,45100.0,200,Buy,236102149
2024-08-30 13:51:10,45100.0,100,Buy,236102148
2024-08-30 13:51:10,45100.0,100,Buy,236102145
2024-08-30 13:51:10,45100.0,500,Buy,236102146
2024-08-30 13:51:10,45100.0,100,Buy,236102147
2024-08-30 13:51:13,45100.0,1000,Buy,236102246
2024-08-30 13:51:15,45100.0,200,Buy,236102284
2024-08-30 13:51:15,45100.0,300,Buy,236102285
2024-08-30 13:51:19,45100.0,2000,Buy,236102409
2024-08-30 13:51:19,45100.0,500,Buy,236102407
2024-08-30 13:51:19,45100.0,100,Buy,236102408
2024-08-30 13:51:19,45100.0,600,Buy,236102404
2024-08-30 13:51:19,45100.0,500,Buy,236102403
2024-08-30 13:51:19,45100.0,200,Buy,236102402
2024-08-30 13:51:19,45100.0,2000,Buy,236102405
2024-08-30 13:51:19,45100.0,200,Buy,236102406
2024-08-30 13:51:31,45100.0,200,Sell,236102625
2024-08-30 13:51:32,45100.0,1000,Sell,236102649
2024-08-30 13:51:36,45100.0,12700,Sell,236102711
2024-08-30 13:51:36,45100.0,2000,Sell,236102712
2024-08-30 13:51:36,45100.0,2000,Sell,236102713
2024-08-30 13:51:45,45100.0,1000,Buy,236102905
2024-08-30 13:51:46,45100.0,1000,Buy,236102908
2024-08-30 13:51:47,45100.0,2700,Buy,236102947
2024-08-30 13:51:53,45100.0,1000,Buy,236103054
2024-08-30 13:51:56,45150.0,1000,Buy,236103201
2024-08-30 13:51:56,45150.0,800,Buy,236103181
2024-08-30 13:51:56,45150.0,6000,Buy,236103182
2024-08-30 13:51:56,45150.0,3500,Buy,236103183
2024-08-30 13:51:56,45150.0,2000,Buy,236103180
2024-08-30 13:51:56,45150.0,100,Buy,236103184
2024-08-30 13:51:56,45150.0,500,Buy,236103185
2024-08-30 13:51:56,45150.0,100,Buy,236103186
2024-08-30 13:51:56,45150.0,500,Buy,236103187
2024-08-30 13:51:56,45150.0,100,Buy,236103188
2024-08-30 13:51:56,45150.0,200,Buy,236103189
2024-08-30 13:51:56,45150.0,100,Buy,236103190
2024-08-30 13:51:56,45150.0,200,Buy,236103191
2024-08-30 13:51:56,45150.0,1000,Buy,236103192
2024-08-30 13:51:56,45150.0,100,Buy,236103193
2024-08-30 13:51:56,45150.0,100,Buy,236103194
2024-08-30 13:51:56,45150.0,100,Buy,236103195
2024-08-30 13:51:56,45150.0,100,Buy,236103196
2024-08-30 13:51:56,45150.0,100,Buy,236103197
2024-08-30 13:51:56,45150.0,100,Buy,236103198
