time,price,volume,match_type,id
2024-08-21 09:14:38,41600.0,15700,ATO/ATC,233327208
2024-08-21 09:14:46,41600.0,200,Sell,233327619
2024-08-21 09:14:46,41600.0,300,Sell,233327620
2024-08-21 09:14:48,41600.0,1500,Sell,233327753
2024-08-21 09:15:06,41600.0,1000,Sell,233328274
2024-08-21 09:15:27,41700.0,400,Buy,233328882
2024-08-21 09:15:29,41700.0,500,Buy,233328959
2024-08-21 09:15:43,41700.0,1500,Buy,233329402
2024-08-21 09:15:43,41700.0,500,Buy,233329403
2024-08-21 09:15:45,41700.0,100,Buy,233329558
2024-08-21 09:15:45,41700.0,100,Buy,233329559
2024-08-21 09:15:48,41700.0,100,Buy,233329677
2024-08-21 09:16:04,41650.0,300,Sell,233330355
2024-08-21 09:16:05,41700.0,200,Buy,233330369
2024-08-21 09:17:04,41700.0,500,Sell,233332797
2024-08-21 09:17:04,41700.0,500,Sell,233332798
2024-08-21 09:17:29,41700.0,100,Sell,233333848
2024-08-21 09:17:54,41700.0,700,Sell,233334915
2024-08-21 09:18:11,41700.0,100,Sell,233335522
2024-08-21 09:18:26,41800.0,100,Buy,233336105
2024-08-21 09:18:26,41800.0,1900,Buy,233336106
2024-08-21 09:18:41,41800.0,200,Buy,233336704
2024-08-21 09:18:57,41850.0,100,Buy,233337369
2024-08-21 09:18:57,41850.0,100,Buy,233337368
2024-08-21 09:18:57,41850.0,100,Buy,233337367
2024-08-21 09:19:30,41900.0,100,Buy,233338791
2024-08-21 09:19:49,41900.0,200,Buy,233339561
2024-08-21 09:19:49,41900.0,300,Buy,233339562
2024-08-21 09:19:53,41900.0,200,Buy,233339750
2024-08-21 09:19:53,41900.0,100,Buy,233339751
2024-08-21 09:19:53,41900.0,100,Buy,233339752
2024-08-21 09:19:53,41900.0,200,Buy,233339753
2024-08-21 09:20:43,41900.0,100,Sell,233341709
2024-08-21 09:20:43,41900.0,100,Sell,233341710
2024-08-21 09:20:43,41900.0,800,Sell,233341711
2024-08-21 09:20:49,42000.0,300,Buy,233342007
2024-08-21 09:20:49,42000.0,300,Buy,233342008
2024-08-21 09:20:49,42000.0,100,Buy,233342006
2024-08-21 09:20:49,42000.0,800,Buy,233342012
2024-08-21 09:20:49,42000.0,1000,Buy,233342011
2024-08-21 09:20:49,42000.0,800,Buy,233342005
2024-08-21 09:20:49,42000.0,100,Buy,233342010
2024-08-21 09:20:49,42000.0,300,Buy,233342003
2024-08-21 09:20:49,42000.0,200,Buy,233342004
2024-08-21 09:20:49,41950.0,2800,Buy,233341998
2024-08-21 09:20:49,41950.0,1000,Buy,233341999
2024-08-21 09:20:49,42000.0,500,Buy,233342009
2024-08-21 09:20:49,41950.0,1900,Buy,233342000
2024-08-21 09:20:49,41950.0,8000,Buy,233342001
2024-08-21 09:20:49,41950.0,1900,Buy,233342002
2024-08-21 09:21:03,42000.0,200,Buy,233342519
2024-08-21 09:21:12,42000.0,100,Buy,233342981
2024-08-21 09:21:12,42000.0,2000,Buy,233342982
2024-08-21 09:21:12,42000.0,200,Buy,233342983
2024-08-21 09:21:12,42000.0,100,Buy,233342984
2024-08-21 09:21:12,42000.0,600,Buy,233342985
2024-08-21 09:21:36,42000.0,400,Buy,233344216
2024-08-21 09:21:42,42000.0,100,Buy,233344443
2024-08-21 09:22:20,41950.0,900,Sell,233346119
2024-08-21 09:22:33,41950.0,100,Sell,233346596
2024-08-21 09:22:41,41950.0,100,Buy,233346875
2024-08-21 09:22:43,41950.0,400,Sell,233346931
2024-08-21 09:23:00,41950.0,300,Buy,233347674
2024-08-21 09:23:00,41950.0,700,Buy,233347675
2024-08-21 09:23:41,41950.0,100,Buy,233349268
2024-08-21 09:24:07,41900.0,3200,Sell,233350429
2024-08-21 09:24:07,41900.0,200,Sell,233350428
2024-08-21 09:24:07,41900.0,1200,Sell,233350426
2024-08-21 09:24:07,41900.0,400,Sell,233350427
2024-08-21 09:24:38,41900.0,1200,Sell,233351778
2024-08-21 09:25:15,41900.0,2600,Sell,233353506
2024-08-21 09:25:15,41900.0,100,Sell,233353507
2024-08-21 09:25:15,41900.0,7500,Sell,233353508
2024-08-21 09:25:15,41900.0,100,Sell,233353509
2024-08-21 09:25:15,41900.0,400,Sell,233353510
2024-08-21 09:25:15,41900.0,1000,Sell,233353511
2024-08-21 09:25:28,41900.0,400,Buy,233354097
2024-08-21 09:26:10,41850.0,400,Sell,233355900
2024-08-21 09:26:10,41850.0,200,Sell,233355899
2024-08-21 09:26:10,41850.0,400,Sell,233355898
2024-08-21 09:26:57,41850.0,400,Sell,233357816
2024-08-21 09:26:57,41850.0,300,Sell,233357820
2024-08-21 09:27:26,41850.0,100,Buy,233358930
2024-08-21 09:27:26,41850.0,100,Buy,233358931
2024-08-21 09:28:58,41800.0,300,Sell,233363437
2024-08-21 09:28:58,41800.0,100,Sell,233363438
2024-08-21 09:28:58,41800.0,600,Sell,233363439
2024-08-21 09:29:13,41800.0,400,Sell,233364055
2024-08-21 09:29:13,41800.0,100,Sell,233364054
2024-08-21 09:30:21,41800.0,100,Sell,233367728
2024-08-21 09:30:30,41800.0,300,Sell,233368139
2024-08-21 09:31:24,41800.0,1600,Sell,233370810
2024-08-21 09:31:24,41800.0,600,Sell,233370811
2024-08-21 09:31:24,41800.0,100,Sell,233370812
2024-08-21 09:31:24,41800.0,1000,Sell,233370813
2024-08-21 09:31:24,41800.0,400,Sell,233370814
2024-08-21 09:31:24,41800.0,100,Sell,233370815
2024-08-21 09:31:24,41750.0,100,Sell,233370816
2024-08-21 09:31:24,41750.0,1800,Sell,233370817
2024-08-21 09:31:40,41750.0,1500,Sell,233371479
2024-08-21 09:31:40,41750.0,200,Sell,233371477
2024-08-21 09:31:40,41750.0,2000,Sell,233371478
2024-08-21 09:31:40,41800.0,2000,Sell,233371476
2024-08-21 09:31:53,41800.0,5700,Sell,233372153
2024-08-21 09:32:00,41850.0,1000,Buy,233372419
2024-08-21 09:32:01,41800.0,600,Sell,233372513
2024-08-21 09:32:16,41800.0,500,Buy,233373333
2024-08-21 09:32:31,41800.0,400,Buy,233374110
2024-08-21 09:32:44,41750.0,400,Sell,233374959
2024-08-21 09:32:44,41750.0,1000,Sell,233374960
2024-08-21 09:32:44,41750.0,100,Sell,233374958
2024-08-21 09:32:44,41750.0,1000,Sell,233374956
2024-08-21 09:32:44,41750.0,100,Sell,233374957
2024-08-21 09:32:48,41750.0,300,Buy,233375121
2024-08-21 09:32:52,41750.0,1000,Buy,233375305
2024-08-21 09:33:05,41750.0,400,Buy,233375867
2024-08-21 09:33:10,41700.0,100,Sell,233376129
2024-08-21 09:33:10,41700.0,2000,Sell,233376130
2024-08-21 09:33:10,41700.0,3600,Sell,233376131
2024-08-21 09:33:26,41700.0,900,Sell,233376992
2024-08-21 09:33:26,41700.0,100,Sell,233376991
2024-08-21 09:33:26,41700.0,500,Sell,233376990
2024-08-21 09:33:26,41700.0,1400,Sell,233376988
2024-08-21 09:33:26,41700.0,500,Sell,233376989
2024-08-21 09:33:34,41700.0,100,Sell,233377389
2024-08-21 09:33:40,41700.0,500,Buy,233377689
2024-08-21 09:34:01,41700.0,200,Buy,233378349
2024-08-21 09:34:14,41700.0,1300,Buy,233378807
2024-08-21 09:34:15,41700.0,3600,Buy,233378823
2024-08-21 09:34:15,41700.0,1400,Buy,233378824
2024-08-21 09:34:22,41650.0,300,Sell,233379068
2024-08-21 09:34:22,41650.0,200,Sell,233379066
2024-08-21 09:34:22,41650.0,500,Sell,233379067
2024-08-21 09:34:33,41650.0,300,Sell,233379381
2024-08-21 09:34:33,41650.0,200,Sell,233379379
2024-08-21 09:34:33,41650.0,500,Sell,233379380
2024-08-21 09:34:51,41650.0,200,Sell,233379983
2024-08-21 09:34:51,41650.0,800,Sell,233379984
2024-08-21 09:35:15,41650.0,500,Sell,233381006
2024-08-21 09:35:19,41600.0,500,Sell,233381123
2024-08-21 09:35:19,41600.0,500,Sell,233381124
2024-08-21 09:35:19,41600.0,2000,Sell,233381125
2024-08-21 09:35:19,41600.0,100,Sell,233381126
2024-08-21 09:35:19,41600.0,100,Sell,233381127
2024-08-21 09:35:19,41600.0,1200,Sell,233381129
2024-08-21 09:35:19,41600.0,12200,Sell,233381130
2024-08-21 09:35:19,41600.0,400,Sell,233381122
2024-08-21 09:35:19,41600.0,100,Sell,233381132
2024-08-21 09:35:19,41600.0,500,Sell,233381133
2024-08-21 09:35:19,41600.0,100,Sell,233381142
2024-08-21 09:35:19,41600.0,2000,Sell,233381128
2024-08-21 09:35:19,41600.0,100,Sell,233381131
2024-08-21 09:35:19,41600.0,500,Sell,233381121
2024-08-21 09:35:19,41600.0,1100,Sell,233381119
2024-08-21 09:35:19,41650.0,700,Sell,233381108
2024-08-21 09:35:19,41650.0,100,Sell,233381109
2024-08-21 09:35:19,41650.0,200,Sell,233381110
2024-08-21 09:35:19,41600.0,100,Sell,233381120
2024-08-21 09:35:19,41650.0,5000,Sell,233381112
2024-08-21 09:35:19,41650.0,1000,Sell,233381111
2024-08-21 09:35:19,41650.0,1500,Sell,233381114
2024-08-21 09:35:19,41650.0,1000,Sell,233381115
2024-08-21 09:35:19,41650.0,10000,Sell,233381116
2024-08-21 09:35:19,41650.0,400,Sell,233381117
2024-08-21 09:35:19,41650.0,500,Sell,233381118
2024-08-21 09:35:19,41650.0,3000,Sell,233381113
2024-08-21 09:35:22,41600.0,100,Buy,233381281
2024-08-21 09:35:24,41600.0,5000,Buy,233381390
2024-08-21 09:35:45,41600.0,100,Sell,233382117
2024-08-21 09:35:45,41600.0,4900,Sell,233382118
2024-08-21 09:35:53,41600.0,4300,Sell,233382395
2024-08-21 09:35:53,41600.0,200,Sell,233382397
2024-08-21 09:35:53,41600.0,2000,Sell,233382396
2024-08-21 09:35:53,41600.0,1000,Sell,233382394
2024-08-21 09:35:53,41600.0,100,Sell,233382393
2024-08-21 09:35:59,41600.0,800,Buy,233382591
2024-08-21 09:36:01,41600.0,1000,Buy,233382668
2024-08-21 09:36:02,41600.0,1000,Buy,233382696
2024-08-21 09:36:08,41600.0,200,Buy,233382872
2024-08-21 09:36:12,41600.0,100,Buy,233383014
2024-08-21 09:36:36,41600.0,300,Buy,233383871
2024-08-21 09:36:39,41600.0,100,Buy,233383953
2024-08-21 09:36:46,41600.0,500,Buy,233384131
2024-08-21 09:36:56,41600.0,200,Buy,233384399
2024-08-21 09:37:00,41600.0,1900,Buy,233384513
2024-08-21 09:37:00,41600.0,1900,Buy,233384512
2024-08-21 09:37:00,41600.0,1900,Buy,233384511
2024-08-21 09:37:00,41600.0,500,Buy,233384510
2024-08-21 09:37:00,41600.0,1900,Buy,233384509
2024-08-21 09:37:00,41600.0,10900,Buy,233384514
2024-08-21 09:37:00,41600.0,1300,Buy,233384507
2024-08-21 09:37:00,41600.0,600,Buy,233384494
2024-08-21 09:37:00,41600.0,900,Buy,233384493
2024-08-21 09:37:00,41600.0,1900,Buy,233384492
2024-08-21 09:37:00,41600.0,1900,Buy,233384508
2024-08-21 09:37:00,41600.0,4400,Buy,233384491
2024-08-21 09:37:01,41600.0,6000,Buy,233384547
2024-08-21 09:37:02,41600.0,1900,Buy,233384556
2024-08-21 09:37:02,41600.0,10800,Buy,233384555
2024-08-21 09:37:16,41650.0,100,Buy,233385018
2024-08-21 09:37:16,41650.0,500,Buy,233385019
2024-08-21 09:37:16,41650.0,100,Buy,233385020
2024-08-21 09:37:19,41600.0,100,Sell,233385097
2024-08-21 09:37:19,41650.0,100,Sell,233385096
2024-08-21 09:37:19,41650.0,100,Sell,233385095
2024-08-21 09:37:52,41700.0,100,Buy,233386252
2024-08-21 09:37:52,41700.0,1500,Buy,233386253
2024-08-21 09:38:08,41750.0,100,Buy,233386704
2024-08-21 09:38:42,41700.0,100,Sell,233387704
2024-08-21 09:38:47,41700.0,3500,Sell,233387842
2024-08-21 09:38:47,41700.0,200,Sell,233387843
2024-08-21 09:38:47,41700.0,300,Sell,233387844
2024-08-21 09:38:47,41700.0,1000,Sell,233387845
2024-08-21 09:38:54,41700.0,1000,Buy,233387979
2024-08-21 09:39:11,41700.0,100,Buy,233388395
2024-08-21 09:39:23,41650.0,4900,Sell,233388706
2024-08-21 09:39:23,41650.0,100,Sell,233388705
2024-08-21 09:39:35,41700.0,30600,Buy,233389038
2024-08-21 09:40:37,41650.0,100,Sell,233390700
2024-08-21 09:41:22,41650.0,1000,Sell,233391853
2024-08-21 09:41:54,41650.0,100,Sell,233392697
2024-08-21 09:42:30,41700.0,1000,Buy,233393675
2024-08-21 09:42:32,41650.0,1000,Sell,233393768
2024-08-21 09:42:59,41700.0,200,Buy,233394432
2024-08-21 09:42:59,41700.0,100,Buy,233394433
2024-08-21 09:42:59,41700.0,700,Buy,233394434
2024-08-21 09:43:36,41700.0,100,Buy,233395494
2024-08-21 09:43:39,41700.0,200,Buy,233395647
2024-08-21 09:43:47,41700.0,300,Buy,233395780
2024-08-21 09:44:23,41700.0,1000,Buy,233396808
2024-08-21 09:44:28,41700.0,100,Buy,233396966
2024-08-21 09:44:46,41700.0,300,Buy,233397427
2024-08-21 09:44:49,41700.0,100,Buy,233397562
2024-08-21 09:45:07,41700.0,400,Buy,233397981
2024-08-21 09:45:11,41700.0,1000,Buy,233398111
2024-08-21 09:45:23,41650.0,200,Sell,233398396
2024-08-21 09:45:25,41700.0,100,Buy,233398482
2024-08-21 09:46:19,41700.0,500,Buy,233399920
2024-08-21 09:46:55,41650.0,100,Sell,233400928
2024-08-21 09:48:24,41700.0,100,Buy,233403123
2024-08-21 09:48:25,41650.0,4000,Sell,233403143
2024-08-21 09:48:33,41650.0,100,Sell,233403384
2024-08-21 09:49:08,41650.0,2000,Sell,233404225
2024-08-21 09:49:56,41650.0,900,Sell,233405244
2024-08-21 09:50:10,41700.0,100,Buy,233405558
2024-08-21 09:50:16,41700.0,100,Buy,233405727
2024-08-21 09:50:25,41650.0,800,Sell,233405979
2024-08-21 09:50:31,41650.0,700,Sell,233406168
2024-08-21 09:50:41,41700.0,400,Buy,233406334
2024-08-21 09:51:18,41650.0,5700,Sell,233407271
2024-08-21 09:51:58,41700.0,100,Buy,233408187
2024-08-21 09:52:35,41700.0,1000,Buy,233409147
2024-08-21 09:53:00,41700.0,45500,Buy,233409915
2024-08-21 09:53:00,41700.0,100,Buy,233409916
2024-08-21 09:53:00,41700.0,1900,Buy,233409917
2024-08-21 09:53:00,41700.0,2500,Buy,233409918
2024-08-21 09:53:19,41700.0,1000,Buy,233410322
2024-08-21 09:53:20,41700.0,1000,Buy,233410370
2024-08-21 09:53:24,41700.0,200,Buy,233410478
2024-08-21 09:53:37,41700.0,100,Buy,233410732
2024-08-21 09:53:45,41700.0,100,Buy,233410983
2024-08-21 09:53:45,41650.0,2000,Sell,233410985
2024-08-21 09:53:58,41700.0,1000,Buy,233411277
2024-08-21 09:54:10,41700.0,100,Buy,233411544
2024-08-21 09:54:25,41650.0,2400,Sell,233411953
2024-08-21 09:54:25,41650.0,3300,Sell,233411954
2024-08-21 09:55:19,41650.0,5700,Sell,233413193
2024-08-21 09:55:24,41650.0,200,Sell,233413345
2024-08-21 09:55:49,41650.0,100,Sell,233413929
2024-08-21 09:56:04,41650.0,700,Sell,233414380
2024-08-21 09:56:04,41650.0,5000,Sell,233414381
2024-08-21 09:56:21,41650.0,100,Sell,233414831
2024-08-21 09:57:01,41650.0,100,Sell,233415795
2024-08-21 09:57:14,41700.0,100,Buy,233416102
2024-08-21 09:57:21,41700.0,200,Buy,233416387
2024-08-21 09:57:34,41700.0,100,Buy,233416830
2024-08-21 09:57:48,41700.0,500,Buy,233417273
2024-08-21 09:57:49,41700.0,100,Buy,233417290
2024-08-21 09:58:41,41700.0,300,Buy,233418842
2024-08-21 09:58:42,41650.0,2500,Sell,233418861
2024-08-21 09:58:42,41650.0,100,Sell,233418860
2024-08-21 09:58:42,41650.0,100,Sell,233418859
2024-08-21 09:58:42,41650.0,100,Sell,233418856
2024-08-21 09:58:42,41650.0,100,Sell,233418858
2024-08-21 09:58:42,41650.0,100,Sell,233418857
2024-08-21 09:58:42,41650.0,200,Sell,233418855
2024-08-21 09:58:42,41650.0,200,Sell,233418850
2024-08-21 09:58:42,41650.0,100,Sell,233418853
2024-08-21 09:58:42,41650.0,300,Sell,233418852
2024-08-21 09:58:42,41650.0,600,Sell,233418851
2024-08-21 09:58:42,41650.0,100,Sell,233418848
2024-08-21 09:58:42,41650.0,4800,Sell,233418847
2024-08-21 09:58:42,41650.0,200,Sell,233418854
2024-08-21 09:58:42,41650.0,500,Sell,233418849
2024-08-21 09:58:53,41650.0,200,Sell,233419157
2024-08-21 09:59:14,41650.0,1000,Sell,233419715
2024-08-21 09:59:51,41650.0,100,Sell,233421079
2024-08-21 10:00:07,41700.0,100,Buy,233421528
2024-08-21 10:00:08,41650.0,100,Sell,233421549
2024-08-21 10:00:08,41650.0,300,Sell,233421552
2024-08-21 10:00:08,41650.0,5000,Sell,233421551
2024-08-21 10:00:08,41650.0,200,Sell,233421550
2024-08-21 10:00:08,41650.0,100,Sell,233421547
2024-08-21 10:00:08,41650.0,100,Sell,233421546
2024-08-21 10:00:08,41650.0,6200,Sell,233421543
2024-08-21 10:00:08,41650.0,100,Sell,233421548
2024-08-21 10:00:08,41650.0,100,Sell,233421545
2024-08-21 10:00:08,41650.0,500,Sell,233421544
2024-08-21 10:00:33,41600.0,1000,Sell,233422228
2024-08-21 10:01:05,41650.0,200,Buy,233423072
2024-08-21 10:01:25,41650.0,200,Buy,233423733
2024-08-21 10:01:44,41650.0,100,Buy,233424324
2024-08-21 10:02:28,41650.0,200,Buy,233425515
2024-08-21 10:02:58,41650.0,100,Buy,233426403
2024-08-21 10:03:24,41650.0,1000,Buy,233427181
2024-08-21 10:03:56,41600.0,3000,Sell,233428165
2024-08-21 10:04:00,41600.0,1400,Sell,233428275
2024-08-21 10:04:04,41600.0,300,Sell,233428351
2024-08-21 10:04:56,41650.0,29000,Buy,233430153
2024-08-21 10:05:02,41650.0,100,Buy,233430392
2024-08-21 10:05:51,41650.0,100,Buy,233432509
2024-08-21 10:05:59,41650.0,500,Buy,233432873
2024-08-21 10:07:12,41650.0,3000,Buy,233435595
2024-08-21 10:07:16,41650.0,100,Buy,233435707
2024-08-21 10:07:19,41600.0,100,Sell,233435798
2024-08-21 10:07:22,41650.0,500,Buy,233435900
2024-08-21 10:08:11,41650.0,200,Buy,233437440
2024-08-21 10:08:18,41600.0,1300,Sell,233437718
2024-08-21 10:09:11,41650.0,100,Buy,233439651
2024-08-21 10:09:19,41650.0,4600,Buy,233439914
2024-08-21 10:09:42,41650.0,200,Buy,233440673
2024-08-21 10:09:58,41650.0,500,Buy,233441138
2024-08-21 10:10:01,41650.0,1000,Buy,233441212
2024-08-21 10:10:07,41650.0,35000,Buy,233441422
2024-08-21 10:10:25,41650.0,1000,Buy,233441947
2024-08-21 10:10:30,41650.0,200,Buy,233442089
2024-08-21 10:10:38,41650.0,2000,Buy,233442383
2024-08-21 10:10:45,41650.0,6000,Buy,233442625
2024-08-21 10:10:45,41650.0,100,Buy,233442626
2024-08-21 10:10:45,41650.0,3800,Buy,233442627
2024-08-21 10:10:45,41650.0,100,Buy,233442628
2024-08-21 10:10:50,41650.0,100,Buy,233442712
2024-08-21 10:10:50,41650.0,200,Buy,233442721
2024-08-21 10:10:59,41650.0,1000,Buy,233442992
2024-08-21 10:11:04,41650.0,500,Buy,233443165
2024-08-21 10:11:04,41650.0,500,Buy,233443164
2024-08-21 10:11:05,41650.0,2000,Buy,233443206
2024-08-21 10:11:07,41650.0,100,Buy,233443270
2024-08-21 10:11:14,41650.0,1400,Buy,233443421
2024-08-21 10:11:15,41650.0,1000,Buy,233443694
2024-08-21 10:11:18,41650.0,4600,Buy,233443742
2024-08-21 10:11:18,41650.0,1000,Buy,233443741
2024-08-21 10:11:18,41650.0,700,Buy,233443737
2024-08-21 10:11:18,41650.0,1900,Buy,233443739
2024-08-21 10:11:18,41650.0,1900,Buy,233443740
2024-08-21 10:11:18,41650.0,1900,Buy,233443738
2024-08-21 10:11:23,41600.0,2500,Sell,233443979
2024-08-21 10:11:23,41650.0,300,Buy,233443984
2024-08-21 10:11:30,41650.0,1000,Buy,233444198
2024-08-21 10:11:33,41650.0,1000,Buy,233444572
2024-08-21 10:11:45,41650.0,100,Buy,233444878
2024-08-21 10:12:01,41650.0,2000,Buy,233445387
2024-08-21 10:12:10,41650.0,100,Buy,233445586
2024-08-21 10:12:12,41650.0,900,Buy,233445611
2024-08-21 10:12:12,41650.0,100,Buy,233445612
2024-08-21 10:12:31,41650.0,2000,Buy,233446047
2024-08-21 10:12:37,41650.0,100,Buy,233446180
2024-08-21 10:12:43,41650.0,300,Buy,233446331
2024-08-21 10:12:44,41650.0,1600,Buy,233446339
2024-08-21 10:12:44,41650.0,300,Buy,233446337
2024-08-21 10:12:44,41650.0,100,Buy,233446338
2024-08-21 10:12:45,41650.0,300,Buy,233446392
2024-08-21 10:12:45,41650.0,200,Buy,233446393
2024-08-21 10:12:47,41650.0,1700,Buy,233446427
2024-08-21 10:12:48,41650.0,100,Buy,233446489
2024-08-21 10:12:54,41650.0,100,Buy,233446651
2024-08-21 10:12:54,41650.0,1000,Buy,233446656
2024-08-21 10:12:58,41650.0,100,Buy,233446733
2024-08-21 10:13:03,41650.0,600,Buy,233446920
2024-08-21 10:13:03,41650.0,200,Buy,233446921
2024-08-21 10:16:09,41650.0,100,Sell,233451558
2024-08-21 10:17:55,41650.0,1000,Sell,233454388
2024-08-21 10:18:29,41650.0,800,Sell,233455221
2024-08-21 10:19:44,41650.0,1200,Sell,233457349
2024-08-21 10:19:44,41650.0,100,Sell,233457348
2024-08-21 10:20:15,41700.0,100,Buy,233458073
2024-08-21 10:21:24,41650.0,1000,Sell,233459933
2024-08-21 10:21:24,41650.0,800,Sell,233459934
2024-08-21 10:21:24,41650.0,1500,Sell,233459935
2024-08-21 10:21:24,41650.0,100,Sell,233459936
2024-08-21 10:21:24,41650.0,3000,Sell,233459937
2024-08-21 10:21:24,41650.0,200,Sell,233459938
2024-08-21 10:24:20,41650.0,300,Sell,233464182
2024-08-21 10:24:20,41650.0,100,Sell,233464183
2024-08-21 10:24:25,41650.0,200,Sell,233464276
2024-08-21 10:24:25,41650.0,100,Sell,233464274
2024-08-21 10:24:25,41650.0,100,Sell,233464275
2024-08-21 10:24:41,41650.0,500,Sell,233464702
2024-08-21 10:25:53,41650.0,100,Sell,233466659
2024-08-21 10:25:58,41650.0,100,Sell,233466798
2024-08-21 10:25:58,41650.0,400,Sell,233466799
2024-08-21 10:25:58,41650.0,100,Sell,233466796
2024-08-21 10:25:58,41650.0,200,Sell,233466795
2024-08-21 10:25:58,41650.0,200,Sell,233466797
2024-08-21 10:26:05,41650.0,100,Sell,233466982
2024-08-21 10:26:18,41650.0,500,Sell,233467372
2024-08-21 10:26:49,41650.0,100,Sell,233468471
2024-08-21 10:29:17,41650.0,100,Sell,233473007
2024-08-21 10:29:17,41650.0,100,Sell,233473008
2024-08-21 10:29:40,41650.0,900,Sell,233473771
2024-08-21 10:29:40,41650.0,100,Sell,233473772
2024-08-21 10:30:05,41650.0,400,Sell,233474578
2024-08-21 10:30:23,41650.0,700,Sell,233475275
2024-08-21 10:30:23,41650.0,100,Sell,233475274
2024-08-21 10:30:23,41650.0,200,Sell,233475272
2024-08-21 10:30:23,41650.0,100,Sell,233475273
2024-08-21 10:31:00,41650.0,100,Sell,233476581
2024-08-21 10:31:46,41650.0,200,Sell,233478571
2024-08-21 10:31:46,41650.0,800,Sell,233478572
2024-08-21 10:31:54,41650.0,100,Sell,233478880
2024-08-21 10:32:35,41650.0,100,Sell,233480713
2024-08-21 10:32:35,41650.0,500,Sell,233480714
2024-08-21 10:32:35,41650.0,200,Sell,233480715
2024-08-21 10:32:40,41650.0,3000,Sell,233481000
2024-08-21 10:32:47,41650.0,100,Sell,233481231
2024-08-21 10:32:53,41650.0,1900,Sell,233481547
2024-08-21 10:33:18,41650.0,100,Buy,233482679
2024-08-21 10:33:22,41650.0,100,Buy,233482780
2024-08-21 10:34:19,41600.0,6500,Sell,233485472
2024-08-21 10:34:19,41600.0,100,Sell,233485471
2024-08-21 10:34:19,41600.0,200,Sell,233485470
2024-08-21 10:34:19,41600.0,300,Sell,233485469
2024-08-21 10:34:19,41600.0,100,Sell,233485468
2024-08-21 10:34:19,41600.0,200,Sell,233485467
2024-08-21 10:34:19,41600.0,200,Sell,233485458
2024-08-21 10:34:19,41600.0,3000,Sell,233485459
2024-08-21 10:34:19,41600.0,1000,Sell,233485460
2024-08-21 10:34:19,41600.0,300,Sell,233485454
2024-08-21 10:34:19,41600.0,2000,Sell,233485457
2024-08-21 10:34:19,41600.0,100,Sell,233485456
2024-08-21 10:34:19,41600.0,300,Sell,233485455
2024-08-21 10:34:24,41600.0,1000,Sell,233485628
2024-08-21 10:34:24,41600.0,1000,Sell,233485629
2024-08-21 10:34:24,41600.0,200,Sell,233485630
2024-08-21 10:34:24,41600.0,200,Sell,233485631
2024-08-21 10:34:24,41600.0,3500,Sell,233485627
2024-08-21 10:34:25,41600.0,500,Sell,233485682
2024-08-21 10:35:03,41600.0,500,Sell,233487564
2024-08-21 10:35:03,41600.0,500,Sell,233487565
2024-08-21 10:35:09,41600.0,100,Sell,233487761
2024-08-21 10:35:12,41600.0,3400,Sell,233487834
2024-08-21 10:35:12,41600.0,100,Sell,233487835
2024-08-21 10:35:12,41600.0,100,Sell,233487836
2024-08-21 10:35:12,41600.0,100,Sell,233487837
2024-08-21 10:35:12,41600.0,200,Sell,233487838
2024-08-21 10:35:12,41600.0,100,Sell,233487839
2024-08-21 10:35:12,41600.0,1000,Sell,233487840
2024-08-21 10:35:18,41600.0,2000,Sell,233488110
2024-08-21 10:35:34,41600.0,1000,Sell,233488963
2024-08-21 10:35:43,41650.0,1100,Buy,233489375
2024-08-21 10:35:50,41600.0,200,Sell,233489672
2024-08-21 10:35:50,41600.0,500,Sell,233489673
2024-08-21 10:35:50,41600.0,3300,Sell,233489671
2024-08-21 10:35:55,41600.0,500,Sell,233489927
2024-08-21 10:35:55,41600.0,100,Sell,233489928
2024-08-21 10:35:55,41600.0,100,Sell,233489929
2024-08-21 10:35:55,41600.0,200,Sell,233489930
2024-08-21 10:35:55,41600.0,300,Sell,233489932
2024-08-21 10:35:55,41600.0,100,Sell,233489933
2024-08-21 10:35:55,41600.0,400,Sell,233489934
2024-08-21 10:35:55,41600.0,100,Sell,233489931
2024-08-21 10:35:59,41600.0,100,Sell,233490096
2024-08-21 10:36:11,41600.0,100,Sell,233490550
2024-08-21 10:36:14,41600.0,500,Sell,233490672
2024-08-21 10:36:14,41600.0,100,Sell,233490667
2024-08-21 10:36:21,41600.0,200,Sell,233491041
2024-08-21 10:36:21,41600.0,100,Sell,233491042
2024-08-21 10:36:35,41600.0,100,Buy,233491633
2024-08-21 10:36:40,41600.0,1500,Sell,233491791
2024-08-21 10:36:50,41600.0,3000,Sell,233492167
2024-08-21 10:37:04,41650.0,500,Buy,233492580
2024-08-21 10:37:23,41650.0,300,Buy,233493500
2024-08-21 10:37:23,41650.0,200,Buy,233493526
2024-08-21 10:37:47,41650.0,100,Buy,233494346
2024-08-21 10:37:48,41600.0,800,Sell,233494367
2024-08-21 10:38:45,41600.0,100,Sell,233496319
2024-08-21 10:38:45,41600.0,1900,Sell,233496318
2024-08-21 10:38:45,41600.0,500,Sell,233496317
2024-08-21 10:38:45,41600.0,1900,Sell,233496316
2024-08-21 10:38:45,41600.0,100,Sell,233496313
2024-08-21 10:38:45,41600.0,200,Sell,233496314
2024-08-21 10:38:45,41600.0,4600,Sell,233496311
2024-08-21 10:38:45,41600.0,200,Sell,233496315
2024-08-21 10:38:45,41600.0,100,Sell,233496312
2024-08-21 10:39:01,41550.0,500,Sell,233496765
2024-08-21 10:39:07,41550.0,500,Sell,233496953
2024-08-21 10:40:06,41600.0,800,Buy,233498848
2024-08-21 10:40:17,41600.0,100,Buy,233499087
2024-08-21 10:40:21,41550.0,1000,Sell,233499188
2024-08-21 10:40:26,41600.0,5000,Buy,233499303
2024-08-21 10:41:34,41600.0,500,Buy,233500944
2024-08-21 10:41:43,41600.0,300,Buy,233501122
2024-08-21 10:42:00,41600.0,2000,Buy,233501503
2024-08-21 10:42:10,41600.0,1500,Buy,233501711
2024-08-21 10:42:22,41600.0,2200,Buy,233502024
2024-08-21 10:42:22,41600.0,2800,Buy,233502025
2024-08-21 10:42:27,41550.0,3500,Sell,233502137
2024-08-21 10:43:27,41600.0,1000,Buy,233503714
2024-08-21 10:44:07,41600.0,100,Buy,233504523
2024-08-21 10:44:22,41600.0,200,Buy,233504813
2024-08-21 10:44:32,41600.0,1000,Buy,233504998
2024-08-21 10:44:33,41600.0,1800,Buy,233505034
2024-08-21 10:44:33,41600.0,1000,Buy,233505035
2024-08-21 10:44:33,41600.0,200,Buy,233505036
2024-08-21 10:44:33,41600.0,600,Buy,233505037
2024-08-21 10:45:14,41600.0,5000,Sell,233505656
2024-08-21 10:45:14,41600.0,1400,Sell,233505655
2024-08-21 10:45:46,41600.0,100,Buy,233506169
2024-08-21 10:46:02,41600.0,100,Buy,233506424
2024-08-21 10:46:11,41600.0,1000,Buy,233506583
2024-08-21 10:46:13,41600.0,100,Buy,233506609
2024-08-21 10:46:25,41600.0,1000,Buy,233506855
2024-08-21 10:46:43,41600.0,500,Buy,233507159
2024-08-21 10:46:51,41600.0,100,Buy,233507271
2024-08-21 10:47:02,41550.0,200,Sell,233507445
2024-08-21 10:47:08,41600.0,100,Buy,233507582
2024-08-21 10:47:24,41550.0,200,Sell,233507835
2024-08-21 10:47:32,41600.0,600,Buy,233507976
2024-08-21 10:47:32,41600.0,400,Buy,233507977
2024-08-21 10:48:11,41600.0,200,Buy,233508739
2024-08-21 10:48:11,41600.0,100,Buy,233508738
2024-08-21 10:48:19,41600.0,1800,Buy,233508813
2024-08-21 10:48:19,41600.0,1900,Buy,233508814
2024-08-21 10:48:19,41600.0,1600,Buy,233508815
2024-08-21 10:48:19,41600.0,1900,Buy,233508816
2024-08-21 10:48:19,41600.0,1900,Buy,233508817
2024-08-21 10:48:19,41600.0,900,Buy,233508818
2024-08-21 10:49:08,41600.0,1000,Buy,233509743
2024-08-21 10:49:51,41600.0,100,Buy,233510460
2024-08-21 10:49:51,41600.0,1900,Buy,233510459
2024-08-21 10:50:52,41600.0,100,Buy,233511300
2024-08-21 10:51:01,41600.0,500,Buy,233511466
2024-08-21 10:51:50,41600.0,1200,Buy,233512266
2024-08-21 10:51:50,41600.0,300,Buy,233512267
2024-08-21 10:51:50,41600.0,200,Buy,233512268
2024-08-21 10:51:50,41600.0,300,Buy,233512269
2024-08-21 10:52:03,41600.0,1000,Buy,233512451
2024-08-21 10:52:42,41600.0,2000,Buy,233513041
2024-08-21 10:52:49,41600.0,400,Buy,233513163
2024-08-21 10:52:49,41600.0,2000,Buy,233513162
2024-08-21 10:52:50,41600.0,500,Buy,233513199
2024-08-21 10:52:52,41600.0,1000,Buy,233513262
2024-08-21 10:52:52,41600.0,100,Buy,233513263
2024-08-21 10:52:52,41600.0,100,Buy,233513264
2024-08-21 10:52:52,41600.0,100,Buy,233513265
2024-08-21 10:54:31,41650.0,1000,Buy,233515026
2024-08-21 10:55:04,41650.0,100,Buy,233515545
2024-08-21 10:55:29,41650.0,100,Buy,233516003
2024-08-21 10:56:02,41600.0,100,Sell,233516588
2024-08-21 10:57:16,41600.0,200,Sell,233517713
2024-08-21 10:57:16,41600.0,100,Sell,233517714
2024-08-21 10:57:16,41600.0,500,Sell,233517715
2024-08-21 10:57:16,41600.0,100,Sell,233517712
2024-08-21 10:58:20,41600.0,100,Buy,233518654
2024-08-21 10:58:44,41600.0,100,Sell,233519032
2024-08-21 11:00:19,41600.0,200,Sell,233520692
2024-08-21 11:00:36,41600.0,100,Sell,233521002
2024-08-21 11:00:36,41600.0,400,Sell,233521003
2024-08-21 11:01:05,41600.0,100,Sell,233521512
2024-08-21 11:01:23,41600.0,300,Sell,233521814
2024-08-21 11:01:39,41600.0,100,Sell,233522223
2024-08-21 11:02:17,41600.0,1100,Sell,233522858
2024-08-21 11:02:17,41600.0,100,Sell,233522859
2024-08-21 11:02:17,41600.0,200,Sell,233522860
2024-08-21 11:02:17,41600.0,100,Sell,233522861
2024-08-21 11:05:12,41550.0,100,Sell,233526295
2024-08-21 11:05:12,41550.0,100,Sell,233526296
2024-08-21 11:05:12,41550.0,500,Sell,233526293
2024-08-21 11:05:12,41550.0,700,Sell,233526292
2024-08-21 11:05:12,41550.0,200,Sell,233526294
2024-08-21 11:05:25,41550.0,100,Sell,233526468
2024-08-21 11:05:57,41550.0,100,Sell,233527202
2024-08-21 11:05:57,41550.0,500,Sell,233527203
2024-08-21 11:06:10,41600.0,100,Buy,233527488
2024-08-21 11:06:26,41600.0,300,Buy,233527740
2024-08-21 11:06:35,41600.0,100,Buy,233527894
2024-08-21 11:06:40,41600.0,100,Buy,233527984
2024-08-21 11:06:51,41550.0,800,Sell,233528164
2024-08-21 11:06:51,41550.0,100,Sell,233528163
2024-08-21 11:06:51,41550.0,100,Sell,233528162
2024-08-21 11:07:13,41550.0,100,Sell,233528554
2024-08-21 11:09:00,41550.0,300,Sell,233530347
2024-08-21 11:09:14,41550.0,500,Sell,233530624
2024-08-21 11:10:57,41550.0,1800,Sell,233532805
2024-08-21 11:10:57,41550.0,200,Sell,233532804
2024-08-21 11:10:57,41550.0,100,Sell,233532800
2024-08-21 11:10:57,41550.0,500,Sell,233532801
2024-08-21 11:10:57,41550.0,100,Sell,233532799
2024-08-21 11:10:57,41550.0,600,Sell,233532803
2024-08-21 11:10:57,41550.0,200,Sell,233532797
2024-08-21 11:10:57,41550.0,200,Sell,233532798
2024-08-21 11:10:57,41550.0,4300,Sell,233532793
2024-08-21 11:10:57,41550.0,1000,Sell,233532794
2024-08-21 11:10:57,41550.0,200,Sell,233532802
2024-08-21 11:10:57,41550.0,500,Sell,233532795
2024-08-21 11:10:57,41550.0,100,Sell,233532796
2024-08-21 11:11:15,41550.0,100,Sell,233533073
2024-08-21 11:11:15,41550.0,1400,Sell,233533072
2024-08-21 11:11:15,41550.0,100,Sell,233533071
2024-08-21 11:11:15,41550.0,100,Sell,233533069
2024-08-21 11:11:15,41550.0,200,Sell,233533068
2024-08-21 11:11:15,41550.0,1000,Sell,233533067
2024-08-21 11:11:15,41550.0,1000,Sell,233533066
2024-08-21 11:11:15,41550.0,100,Sell,233533065
2024-08-21 11:11:15,41550.0,3800,Sell,233533064
2024-08-21 11:11:15,41550.0,200,Sell,233533063
2024-08-21 11:11:15,41550.0,2000,Sell,233533070
2024-08-21 11:11:15,41550.0,200,Sell,233533061
2024-08-21 11:11:15,41550.0,900,Sell,233533060
2024-08-21 11:11:15,41550.0,5000,Sell,233533059
2024-08-21 11:11:15,41550.0,300,Sell,233533057
2024-08-21 11:11:15,41550.0,300,Sell,233533056
2024-08-21 11:11:15,41550.0,100,Sell,233533055
2024-08-21 11:11:15,41550.0,500,Sell,233533054
2024-08-21 11:11:15,41550.0,5600,Sell,233533050
2024-08-21 11:11:15,41550.0,100,Sell,233533053
2024-08-21 11:11:15,41550.0,100,Sell,233533052
2024-08-21 11:11:15,41550.0,100,Sell,233533051
2024-08-21 11:11:15,41550.0,100,Sell,233533062
2024-08-21 11:11:44,41550.0,100,Buy,233533620
2024-08-21 11:11:49,41550.0,500,Buy,233533696
2024-08-21 11:12:43,41550.0,1000,Buy,233534802
2024-08-21 11:12:57,41550.0,100,Buy,233535177
2024-08-21 11:12:57,41550.0,1800,Buy,233535178
2024-08-21 11:12:57,41550.0,100,Buy,233535176
2024-08-21 11:13:05,41550.0,100,Buy,233535290
2024-08-21 11:13:13,41550.0,100,Buy,233535436
2024-08-21 11:13:52,41550.0,1000,Buy,233536024
2024-08-21 11:13:53,41550.0,200,Buy,233536046
2024-08-21 11:13:57,41550.0,100,Buy,233536111
2024-08-21 11:14:05,41550.0,100,Buy,233536241
2024-08-21 11:14:17,41550.0,900,Buy,233536466
2024-08-21 11:14:25,41500.0,100,Sell,233536571
2024-08-21 11:14:25,41500.0,200,Sell,233536572
2024-08-21 11:14:28,41550.0,100,Buy,233536610
2024-08-21 11:14:28,41500.0,500,Sell,233536596
2024-08-21 11:14:28,41500.0,200,Sell,233536594
2024-08-21 11:14:28,41500.0,100,Sell,233536595
2024-08-21 11:15:08,41550.0,3000,Buy,233537138
2024-08-21 11:15:12,41550.0,4500,Buy,233537187
2024-08-21 11:15:12,41550.0,100,Buy,233537188
2024-08-21 11:15:12,41550.0,1000,Buy,233537189
2024-08-21 11:15:12,41550.0,100,Buy,233537190
2024-08-21 11:15:35,41550.0,1000,Sell,233537676
2024-08-21 11:15:40,41550.0,200,Sell,233537774
2024-08-21 11:15:57,41550.0,700,Sell,233537994
2024-08-21 11:17:10,41550.0,300,Sell,233539302
2024-08-21 11:17:15,41600.0,800,Buy,233539366
2024-08-21 11:17:15,41600.0,100,Buy,233539364
2024-08-21 11:17:15,41600.0,100,Buy,233539365
2024-08-21 11:17:15,41600.0,900,Buy,233539363
2024-08-21 11:17:19,41600.0,8000,Buy,233539462
2024-08-21 11:17:26,41600.0,700,Buy,233539587
2024-08-21 11:17:26,41600.0,1200,Buy,233539588
2024-08-21 11:17:37,41600.0,100,Buy,233539791
2024-08-21 11:18:12,41600.0,700,Buy,233540456
2024-08-21 11:18:28,41650.0,1900,Buy,233540782
2024-08-21 11:18:57,41600.0,100,Sell,233541470
2024-08-21 11:18:57,41600.0,300,Sell,233541471
2024-08-21 11:19:09,41600.0,200,Buy,233541688
2024-08-21 11:19:11,41600.0,1400,Buy,233541776
2024-08-21 11:19:27,41600.0,2000,Buy,233542075
2024-08-21 11:20:20,41600.0,200,Sell,233542989
2024-08-21 11:21:50,41600.0,1000,Sell,233544389
2024-08-21 11:21:56,41600.0,300,Sell,233544472
2024-08-21 11:22:02,41600.0,300,Sell,233544598
2024-08-21 11:22:02,41600.0,500,Sell,233544599
2024-08-21 11:22:02,41600.0,500,Sell,233544596
2024-08-21 11:22:02,41600.0,1900,Sell,233544597
2024-08-21 11:22:29,41600.0,1400,Sell,233544956
2024-08-21 11:24:16,41650.0,200,Buy,233546156
2024-08-21 11:27:37,41650.0,400,Buy,233548878
2024-08-21 11:27:37,41650.0,100,Buy,233548879
2024-08-21 11:27:37,41650.0,500,Buy,233548880
2024-08-21 11:27:53,41650.0,10800,Buy,233549099
2024-08-21 11:27:53,41650.0,100,Buy,233549100
2024-08-21 11:27:53,41650.0,500,Buy,233549101
2024-08-21 11:28:51,41650.0,5000,Sell,233549962
2024-08-21 12:59:36,41650.0,300,Sell,233550783
2024-08-21 12:59:36,41650.0,100,Sell,233550701
2024-08-21 12:59:36,41700.0,100,Buy,233550840
2024-08-21 12:59:37,41650.0,2000,Buy,233551310
2024-08-21 12:59:37,41700.0,1000,Buy,233551108
2024-08-21 12:59:37,41650.0,800,Sell,233551269
2024-08-21 12:59:37,41650.0,100,Sell,233551270
2024-08-21 12:59:44,41650.0,200,Buy,233552816
2024-08-21 12:59:44,41600.0,900,Sell,233552768
2024-08-21 12:59:44,41600.0,100,Sell,233552817
2024-08-21 12:59:48,41600.0,100,Sell,233553289
2024-08-21 13:00:00,41650.0,200,Buy,233554162
2024-08-21 13:00:03,41650.0,100,Buy,233554335
2024-08-21 13:00:19,41600.0,2500,Sell,233554657
2024-08-21 13:00:54,41600.0,400,Sell,233555423
2024-08-21 13:00:54,41600.0,500,Sell,233555424
2024-08-21 13:00:54,41600.0,100,Sell,233555425
2024-08-21 13:00:54,41600.0,200,Sell,233555426
2024-08-21 13:00:54,41600.0,2100,Sell,233555428
2024-08-21 13:00:54,41600.0,2000,Sell,233555429
2024-08-21 13:00:54,41600.0,300,Sell,233555430
2024-08-21 13:00:54,41600.0,100,Sell,233555427
2024-08-21 13:00:57,41600.0,100,Sell,233555481
2024-08-21 13:01:03,41600.0,600,Sell,233555639
2024-08-21 13:01:03,41600.0,400,Sell,233555640
2024-08-21 13:01:07,41650.0,200,Buy,233555701
2024-08-21 13:01:07,41650.0,500,Buy,233555702
2024-08-21 13:01:07,41650.0,1000,Buy,233555700
2024-08-21 13:01:07,41650.0,900,Buy,233555698
2024-08-21 13:01:07,41650.0,400,Buy,233555699
2024-08-21 13:01:07,41650.0,1500,Buy,233555697
2024-08-21 13:01:56,41600.0,1000,Sell,233556892
2024-08-21 13:02:45,41600.0,600,Sell,233558067
2024-08-21 13:02:45,41600.0,200,Sell,233558068
2024-08-21 13:02:45,41600.0,100,Sell,233558069
2024-08-21 13:02:45,41600.0,2100,Sell,233558070
2024-08-21 13:03:06,41600.0,2000,Sell,233558527
2024-08-21 13:03:13,41600.0,100,Sell,233558689
2024-08-21 13:03:13,41600.0,900,Sell,233558688
2024-08-21 13:03:23,41600.0,100,Buy,233558911
2024-08-21 13:03:39,41600.0,100,Buy,233559305
2024-08-21 13:03:50,41600.0,100,Buy,233559612
2024-08-21 13:04:51,41600.0,500,Buy,233561271
2024-08-21 13:04:59,41600.0,300,Buy,233561486
2024-08-21 13:05:07,41600.0,900,Buy,233561714
2024-08-21 13:05:16,41550.0,500,Sell,233561980
2024-08-21 13:05:25,41550.0,100,Sell,233562198
2024-08-21 13:06:39,41600.0,500,Buy,233564235
2024-08-21 13:06:54,41600.0,600,Buy,233564779
2024-08-21 13:06:54,41600.0,200,Buy,233564776
2024-08-21 13:06:54,41600.0,1000,Buy,233564777
2024-08-21 13:06:54,41600.0,100,Buy,233564778
2024-08-21 13:06:56,41600.0,1900,Buy,233564850
2024-08-21 13:07:09,41600.0,100,Buy,233565342
2024-08-21 13:07:27,41600.0,1100,Buy,233565896
2024-08-21 13:07:27,41600.0,300,Buy,233565897
2024-08-21 13:07:27,41600.0,100,Buy,233565898
2024-08-21 13:07:27,41600.0,100,Buy,233565899
2024-08-21 13:08:00,41600.0,100,Sell,233567190
2024-08-21 13:08:07,41650.0,500,Buy,233567365
2024-08-21 13:08:07,41650.0,100,Buy,233567366
2024-08-21 13:08:07,41650.0,1300,Buy,233567367
2024-08-21 13:08:27,41650.0,100,Buy,233567901
2024-08-21 13:08:28,41650.0,500,Buy,233567940
2024-08-21 13:08:50,41650.0,1000,Buy,233568452
2024-08-21 13:09:37,41650.0,100,Buy,233569801
2024-08-21 13:11:31,41600.0,500,Sell,233572704
2024-08-21 13:11:31,41600.0,500,Sell,233572703
2024-08-21 13:11:38,41600.0,1000,Sell,233572884
2024-08-21 13:11:46,41600.0,1000,Sell,233573032
2024-08-21 13:11:49,41650.0,1100,Buy,233573132
2024-08-21 13:11:49,41650.0,800,Buy,233573131
2024-08-21 13:13:04,41650.0,1900,Buy,233574891
2024-08-21 13:13:05,41650.0,700,Buy,233574957
2024-08-21 13:13:05,41650.0,500,Buy,233574958
2024-08-21 13:13:05,41650.0,700,Buy,233574959
2024-08-21 13:13:21,41600.0,5800,Sell,233575330
2024-08-21 13:13:45,41650.0,100,Buy,233576064
2024-08-21 13:14:08,41600.0,1000,Sell,233576612
2024-08-21 13:14:08,41600.0,5300,Sell,233576613
2024-08-21 13:14:08,41600.0,1700,Sell,233576610
2024-08-21 13:14:08,41600.0,2000,Sell,233576611
2024-08-21 13:14:14,41650.0,1900,Buy,233576773
2024-08-21 13:14:16,41650.0,1900,Buy,233576844
2024-08-21 13:14:40,41650.0,100,Buy,233577574
2024-08-21 13:14:42,41600.0,3700,Sell,233577622
2024-08-21 13:15:30,41600.0,400,Sell,233579131
2024-08-21 13:15:45,41600.0,1800,Sell,233579622
2024-08-21 13:15:45,41600.0,600,Sell,233579621
2024-08-21 13:16:04,41600.0,400,Sell,233580138
2024-08-21 13:16:07,41600.0,100,Sell,233580199
2024-08-21 13:16:15,41650.0,100,Buy,233580462
2024-08-21 13:16:15,41650.0,1000,Buy,233580459
2024-08-21 13:16:15,41650.0,300,Buy,233580460
2024-08-21 13:16:15,41650.0,500,Buy,233580461
2024-08-21 13:16:16,41650.0,1900,Buy,233580500
2024-08-21 13:16:33,41650.0,600,Buy,233581006
2024-08-21 13:17:18,41650.0,300,Buy,233582633
2024-08-21 13:18:11,41650.0,500,Buy,233584096
2024-08-21 13:18:39,41650.0,500,Buy,233585246
2024-08-21 13:18:44,41650.0,300,Buy,233585354
2024-08-21 13:19:22,41650.0,500,Buy,233586477
2024-08-21 13:19:27,41600.0,900,Sell,233586612
2024-08-21 13:19:27,41600.0,2700,Sell,233586611
2024-08-21 13:19:43,41650.0,100,Buy,233587093
2024-08-21 13:19:47,41650.0,900,Buy,233587245
2024-08-21 13:19:47,41650.0,1000,Buy,233587246
2024-08-21 13:19:48,41650.0,1900,Buy,233587327
2024-08-21 13:19:49,41650.0,1000,Buy,233587410
2024-08-21 13:19:49,41650.0,1900,Buy,233587391
2024-08-21 13:19:49,41650.0,900,Buy,233587409
2024-08-21 13:20:10,41650.0,300,Buy,233588100
2024-08-21 13:20:12,41650.0,5700,Buy,233588190
2024-08-21 13:20:12,41650.0,2400,Buy,233588189
2024-08-21 13:20:12,41650.0,1900,Buy,233588191
2024-08-21 13:20:40,41650.0,1800,Buy,233589026
2024-08-21 13:20:40,41650.0,300,Buy,233589027
2024-08-21 13:20:40,41650.0,200,Buy,233589028
2024-08-21 13:20:40,41650.0,200,Buy,233589029
2024-08-21 13:20:40,41650.0,200,Buy,233589030
2024-08-21 13:20:40,41650.0,2300,Buy,233589031
2024-08-21 13:20:52,41650.0,300,Buy,233589370
2024-08-21 13:21:15,41650.0,4000,Buy,233590076
2024-08-21 13:21:25,41650.0,7400,Buy,233590396
2024-08-21 13:21:26,41650.0,100,Buy,233590429
2024-08-21 13:21:30,41650.0,7000,Buy,233590508
2024-08-21 13:21:30,41650.0,3600,Buy,233590509
2024-08-21 13:21:30,41650.0,100,Buy,233590510
2024-08-21 13:21:30,41650.0,600,Buy,233590511
2024-08-21 13:21:36,41700.0,300,Buy,233590698
2024-08-21 13:22:00,41700.0,100,Buy,233591406
2024-08-21 13:22:08,41700.0,500,Buy,233591666
2024-08-21 13:23:01,41700.0,1000,Buy,233593076
2024-08-21 13:23:01,41700.0,500,Buy,233593075
2024-08-21 13:23:01,41700.0,500,Buy,233593077
2024-08-21 13:23:02,41700.0,200,Buy,233593101
2024-08-21 13:23:40,41650.0,300,Sell,233594604
2024-08-21 13:23:40,41650.0,5400,Sell,233594603
2024-08-21 13:24:02,41650.0,700,Sell,233595244
2024-08-21 13:24:02,41650.0,2000,Sell,233595245
2024-08-21 13:24:02,41650.0,3000,Sell,233595246
2024-08-21 13:24:04,41650.0,2000,Sell,233595439
2024-08-21 13:24:04,41650.0,3000,Sell,233595440
2024-08-21 13:24:14,41650.0,200,Sell,233595679
2024-08-21 13:24:18,41650.0,1800,Sell,233595784
2024-08-21 13:24:18,41650.0,100,Sell,233595785
2024-08-21 13:24:18,41650.0,3000,Sell,233595786
2024-08-21 13:24:28,41650.0,300,Buy,233596124
2024-08-21 13:24:49,41650.0,100,Buy,233596730
2024-08-21 13:25:54,41650.0,300,Buy,233598483
2024-08-21 13:25:59,41650.0,3000,Buy,233598578
2024-08-21 13:26:03,41650.0,100,Buy,233598697
2024-08-21 13:26:03,41650.0,1400,Buy,233598684
2024-08-21 13:26:03,41650.0,500,Buy,233598685
2024-08-21 13:26:10,41650.0,500,Buy,233598820
2024-08-21 13:26:23,41600.0,300,Sell,233599209
2024-08-21 13:27:14,41600.0,200,Sell,233600545
2024-08-21 13:27:21,41650.0,300,Buy,233600746
2024-08-21 13:27:54,41650.0,500,Buy,233601652
2024-08-21 13:27:59,41650.0,100,Buy,233601811
2024-08-21 13:28:27,41650.0,300,Buy,233602614
2024-08-21 13:28:31,41650.0,400,Buy,233602714
2024-08-21 13:28:31,41650.0,1300,Buy,233602712
2024-08-21 13:28:31,41650.0,300,Buy,233602713
2024-08-21 13:28:35,41650.0,100,Buy,233602857
2024-08-21 13:28:35,41650.0,100,Buy,233602858
2024-08-21 13:28:47,41650.0,300,Buy,233603179
2024-08-21 13:29:11,41650.0,100,Buy,233603746
2024-08-21 13:29:56,41650.0,2000,Buy,233604720
2024-08-21 13:30:13,41650.0,300,Buy,233605180
2024-08-21 13:30:25,41650.0,100,Buy,233605428
2024-08-21 13:30:30,41650.0,100,Buy,233605543
2024-08-21 13:30:35,41650.0,700,Buy,233605742
2024-08-21 13:30:35,41650.0,300,Buy,233605741
2024-08-21 13:30:35,41650.0,500,Buy,233605740
2024-08-21 13:30:52,41650.0,800,Sell,233606154
2024-08-21 13:30:52,41650.0,200,Sell,233606155
2024-08-21 13:31:06,41650.0,100,Sell,233606560
2024-08-21 13:31:19,41650.0,2000,Sell,233606912
2024-08-21 13:31:24,41650.0,800,Buy,233607218
2024-08-21 13:31:25,41650.0,300,Buy,233607237
2024-08-21 13:31:32,41650.0,300,Buy,233607513
2024-08-21 13:31:39,41650.0,300,Buy,233607737
2024-08-21 13:32:58,41650.0,500,Buy,233610518
2024-08-21 13:33:05,41650.0,300,Buy,233610745
2024-08-21 13:33:05,41650.0,700,Buy,233610773
2024-08-21 13:33:05,41650.0,300,Buy,233610774
2024-08-21 13:33:09,41650.0,600,Buy,233610859
2024-08-21 13:33:28,41600.0,500,Sell,233611495
2024-08-21 13:33:32,41650.0,1000,Buy,233611611
2024-08-21 13:34:03,41650.0,1600,Buy,233612485
2024-08-21 13:34:03,41650.0,400,Buy,233612486
2024-08-21 13:34:11,41650.0,100,Buy,233612694
2024-08-21 13:34:21,41650.0,1000,Buy,233613072
2024-08-21 13:34:21,41650.0,1400,Buy,233613074
2024-08-21 13:34:21,41650.0,3000,Buy,233613070
2024-08-21 13:34:21,41650.0,300,Buy,233613071
2024-08-21 13:34:21,41650.0,1000,Buy,233613073
2024-08-21 13:34:21,41650.0,500,Buy,233613069
2024-08-21 13:34:22,41650.0,100,Sell,233613095
2024-08-21 13:34:33,41700.0,200,Buy,233613374
2024-08-21 13:35:00,41700.0,1600,Buy,233614191
2024-08-21 13:35:00,41700.0,200,Buy,233614190
2024-08-21 13:35:00,41700.0,800,Buy,233614187
2024-08-21 13:35:00,41700.0,100,Buy,233614189
2024-08-21 13:35:00,41700.0,300,Buy,233614185
2024-08-21 13:35:00,41700.0,1000,Buy,233614184
2024-08-21 13:35:00,41700.0,100,Buy,233614183
2024-08-21 13:35:00,41700.0,800,Buy,233614186
2024-08-21 13:35:00,41700.0,100,Buy,233614188
2024-08-21 13:35:25,41650.0,100,Sell,233614955
2024-08-21 13:35:34,41700.0,400,Buy,233615249
2024-08-21 13:35:34,41700.0,100,Buy,233615250
2024-08-21 13:35:34,41700.0,200,Buy,233615251
2024-08-21 13:35:34,41700.0,100,Buy,233615252
2024-08-21 13:35:57,41700.0,300,Buy,233615853
2024-08-21 13:37:21,41700.0,100,Buy,233618838
2024-08-21 13:37:21,41700.0,500,Buy,233618837
2024-08-21 13:37:21,41700.0,300,Buy,233618835
2024-08-21 13:37:21,41700.0,100,Buy,233618836
2024-08-21 13:37:23,41700.0,300,Buy,233618909
2024-08-21 13:37:28,41650.0,200,Sell,233619084
2024-08-21 13:37:38,41700.0,100,Buy,233619409
2024-08-21 13:37:38,41700.0,100,Buy,233619410
2024-08-21 13:37:59,41700.0,1200,Buy,233620203
2024-08-21 13:37:59,41700.0,500,Buy,233620202
2024-08-21 13:37:59,41700.0,400,Buy,233620201
2024-08-21 13:37:59,41700.0,3500,Buy,233620200
2024-08-21 13:37:59,41700.0,100,Buy,233620198
2024-08-21 13:37:59,41700.0,5700,Buy,233620197
2024-08-21 13:37:59,41700.0,5700,Buy,233620196
2024-08-21 13:37:59,41700.0,100,Buy,233620195
2024-08-21 13:37:59,41700.0,100,Buy,233620199
2024-08-21 13:37:59,41700.0,7300,Buy,233620193
2024-08-21 13:37:59,41700.0,1000,Buy,233620192
2024-08-21 13:37:59,41700.0,100,Buy,233620191
2024-08-21 13:37:59,41700.0,500,Buy,233620190
2024-08-21 13:37:59,41700.0,700,Buy,233620189
2024-08-21 13:37:59,41700.0,100,Buy,233620188
2024-08-21 13:37:59,41700.0,1700,Buy,233620187
2024-08-21 13:37:59,41700.0,1000,Buy,233620186
2024-08-21 13:37:59,41700.0,500,Buy,233620185
2024-08-21 13:37:59,41700.0,900,Buy,233620194
2024-08-21 13:38:28,41700.0,5700,Sell,233621343
2024-08-21 13:38:38,41700.0,3200,Sell,233621641
2024-08-21 13:38:38,41700.0,300,Sell,233621642
2024-08-21 13:38:45,41700.0,2200,Sell,233621833
2024-08-21 13:38:49,41700.0,300,Buy,233621990
2024-08-21 13:38:54,41700.0,3200,Buy,233622271
2024-08-21 13:38:54,41700.0,3800,Buy,233622272
2024-08-21 13:39:31,41700.0,1200,Buy,233623788
2024-08-21 13:39:31,41700.0,200,Buy,233623789
2024-08-21 13:39:31,41700.0,200,Buy,233623790
2024-08-21 13:39:51,41700.0,3400,Sell,233624806
2024-08-21 13:39:51,41700.0,2300,Sell,233624807
2024-08-21 13:40:15,41750.0,100,Buy,233625833
2024-08-21 13:40:15,41750.0,200,Buy,233625837
2024-08-21 13:40:19,41700.0,700,Sell,233625972
2024-08-21 13:40:29,41700.0,300,Buy,233626390
2024-08-21 13:41:04,41700.0,100,Sell,233628058
2024-08-21 13:41:15,41700.0,200,Sell,233628524
2024-08-21 13:41:41,41700.0,300,Buy,233629319
2024-08-21 13:41:58,41700.0,500,Buy,233629899
2024-08-21 13:41:58,41700.0,200,Buy,233629901
2024-08-21 13:41:58,41700.0,5200,Buy,233629898
2024-08-21 13:41:58,41700.0,200,Buy,233629900
2024-08-21 13:42:10,41700.0,3500,Sell,233630326
2024-08-21 13:42:13,41700.0,100,Sell,233630415
2024-08-21 13:42:18,41700.0,300,Sell,233630557
2024-08-21 13:43:07,41750.0,300,Buy,233632504
2024-08-21 13:43:45,41750.0,400,Buy,233633814
2024-08-21 13:43:47,41700.0,300,Sell,233633968
2024-08-21 13:43:47,41700.0,5400,Sell,233633969
2024-08-21 13:43:59,41700.0,1000,Sell,233634527
2024-08-21 13:44:07,41700.0,1000,Sell,233634912
2024-08-21 13:44:07,41700.0,1100,Sell,233634913
2024-08-21 13:44:07,41700.0,3600,Sell,233634911
2024-08-21 13:44:08,41700.0,1000,Sell,233635008
2024-08-21 13:44:10,41700.0,100,Sell,233635085
2024-08-21 13:44:10,41700.0,300,Sell,233635086
2024-08-21 13:44:13,41700.0,800,Sell,233635192
2024-08-21 13:44:13,41700.0,700,Sell,233635191
2024-08-21 13:44:26,41700.0,3700,Sell,233635673
2024-08-21 13:44:26,41650.0,2000,Sell,233635674
2024-08-21 13:44:34,41700.0,300,Buy,233635920
2024-08-21 13:44:58,41700.0,500,Buy,233636826
2024-08-21 13:45:06,41650.0,1000,Sell,233637009
2024-08-21 13:45:06,41650.0,1000,Sell,233637007
2024-08-21 13:45:06,41650.0,100,Sell,233637006
2024-08-21 13:45:06,41650.0,3000,Sell,233637008
2024-08-21 13:45:06,41650.0,400,Sell,233637004
2024-08-21 13:45:06,41650.0,2000,Sell,233637003
2024-08-21 13:45:06,41650.0,100,Sell,233637002
2024-08-21 13:45:06,41650.0,400,Sell,233637001
2024-08-21 13:45:06,41650.0,1000,Sell,233637005
2024-08-21 13:45:43,41650.0,500,Sell,233638295
2024-08-21 13:45:43,41650.0,3000,Sell,233638296
2024-08-21 13:46:00,41700.0,200,Buy,233638841
2024-08-21 13:46:23,41700.0,2000,Buy,233639648
2024-08-21 13:46:29,41650.0,100,Sell,233639916
2024-08-21 13:47:10,41650.0,100,Sell,233641146
2024-08-21 13:47:26,41700.0,300,Buy,233641770
2024-08-21 13:48:52,41700.0,300,Buy,233644540
2024-08-21 13:48:52,41650.0,300,Sell,233644536
2024-08-21 13:49:02,41650.0,100,Sell,233644821
2024-08-21 13:49:02,41650.0,2000,Sell,233644820
2024-08-21 13:49:02,41650.0,1500,Sell,233644816
2024-08-21 13:49:02,41650.0,1900,Sell,233644818
2024-08-21 13:49:02,41650.0,100,Sell,233644819
2024-08-21 13:49:02,41650.0,100,Sell,233644817
2024-08-21 13:49:09,41650.0,300,Sell,233645328
2024-08-21 13:49:15,41650.0,600,Sell,233645562
2024-08-21 13:49:15,41650.0,400,Sell,233645563
2024-08-21 13:49:15,41650.0,900,Sell,233645564
2024-08-21 13:49:15,41650.0,100,Sell,233645565
2024-08-21 13:49:15,41650.0,200,Sell,233645566
2024-08-21 13:49:15,41650.0,300,Sell,233645568
2024-08-21 13:49:15,41650.0,1000,Sell,233645567
2024-08-21 13:49:21,41650.0,2300,Sell,233645776
2024-08-21 13:49:27,41650.0,100,Buy,233645988
2024-08-21 13:49:30,41650.0,300,Sell,233646158
2024-08-21 13:49:38,41650.0,600,Sell,233646517
2024-08-21 13:49:38,41600.0,5100,Sell,233646518
2024-08-21 13:50:08,41600.0,500,Sell,233647838
2024-08-21 13:50:18,41650.0,100,Buy,233648266
2024-08-21 13:50:42,41650.0,200,Sell,233649113
2024-08-21 13:51:44,41700.0,300,Buy,233651591
2024-08-21 13:52:14,41650.0,1200,Buy,233652914
2024-08-21 13:52:53,41650.0,300,Buy,233654716
2024-08-21 13:53:10,41650.0,300,Buy,233655338
2024-08-21 13:53:13,41650.0,500,Buy,233655463
2024-08-21 13:54:20,41650.0,100,Buy,233657818
2024-08-21 13:54:25,41650.0,500,Buy,233657952
2024-08-21 13:54:36,41650.0,1000,Buy,233658436
2024-08-21 13:54:36,41650.0,500,Buy,233658435
2024-08-21 13:54:36,41650.0,300,Buy,233658432
2024-08-21 13:54:36,41650.0,1500,Buy,233658434
2024-08-21 13:55:02,41600.0,800,Sell,233659359
2024-08-21 13:55:02,41600.0,100,Sell,233659360
2024-08-21 13:55:02,41600.0,100,Sell,233659361
2024-08-21 13:55:02,41600.0,400,Sell,233659362
2024-08-21 13:55:34,41650.0,1900,Buy,233660364
2024-08-21 13:55:35,41650.0,1900,Buy,233660397
2024-08-21 13:55:40,41650.0,1000,Buy,233660584
2024-08-21 13:55:51,41600.0,100,Sell,233660991
2024-08-21 13:56:02,41650.0,200,Buy,233661432
2024-08-21 13:56:20,41650.0,100,Sell,233661985
2024-08-21 13:56:37,41650.0,800,Buy,233662383
2024-08-21 13:57:13,41650.0,500,Buy,233663539
2024-08-21 13:57:28,41650.0,200,Buy,233663968
2024-08-21 13:58:06,41650.0,500,Buy,233665285
2024-08-21 13:58:38,41650.0,1400,Buy,233666147
2024-08-21 13:58:38,41650.0,200,Buy,233666148
2024-08-21 13:58:38,41650.0,200,Buy,233666149
2024-08-21 13:58:38,41650.0,200,Buy,233666150
2024-08-21 13:58:42,41650.0,300,Buy,233666358
2024-08-21 13:58:42,41650.0,1600,Buy,233666359
2024-08-21 13:58:54,41650.0,300,Buy,233666635
2024-08-21 13:59:14,41650.0,100,Buy,233667192
2024-08-21 13:59:25,41650.0,1900,Buy,233667500
2024-08-21 13:59:45,41600.0,200,Sell,233668007
2024-08-21 13:59:53,41600.0,3500,Sell,233668211
2024-08-21 14:00:05,41600.0,1600,Sell,233668529
2024-08-21 14:00:05,41600.0,100,Sell,233668528
2024-08-21 14:00:05,41600.0,10000,Sell,233668527
2024-08-21 14:00:05,41600.0,300,Sell,233668526
2024-08-21 14:00:05,41600.0,100,Sell,233668525
2024-08-21 14:00:05,41600.0,200,Sell,233668524
2024-08-21 14:00:05,41600.0,100,Sell,233668523
2024-08-21 14:00:05,41600.0,500,Sell,233668520
2024-08-21 14:00:05,41600.0,300,Sell,233668519
2024-08-21 14:00:05,41600.0,10000,Sell,233668518
2024-08-21 14:00:05,41600.0,100,Sell,233668517
2024-08-21 14:00:05,41600.0,100,Sell,233668516
2024-08-21 14:00:05,41600.0,100,Sell,233668515
2024-08-21 14:00:05,41600.0,800,Sell,233668514
2024-08-21 14:00:05,41600.0,1000,Sell,233668521
2024-08-21 14:00:15,41600.0,400,Sell,233668912
2024-08-21 14:00:15,41600.0,1500,Sell,233668916
2024-08-21 14:00:15,41600.0,100,Sell,233668917
2024-08-21 14:00:15,41600.0,200,Sell,233668918
2024-08-21 14:00:15,41600.0,300,Sell,233668919
2024-08-21 14:00:15,41600.0,1000,Sell,233668920
2024-08-21 14:00:15,41600.0,6500,Sell,233668921
2024-08-21 14:00:20,41650.0,300,Buy,233669048
2024-08-21 14:00:44,41600.0,200,Sell,233669553
2024-08-21 14:00:44,41600.0,600,Sell,233669554
2024-08-21 14:00:44,41600.0,200,Sell,233669551
2024-08-21 14:00:44,41600.0,1000,Sell,233669552
2024-08-21 14:00:44,41600.0,2900,Sell,233669550
2024-08-21 14:01:41,41650.0,100,Buy,233671003
2024-08-21 14:01:41,41650.0,100,Buy,233671002
2024-08-21 14:01:41,41650.0,800,Buy,233670998
2024-08-21 14:01:41,41650.0,200,Buy,233671000
2024-08-21 14:01:41,41650.0,1000,Buy,233670999
2024-08-21 14:01:41,41650.0,7100,Buy,233671001
2024-08-21 14:01:46,41600.0,2400,Sell,233671150
2024-08-21 14:01:46,41600.0,1800,Sell,233671151
2024-08-21 14:01:47,41650.0,300,Buy,233671174
2024-08-21 14:02:15,41650.0,1000,Buy,233671814
2024-08-21 14:02:33,41650.0,500,Buy,233672265
2024-08-21 14:02:37,41650.0,200,Buy,233672373
2024-08-21 14:02:37,41650.0,200,Buy,233672374
2024-08-21 14:02:37,41650.0,100,Buy,233672375
2024-08-21 14:02:38,41650.0,200,Buy,233672423
2024-08-21 14:02:38,41700.0,5500,Buy,233672432
2024-08-21 14:03:05,41700.0,100,Buy,233673261
2024-08-21 14:03:07,41700.0,5700,Buy,233673463
2024-08-21 14:03:13,41700.0,300,Buy,233673761
2024-08-21 14:04:01,41700.0,4500,Buy,233675205
2024-08-21 14:04:01,41700.0,1200,Buy,233675206
2024-08-21 14:04:10,41700.0,800,Buy,233675767
2024-08-21 14:04:10,41700.0,900,Buy,233675770
2024-08-21 14:04:10,41700.0,100,Buy,233675768
2024-08-21 14:04:10,41700.0,100,Buy,233675769
2024-08-21 14:04:11,41700.0,3600,Buy,233675833
2024-08-21 14:04:11,41700.0,500,Buy,233675834
2024-08-21 14:04:11,41700.0,100,Buy,233675835
2024-08-21 14:04:11,41700.0,300,Buy,233675836
2024-08-21 14:04:11,41700.0,500,Buy,233675837
2024-08-21 14:04:21,41650.0,100,Sell,233676123
2024-08-21 14:04:39,41700.0,300,Buy,233676628
2024-08-21 14:05:25,41700.0,100,Buy,233677971
2024-08-21 14:06:05,41700.0,200,Buy,233678993
2024-08-21 14:06:05,41700.0,100,Buy,233678992
2024-08-21 14:06:24,41700.0,1900,Buy,233679547
2024-08-21 14:06:51,41700.0,100,Buy,233680169
2024-08-21 14:06:58,41700.0,3300,Buy,233680397
2024-08-21 14:06:58,41700.0,1300,Buy,233680394
2024-08-21 14:06:58,41700.0,100,Buy,233680395
2024-08-21 14:06:58,41700.0,1000,Buy,233680396
2024-08-21 14:06:59,41700.0,100,Buy,233680449
2024-08-21 14:07:15,41700.0,1900,Buy,233680996
2024-08-21 14:07:28,41650.0,1000,Sell,233681568
2024-08-21 14:07:31,41700.0,300,Buy,233681614
2024-08-21 14:07:42,41700.0,100,Buy,233682039
2024-08-21 14:07:43,41700.0,100,Buy,233682058
2024-08-21 14:07:50,41700.0,7200,Buy,233682252
2024-08-21 14:08:24,41700.0,400,Buy,233683136
2024-08-21 14:08:57,41700.0,200,Buy,233684225
2024-08-21 14:09:30,41700.0,5500,Buy,233685635
2024-08-21 14:09:48,41700.0,100,Buy,233686346
2024-08-21 14:09:56,41700.0,800,Buy,233686700
2024-08-21 14:09:56,41700.0,100,Buy,233686701
2024-08-21 14:09:56,41700.0,100,Buy,233686702
2024-08-21 14:09:56,41700.0,1000,Buy,233686703
2024-08-21 14:10:23,41700.0,2000,Buy,233687669
2024-08-21 14:10:23,41700.0,300,Buy,233687661
2024-08-21 14:10:50,41650.0,2000,Sell,233688598
2024-08-21 14:11:30,41650.0,100,Sell,233689956
2024-08-21 14:11:49,41700.0,200,Buy,233690410
2024-08-21 14:11:49,41700.0,100,Buy,233690411
2024-08-21 14:12:28,41650.0,2000,Sell,233691645
2024-08-21 14:12:36,41650.0,400,Sell,233691848
2024-08-21 14:12:36,41650.0,500,Sell,233691849
2024-08-21 14:12:47,41650.0,500,Sell,233692150
2024-08-21 14:12:47,41650.0,1500,Sell,233692149
2024-08-21 14:13:08,41550.0,300,Sell,233692799
2024-08-21 14:13:08,41550.0,100,Sell,233692800
2024-08-21 14:13:08,41550.0,500,Sell,233692801
2024-08-21 14:13:08,41550.0,100,Sell,233692802
2024-08-21 14:13:08,41550.0,200,Sell,233692803
2024-08-21 14:13:08,41550.0,1000,Sell,233692804
2024-08-21 14:13:08,41550.0,100,Sell,233692805
2024-08-21 14:13:08,41550.0,200,Sell,233692798
2024-08-21 14:13:08,41550.0,8700,Sell,233692815
2024-08-21 14:13:08,41550.0,300,Sell,233692808
2024-08-21 14:13:08,41550.0,100,Sell,233692809
2024-08-21 14:13:08,41550.0,200,Sell,233692810
2024-08-21 14:13:08,41550.0,200,Sell,233692811
2024-08-21 14:13:08,41550.0,1000,Sell,233692812
2024-08-21 14:13:08,41550.0,300,Sell,233692813
2024-08-21 14:13:08,41550.0,100,Sell,233692814
2024-08-21 14:13:08,41550.0,100,Sell,233692807
2024-08-21 14:13:08,41550.0,200,Sell,233692806
2024-08-21 14:13:08,41600.0,300,Sell,233692796
2024-08-21 14:13:08,41600.0,300,Sell,233692795
2024-08-21 14:13:08,41650.0,500,Sell,233692778
2024-08-21 14:13:08,41650.0,5000,Sell,233692779
2024-08-21 14:13:08,41650.0,10000,Sell,233692780
2024-08-21 14:13:08,41650.0,500,Sell,233692781
2024-08-21 14:13:08,41650.0,100,Sell,233692782
2024-08-21 14:13:08,41650.0,700,Sell,233692783
2024-08-21 14:13:08,41600.0,3200,Sell,233692784
2024-08-21 14:13:08,41600.0,500,Sell,233692785
2024-08-21 14:13:08,41600.0,100,Sell,233692786
2024-08-21 14:13:08,41600.0,1000,Sell,233692787
2024-08-21 14:13:08,41600.0,100,Sell,233692788
2024-08-21 14:13:08,41600.0,500,Sell,233692789
2024-08-21 14:13:08,41600.0,1000,Sell,233692790
2024-08-21 14:13:08,41600.0,2000,Sell,233692791
2024-08-21 14:13:08,41600.0,200,Sell,233692792
2024-08-21 14:13:08,41600.0,100,Sell,233692793
2024-08-21 14:13:08,41600.0,200,Sell,233692794
2024-08-21 14:13:08,41600.0,10000,Sell,233692797
2024-08-21 14:13:15,41650.0,300,Buy,233693052
2024-08-21 14:13:29,41650.0,1000,Buy,233693424
2024-08-21 14:13:39,41550.0,500,Sell,233693722
2024-08-21 14:14:25,41600.0,100,Sell,233695095
2024-08-21 14:14:41,41650.0,300,Buy,233695614
2024-08-21 14:14:43,41600.0,1300,Sell,233695684
2024-08-21 14:14:43,41600.0,100,Sell,233695685
2024-08-21 14:14:53,41600.0,2000,Buy,233696047
2024-08-21 14:14:54,41600.0,1000,Buy,233696051
2024-08-21 14:14:54,41600.0,300,Buy,233696052
2024-08-21 14:15:06,41600.0,100,Buy,233696422
2024-08-21 14:15:08,41600.0,100,Buy,233696485
2024-08-21 14:15:19,41600.0,100,Buy,233696935
2024-08-21 14:15:22,41600.0,100,Buy,233697065
2024-08-21 14:15:24,41600.0,2000,Buy,233697095
2024-08-21 14:15:35,41600.0,1000,Buy,233697470
2024-08-21 14:15:36,41600.0,100,Buy,233697479
2024-08-21 14:15:36,41600.0,200,Buy,233697519
2024-08-21 14:15:39,41600.0,100,Buy,233697599
2024-08-21 14:15:49,41600.0,500,Buy,233697832
2024-08-21 14:16:05,41600.0,400,Buy,233698393
2024-08-21 14:16:05,41600.0,300,Buy,233698391
2024-08-21 14:16:05,41600.0,1000,Buy,233698385
2024-08-21 14:16:05,41600.0,300,Buy,233698392
2024-08-21 14:16:06,41600.0,100,Buy,233698403
2024-08-21 14:16:07,41650.0,300,Buy,233698434
2024-08-21 14:16:19,41600.0,100,Sell,233698723
2024-08-21 14:16:19,41600.0,100,Sell,233698724
2024-08-21 14:16:19,41600.0,100,Sell,233698716
2024-08-21 14:16:33,41600.0,1000,Sell,233699080
2024-08-21 14:16:57,41600.0,100,Sell,233699983
2024-08-21 14:16:57,41600.0,100,Buy,233699999
2024-08-21 14:16:57,41600.0,500,Sell,233699981
2024-08-21 14:16:57,41600.0,900,Sell,233699980
2024-08-21 14:16:57,41600.0,6000,Sell,233699982
2024-08-21 14:16:57,41600.0,500,Sell,233699984
2024-08-21 14:17:00,41600.0,100,Buy,233700095
2024-08-21 14:17:02,41600.0,300,Buy,233700128
2024-08-21 14:17:09,41600.0,1000,Buy,233700358
2024-08-21 14:17:10,41600.0,100,Buy,233700379
2024-08-21 14:17:18,41600.0,100,Buy,233700707
2024-08-21 14:17:25,41600.0,100,Buy,233700895
2024-08-21 14:17:25,41550.0,8000,Sell,233700886
2024-08-21 14:17:33,41600.0,100,Buy,233701140
2024-08-21 14:17:33,41600.0,200,Buy,233701114
2024-08-21 14:17:33,41600.0,100,Buy,233701115
2024-08-21 14:17:34,41600.0,500,Buy,233701151
2024-08-21 14:17:40,41600.0,200,Buy,233701314
2024-08-21 14:17:42,41600.0,500,Buy,233701370
2024-08-21 14:17:43,41600.0,2000,Buy,233701390
2024-08-21 14:17:53,41600.0,500,Buy,233701635
2024-08-21 14:17:53,41600.0,100,Buy,233701636
2024-08-21 14:18:04,41600.0,100,Buy,233701962
2024-08-21 14:18:08,41600.0,100,Buy,233702070
2024-08-21 14:18:11,41600.0,100,Buy,233702150
2024-08-21 14:18:15,41600.0,100,Buy,233702402
2024-08-21 14:18:24,41600.0,300,Buy,233702755
2024-08-21 14:19:00,41600.0,300,Buy,233704030
2024-08-21 14:19:19,41600.0,100,Buy,233704961
2024-08-21 14:19:20,41600.0,500,Buy,233704984
2024-08-21 14:19:28,41550.0,3000,Sell,233705569
2024-08-21 14:19:56,41600.0,1900,Buy,233706723
2024-08-21 14:20:05,41600.0,100,Buy,233707060
2024-08-21 14:20:06,41600.0,100,Buy,233707173
2024-08-21 14:20:08,41600.0,400,Buy,233707260
2024-08-21 14:20:08,41600.0,900,Buy,233707258
2024-08-21 14:20:08,41600.0,2300,Buy,233707257
2024-08-21 14:20:08,41600.0,1000,Buy,233707259
2024-08-21 14:20:14,41650.0,5000,Buy,233707536
2024-08-21 14:20:14,41650.0,600,Buy,233707537
2024-08-21 14:20:14,41650.0,100,Buy,233707535
2024-08-21 14:20:16,41650.0,1900,Buy,233707645
2024-08-21 14:20:17,41650.0,100,Buy,233707708
2024-08-21 14:20:26,41650.0,200,Buy,233708017
2024-08-21 14:20:35,41650.0,5700,Buy,233708431
2024-08-21 14:20:38,41650.0,1500,Buy,233708546
2024-08-21 14:20:38,41650.0,400,Buy,233708547
2024-08-21 14:20:48,41650.0,100,Buy,233708889
2024-08-21 14:21:20,41600.0,500,Sell,233710764
2024-08-21 14:21:21,41650.0,500,Buy,233710820
2024-08-21 14:21:21,41650.0,200,Buy,233710821
2024-08-21 14:21:21,41650.0,200,Buy,233710822
2024-08-21 14:21:21,41650.0,600,Buy,233710823
2024-08-21 14:21:35,41650.0,1000,Buy,233711269
2024-08-21 14:21:40,41650.0,2400,Buy,233711503
2024-08-21 14:21:47,41650.0,500,Sell,233711831
2024-08-21 14:21:49,41650.0,500,Sell,233711875
2024-08-21 14:21:52,41700.0,300,Buy,233711993
2024-08-21 14:21:53,41700.0,1700,Buy,233712091
2024-08-21 14:21:53,41700.0,200,Buy,233712090
2024-08-21 14:22:00,41700.0,3300,Buy,233712564
2024-08-21 14:22:00,41700.0,2400,Buy,233712565
2024-08-21 14:22:10,41700.0,500,Buy,233713089
2024-08-21 14:22:10,41700.0,1000,Buy,233713090
2024-08-21 14:22:10,41700.0,400,Buy,233713091
2024-08-21 14:22:19,41700.0,100,Buy,233713467
2024-08-21 14:22:26,41700.0,200,Buy,233713784
2024-08-21 14:23:18,41700.0,300,Buy,233715981
2024-08-21 14:23:24,41700.0,500,Buy,233716283
2024-08-21 14:23:24,41700.0,200,Buy,233716284
2024-08-21 14:23:34,41650.0,200,Sell,233717015
2024-08-21 14:23:36,41700.0,5700,Buy,233717131
2024-08-21 14:23:50,41700.0,1500,Buy,233717750
2024-08-21 14:23:52,41700.0,2600,Buy,233717909
2024-08-21 14:23:52,41700.0,6000,Buy,233717910
2024-08-21 14:23:52,41700.0,500,Buy,233717911
2024-08-21 14:23:52,41700.0,900,Buy,233717912
2024-08-21 14:24:07,41700.0,1600,Buy,233718646
2024-08-21 14:24:07,41700.0,100,Buy,233718644
2024-08-21 14:24:07,41700.0,4000,Buy,233718645
2024-08-21 14:24:18,41700.0,100,Buy,233719227
2024-08-21 14:24:21,41700.0,700,Buy,233719337
2024-08-21 14:24:24,41700.0,2100,Buy,233719468
2024-08-21 14:24:24,41700.0,100,Buy,233719469
2024-08-21 14:24:24,41700.0,200,Buy,233719470
2024-08-21 14:24:24,41700.0,1300,Buy,233719471
2024-08-21 14:24:24,41700.0,200,Buy,233719472
2024-08-21 14:24:24,41700.0,100,Buy,233719473
2024-08-21 14:24:24,41700.0,100,Buy,233719474
2024-08-21 14:24:24,41700.0,800,Buy,233719475
2024-08-21 14:24:27,41700.0,3700,Buy,233719585
2024-08-21 14:24:27,41700.0,1000,Buy,233719584
2024-08-21 14:24:27,41700.0,300,Buy,233719583
2024-08-21 14:24:27,41700.0,200,Buy,233719577
2024-08-21 14:24:27,41700.0,400,Buy,233719578
2024-08-21 14:24:27,41700.0,2400,Buy,233719576
2024-08-21 14:24:27,41700.0,700,Buy,233719579
2024-08-21 14:24:30,41700.0,2000,Buy,233719716
2024-08-21 14:24:32,41700.0,300,Buy,233719796
2024-08-21 14:24:34,41750.0,1000,Buy,233719915
2024-08-21 14:24:34,41750.0,100,Buy,233719898
2024-08-21 14:24:34,41750.0,100,Buy,233719897
2024-08-21 14:24:34,41750.0,100,Buy,233719895
2024-08-21 14:24:34,41750.0,100,Buy,233719894
2024-08-21 14:24:34,41700.0,4000,Buy,233719893
2024-08-21 14:24:34,41750.0,300,Buy,233719896
2024-08-21 14:24:38,41700.0,200,Buy,233720132
2024-08-21 14:24:44,41750.0,100,Buy,233720460
2024-08-21 14:24:44,41750.0,100,Buy,233720461
2024-08-21 14:24:44,41750.0,100,Buy,233720462
2024-08-21 14:25:01,41750.0,1000,Buy,233721426
2024-08-21 14:25:01,41750.0,4700,Buy,233721427
2024-08-21 14:25:01,41750.0,100,Buy,233721428
2024-08-21 14:25:15,41700.0,100,Sell,233722244
2024-08-21 14:25:15,41700.0,1900,Sell,233722245
2024-08-21 14:25:31,41750.0,5700,Buy,233723150
2024-08-21 14:25:50,41700.0,100,Sell,233724141
2024-08-21 14:25:50,41700.0,300,Sell,233724142
2024-08-21 14:25:50,41700.0,200,Sell,233724143
2024-08-21 14:25:50,41700.0,200,Sell,233724144
2024-08-21 14:25:50,41650.0,4700,Sell,233724145
2024-08-21 14:25:52,41750.0,4000,Buy,233724249
2024-08-21 14:25:52,41750.0,500,Buy,233724243
2024-08-21 14:25:52,41750.0,1000,Buy,233724247
2024-08-21 14:25:52,41750.0,200,Buy,233724248
2024-08-21 14:26:01,41650.0,400,Sell,233724989
2024-08-21 14:26:10,41750.0,200,Buy,233725550
2024-08-21 14:26:18,41750.0,5700,Buy,233725927
2024-08-21 14:26:53,41750.0,100,Buy,233727883
2024-08-21 14:26:53,41750.0,500,Buy,233727884
2024-08-21 14:26:53,41750.0,5100,Buy,233727885
2024-08-21 14:26:53,41750.0,1900,Buy,233727912
2024-08-21 14:27:12,41750.0,100,Buy,233729064
2024-08-21 14:27:12,41750.0,1300,Buy,233729062
2024-08-21 14:27:12,41750.0,700,Buy,233729063
2024-08-21 14:27:16,41750.0,100,Buy,233729370
2024-08-21 14:27:16,41750.0,400,Buy,233729371
2024-08-21 14:27:16,41750.0,200,Buy,233729372
2024-08-21 14:27:16,41750.0,100,Buy,233729373
2024-08-21 14:27:16,41750.0,4800,Buy,233729374
2024-08-21 14:27:20,41750.0,100,Sell,233729778
2024-08-21 14:27:37,41750.0,900,Buy,233730567
2024-08-21 14:27:53,41750.0,600,Sell,233731585
2024-08-21 14:27:53,41750.0,200,Sell,233731560
2024-08-21 14:27:58,41750.0,300,Sell,233731806
2024-08-21 14:28:01,41750.0,3700,Sell,233731888
2024-08-21 14:28:01,41750.0,300,Sell,233731889
2024-08-21 14:28:01,41750.0,300,Sell,233731890
2024-08-21 14:28:01,41750.0,100,Sell,233731891
2024-08-21 14:28:01,41750.0,5000,Sell,233731892
2024-08-21 14:28:01,41750.0,200,Sell,233731893
2024-08-21 14:28:08,41750.0,400,Buy,233732263
2024-08-21 14:28:17,41750.0,500,Sell,233732816
2024-08-21 14:28:33,41750.0,8600,Sell,233733705
2024-08-21 14:28:39,41750.0,5700,Sell,233734081
2024-08-21 14:28:39,41750.0,500,Sell,233734075
2024-08-21 14:28:43,41750.0,100,Buy,233734272
2024-08-21 14:28:44,41750.0,3700,Buy,233734412
2024-08-21 14:28:44,41750.0,2000,Buy,233734413
2024-08-21 14:29:26,41750.0,100,Buy,233737067
2024-08-21 14:29:33,41750.0,2000,Buy,233737433
2024-08-21 14:44:37,41850.0,163500,ATO/ATC,233738725
