time,price,volume,match_type,id
2024-08-20 09:14:39,41150.0,10100,ATO/ATC,232874096
2024-08-20 09:14:40,41150.0,100,Buy,232874170
2024-08-20 09:15:02,41100.0,100,Sell,232874560
2024-08-20 09:15:02,41000.0,200,Sell,232874583
2024-08-20 09:15:02,41000.0,400,Sell,232874584
2024-08-20 09:15:02,41000.0,100,Sell,232874585
2024-08-20 09:15:02,41000.0,500,Sell,232874586
2024-08-20 09:15:02,41000.0,400,Sell,232874587
2024-08-20 09:15:02,41000.0,100,Sell,232874588
2024-08-20 09:15:02,41000.0,100,Sell,232874589
2024-08-20 09:15:02,41000.0,100,Sell,232874590
2024-08-20 09:15:02,41000.0,100,Sell,232874591
2024-08-20 09:15:02,41000.0,1000,Sell,232874592
2024-08-20 09:15:02,41000.0,300,Sell,232874593
2024-08-20 09:15:02,41000.0,200,Sell,232874594
2024-08-20 09:15:02,41000.0,100,Sell,232874595
2024-08-20 09:15:02,41000.0,1000,Sell,232874596
2024-08-20 09:15:02,41000.0,100,Sell,232874597
2024-08-20 09:15:02,41000.0,1000,Sell,232874598
2024-08-20 09:15:02,41000.0,100,Sell,232874606
2024-08-20 09:15:02,41000.0,2000,Sell,232874582
2024-08-20 09:15:02,41050.0,1800,Sell,232874581
2024-08-20 09:15:02,41100.0,100,Sell,232874559
2024-08-20 09:15:02,41050.0,100,Sell,232874579
2024-08-20 09:15:02,41100.0,200,Sell,232874561
2024-08-20 09:15:02,41100.0,200,Sell,232874562
2024-08-20 09:15:02,41100.0,1700,Sell,232874563
2024-08-20 09:15:02,41050.0,100,Sell,232874564
2024-08-20 09:15:02,41050.0,1000,Sell,232874565
2024-08-20 09:15:02,41050.0,100,Sell,232874566
2024-08-20 09:15:02,41050.0,100,Sell,232874567
2024-08-20 09:15:02,41050.0,100,Sell,232874568
2024-08-20 09:15:02,41050.0,200,Sell,232874569
2024-08-20 09:15:02,41050.0,2000,Sell,232874580
2024-08-20 09:15:02,41050.0,500,Sell,232874571
2024-08-20 09:15:02,41050.0,500,Sell,232874578
2024-08-20 09:15:02,41050.0,400,Sell,232874577
2024-08-20 09:15:02,41050.0,1000,Sell,232874576
2024-08-20 09:15:02,41050.0,1200,Sell,232874570
2024-08-20 09:15:02,41050.0,100,Sell,232874574
2024-08-20 09:15:02,41050.0,100,Sell,232874573
2024-08-20 09:15:02,41050.0,500,Sell,232874572
2024-08-20 09:15:02,41050.0,200,Sell,232874575
2024-08-20 09:15:42,41150.0,500,Buy,232875470
2024-08-20 09:15:42,41150.0,100,Buy,232875471
2024-08-20 09:15:42,41150.0,100,Buy,232875472
2024-08-20 09:15:43,41050.0,6000,Sell,232875497
2024-08-20 09:15:43,41050.0,1800,Sell,232875498
2024-08-20 09:16:01,41150.0,500,Buy,232875844
2024-08-20 09:16:25,41150.0,500,Buy,232876353
2024-08-20 09:16:53,41150.0,100,Buy,232877006
2024-08-20 09:17:05,41150.0,100,Buy,232877341
2024-08-20 09:17:56,41150.0,300,Buy,232878536
2024-08-20 09:17:59,41150.0,500,Buy,232878598
2024-08-20 09:18:13,41050.0,1300,Sell,232879004
2024-08-20 09:18:13,41050.0,100,Sell,232878998
2024-08-20 09:18:13,41050.0,100,Sell,232879002
2024-08-20 09:18:13,41050.0,400,Sell,232879000
2024-08-20 09:18:13,41050.0,100,Sell,232878999
2024-08-20 09:18:13,41050.0,100,Sell,232878997
2024-08-20 09:18:13,41050.0,200,Sell,232879003
2024-08-20 09:18:13,41050.0,1900,Sell,232878995
2024-08-20 09:18:13,41050.0,100,Sell,232878996
2024-08-20 09:18:13,41100.0,100,Sell,232878990
2024-08-20 09:18:13,41100.0,300,Sell,232878991
2024-08-20 09:18:13,41050.0,100,Sell,232879001
2024-08-20 09:18:13,41100.0,100,Sell,232878993
2024-08-20 09:18:13,41100.0,500,Sell,232878994
2024-08-20 09:18:13,41100.0,300,Sell,232878992
2024-08-20 09:18:22,41050.0,100,Sell,232879214
2024-08-20 09:18:38,41100.0,1000,Sell,232879562
2024-08-20 09:19:04,41150.0,100,Buy,232880379
2024-08-20 09:19:07,41100.0,6000,Sell,232880442
2024-08-20 09:19:14,41100.0,100,Sell,232880609
2024-08-20 09:19:24,41150.0,200,Buy,232880880
2024-08-20 09:19:25,41150.0,1100,Buy,232880887
2024-08-20 09:19:31,41150.0,4900,Sell,232881061
2024-08-20 09:19:31,41150.0,1100,Sell,232881062
2024-08-20 09:20:24,41200.0,100,Buy,232882411
2024-08-20 09:20:24,41200.0,600,Buy,232882412
2024-08-20 09:20:31,41200.0,100,Sell,232882565
2024-08-20 09:20:38,41200.0,100,Sell,232882771
2024-08-20 09:21:12,41200.0,100,Sell,232883580
2024-08-20 09:21:12,41200.0,700,Sell,232883579
2024-08-20 09:21:19,41200.0,100,Buy,232883740
2024-08-20 09:21:38,41250.0,100,Buy,232884257
2024-08-20 09:21:38,41250.0,1000,Buy,232884258
2024-08-20 09:21:45,41250.0,2000,Sell,232884530
2024-08-20 09:21:49,41300.0,100,Buy,232884603
2024-08-20 09:21:49,41300.0,100,Buy,232884604
2024-08-20 09:21:49,41300.0,200,Buy,232884605
2024-08-20 09:21:52,41300.0,100,Buy,232884680
2024-08-20 09:22:00,41300.0,100,Buy,232884867
2024-08-20 09:22:27,41300.0,400,Buy,232885612
2024-08-20 09:22:43,41300.0,100,Buy,232886030
2024-08-20 09:23:24,41250.0,5700,Sell,232887085
2024-08-20 09:23:31,41300.0,100,Buy,232887345
2024-08-20 09:23:35,41250.0,300,Sell,232887478
2024-08-20 09:23:37,41250.0,200,Buy,232887512
2024-08-20 09:23:51,41500.0,7300,Buy,232888005
2024-08-20 09:23:51,41500.0,100,Buy,232888004
2024-08-20 09:23:51,41500.0,1000,Buy,232888003
2024-08-20 09:23:51,41500.0,100,Buy,232888002
2024-08-20 09:23:51,41500.0,100,Buy,232888001
2024-08-20 09:23:51,41500.0,100,Buy,232888000
2024-08-20 09:23:51,41400.0,100,Buy,232887999
2024-08-20 09:23:51,41400.0,5000,Buy,232887998
2024-08-20 09:23:51,41300.0,100,Buy,232887989
2024-08-20 09:23:51,41350.0,500,Buy,232887996
2024-08-20 09:23:51,41300.0,1000,Buy,232887994
2024-08-20 09:23:51,41300.0,100,Buy,232887993
2024-08-20 09:23:51,41300.0,500,Buy,232887992
2024-08-20 09:23:51,41300.0,2400,Buy,232887991
2024-08-20 09:23:51,41300.0,100,Buy,232887990
2024-08-20 09:23:51,41300.0,300,Buy,232887987
2024-08-20 09:23:51,41300.0,200,Buy,232887988
2024-08-20 09:23:51,41350.0,1000,Buy,232887997
2024-08-20 09:23:56,41500.0,2400,Buy,232888117
2024-08-20 09:24:37,41500.0,700,Buy,232889125
2024-08-20 09:24:37,41500.0,300,Buy,232889124
2024-08-20 09:24:37,41500.0,300,Buy,232889123
2024-08-20 09:24:37,41450.0,500,Buy,232889122
2024-08-20 09:24:37,41450.0,100,Buy,232889121
2024-08-20 09:24:37,41450.0,100,Buy,232889120
2024-08-20 09:24:45,41500.0,2300,Buy,232889301
2024-08-20 09:24:45,41500.0,1000,Buy,232889302
2024-08-20 09:24:45,41500.0,100,Buy,232889303
2024-08-20 09:24:45,41500.0,1600,Buy,232889304
2024-08-20 09:25:43,41450.0,100,Buy,232891082
2024-08-20 09:26:35,41300.0,200,Sell,232892366
2024-08-20 09:26:58,41450.0,300,Buy,232892980
2024-08-20 09:26:58,41450.0,500,Buy,232892982
2024-08-20 09:26:58,41450.0,2000,Buy,232892979
2024-08-20 09:26:58,41450.0,2000,Buy,232892978
2024-08-20 09:26:58,41450.0,200,Buy,232892981
2024-08-20 09:26:58,41450.0,1900,Buy,232892976
2024-08-20 09:26:58,41450.0,1000,Buy,232892977
2024-08-20 09:26:58,41450.0,5600,Buy,232892975
2024-08-20 09:26:58,41400.0,100,Buy,232892974
2024-08-20 09:26:58,41400.0,100,Buy,232892973
2024-08-20 09:27:08,41450.0,5000,Sell,232893328
2024-08-20 09:27:08,41450.0,1300,Sell,232893345
2024-08-20 09:27:08,41450.0,200,Sell,232893346
2024-08-20 09:27:12,41500.0,2000,Buy,232893448
2024-08-20 09:27:25,41450.0,100,Sell,232893728
2024-08-20 09:27:31,41450.0,1500,Sell,232893895
2024-08-20 09:27:31,41450.0,900,Sell,232893896
2024-08-20 09:27:55,41450.0,100,Buy,232894584
2024-08-20 09:28:13,41400.0,1000,Buy,232894979
2024-08-20 09:28:22,41400.0,100,Sell,232895172
2024-08-20 09:28:24,41400.0,5700,Sell,232895233
2024-08-20 09:28:41,41450.0,3000,Buy,232895751
2024-08-20 09:28:54,41400.0,100,Sell,232896072
2024-08-20 09:29:24,41400.0,2400,Sell,232896904
2024-08-20 09:29:52,41400.0,100,Sell,232897520
2024-08-20 09:30:09,41400.0,100,Sell,232897886
2024-08-20 09:30:18,41450.0,100,Buy,232898081
2024-08-20 09:30:20,41400.0,100,Sell,232898157
2024-08-20 09:30:23,41400.0,400,Sell,232898237
2024-08-20 09:30:23,41400.0,100,Sell,232898238
2024-08-20 09:31:04,41350.0,1500,Sell,232899375
2024-08-20 09:31:04,41350.0,100,Sell,232899376
2024-08-20 09:31:21,41350.0,100,Sell,232899714
2024-08-20 09:31:21,41350.0,1500,Sell,232899733
2024-08-20 09:31:21,41350.0,1000,Sell,232899734
2024-08-20 09:31:37,41350.0,500,Buy,232900176
2024-08-20 09:31:38,41350.0,1400,Buy,232900194
2024-08-20 09:31:41,41350.0,1300,Buy,232900271
2024-08-20 09:31:51,41300.0,200,Sell,232900523
2024-08-20 09:32:21,41350.0,1800,Sell,232901295
2024-08-20 09:32:21,41350.0,200,Sell,232901296
2024-08-20 09:32:22,41400.0,100,Buy,232901373
2024-08-20 09:32:28,41350.0,100,Sell,232901601
2024-08-20 09:32:28,41350.0,300,Sell,232901602
2024-08-20 09:33:05,41350.0,3000,Sell,232902595
2024-08-20 09:33:52,41350.0,300,Sell,232903781
2024-08-20 09:34:14,41350.0,100,Sell,232904451
2024-08-20 09:34:14,41350.0,100,Sell,232904452
2024-08-20 09:34:19,41350.0,100,Sell,232904552
2024-08-20 09:34:27,41350.0,900,Sell,232904798
2024-08-20 09:34:27,41350.0,100,Sell,232904797
2024-08-20 09:34:35,41400.0,100,Buy,232905061
2024-08-20 09:34:52,41350.0,100,Sell,232905555
2024-08-20 09:36:26,41350.0,200,Sell,232908133
2024-08-20 09:36:26,41350.0,300,Sell,232908134
2024-08-20 09:36:32,41350.0,1900,Buy,232908240
2024-08-20 09:36:47,41400.0,100,Buy,232908687
2024-08-20 09:36:51,41400.0,1200,Buy,232908753
2024-08-20 09:36:51,41400.0,2400,Buy,232908754
2024-08-20 09:36:51,41400.0,3000,Buy,232908755
2024-08-20 09:36:51,41400.0,100,Buy,232908756
2024-08-20 09:36:51,41400.0,500,Buy,232908757
2024-08-20 09:36:51,41400.0,1000,Buy,232908758
2024-08-20 09:36:51,41400.0,1800,Buy,232908759
2024-08-20 09:36:56,41400.0,100,Buy,232908875
2024-08-20 09:36:56,41400.0,300,Buy,232908874
2024-08-20 09:36:56,41400.0,400,Buy,232908873
2024-08-20 09:36:56,41400.0,1200,Buy,232908872
2024-08-20 09:37:01,41400.0,900,Buy,232909040
2024-08-20 09:37:01,41400.0,2000,Buy,232909041
2024-08-20 09:37:14,41400.0,500,Sell,232909397
2024-08-20 09:37:14,41400.0,1000,Sell,232909398
2024-08-20 09:37:14,41400.0,500,Sell,232909399
2024-08-20 09:37:14,41400.0,900,Sell,232909400
2024-08-20 09:37:27,41450.0,1300,Buy,232909858
2024-08-20 09:37:27,41450.0,100,Buy,232909857
2024-08-20 09:37:27,41450.0,1000,Buy,232909856
2024-08-20 09:37:27,41450.0,1000,Buy,232909855
2024-08-20 09:37:27,41450.0,200,Buy,232909854
2024-08-20 09:37:27,41450.0,1000,Buy,232909853
2024-08-20 09:37:27,41450.0,1000,Buy,232909852
2024-08-20 09:37:27,41450.0,1000,Buy,232909850
2024-08-20 09:37:27,41450.0,500,Buy,232909851
2024-08-20 09:37:27,41450.0,400,Buy,232909848
2024-08-20 09:37:27,41450.0,100,Buy,232909849
2024-08-20 09:37:27,41450.0,200,Buy,232909842
2024-08-20 09:37:27,41450.0,500,Buy,232909843
2024-08-20 09:37:27,41450.0,1000,Buy,232909844
2024-08-20 09:37:27,41450.0,100,Buy,232909841
2024-08-20 09:37:27,41450.0,4200,Buy,232909846
2024-08-20 09:37:27,41450.0,1000,Buy,232909847
2024-08-20 09:37:27,41450.0,4400,Buy,232909840
2024-08-20 09:37:27,41450.0,3000,Buy,232909845
2024-08-20 09:37:28,41450.0,600,Buy,232909880
2024-08-20 09:37:39,41500.0,300,Buy,232910183
2024-08-20 09:37:39,41500.0,5700,Buy,232910182
2024-08-20 09:37:39,41500.0,400,Buy,232910181
2024-08-20 09:37:39,41500.0,100,Buy,232910180
2024-08-20 09:37:39,41500.0,200,Buy,232910179
2024-08-20 09:37:39,41500.0,2400,Buy,232910177
2024-08-20 09:37:39,41500.0,200,Buy,232910178
2024-08-20 09:37:39,41500.0,500,Buy,232910175
2024-08-20 09:37:39,41500.0,100,Buy,232910174
2024-08-20 09:37:39,41500.0,100,Buy,232910173
2024-08-20 09:37:39,41500.0,100,Buy,232910172
2024-08-20 09:37:39,41500.0,900,Buy,232910171
2024-08-20 09:37:39,41500.0,1400,Buy,232910170
2024-08-20 09:37:39,41500.0,1000,Buy,232910176
2024-08-20 09:37:40,41500.0,400,Buy,232910252
2024-08-20 09:37:40,41500.0,100,Buy,232910251
2024-08-20 09:37:40,41500.0,200,Buy,232910250
2024-08-20 09:37:40,41500.0,100,Buy,232910249
2024-08-20 09:37:40,41500.0,500,Buy,232910247
2024-08-20 09:37:40,41500.0,200,Buy,232910246
2024-08-20 09:37:40,41500.0,500,Buy,232910248
2024-08-20 09:37:41,41500.0,2000,Buy,232910305
2024-08-20 09:37:41,41500.0,100,Buy,232910304
2024-08-20 09:37:41,41500.0,100,Buy,232910303
2024-08-20 09:37:41,41500.0,3900,Buy,232910298
2024-08-20 09:37:41,41500.0,200,Buy,232910299
2024-08-20 09:37:41,41500.0,100,Buy,232910297
2024-08-20 09:37:41,41500.0,100,Buy,232910300
2024-08-20 09:37:41,41500.0,2000,Buy,232910295
2024-08-20 09:37:41,41500.0,100,Buy,232910296
2024-08-20 09:37:41,41500.0,600,Buy,232910289
2024-08-20 09:37:41,41500.0,100,Buy,232910290
2024-08-20 09:37:41,41500.0,100,Buy,232910294
2024-08-20 09:37:41,41500.0,2000,Buy,232910292
2024-08-20 09:37:41,41500.0,100,Buy,232910291
2024-08-20 09:37:41,41500.0,500,Buy,232910293
2024-08-20 09:37:44,41500.0,2300,Sell,232910402
2024-08-20 09:37:44,41500.0,400,Sell,232910403
2024-08-20 09:37:56,41500.0,400,Sell,232910825
2024-08-20 09:37:56,41500.0,100,Sell,232910826
2024-08-20 09:37:59,41550.0,100,Buy,232910958
2024-08-20 09:37:59,41550.0,100,Buy,232910959
2024-08-20 09:37:59,41550.0,100,Buy,232910960
2024-08-20 09:37:59,41550.0,200,Buy,232910961
2024-08-20 09:37:59,41550.0,1000,Buy,232910962
2024-08-20 09:37:59,41550.0,200,Buy,232910963
2024-08-20 09:37:59,41550.0,300,Buy,232910964
2024-08-20 09:38:05,41500.0,1900,Sell,232911183
2024-08-20 09:38:05,41500.0,800,Sell,232911184
2024-08-20 09:38:11,41500.0,200,Sell,232911350
2024-08-20 09:38:22,41500.0,300,Sell,232911732
2024-08-20 09:38:22,41500.0,200,Sell,232911731
2024-08-20 09:38:34,41500.0,300,Sell,232912151
2024-08-20 09:38:34,41500.0,200,Sell,232912149
2024-08-20 09:38:34,41500.0,500,Sell,232912150
2024-08-20 09:38:35,41500.0,700,Sell,232912171
2024-08-20 09:38:51,41500.0,1200,Sell,232912739
2024-08-20 09:38:51,41500.0,500,Sell,232912740
2024-08-20 09:39:01,41500.0,100,Buy,232913220
2024-08-20 09:39:04,41500.0,600,Buy,232913261
2024-08-20 09:39:18,41500.0,200,Buy,232913723
2024-08-20 09:39:23,41500.0,1000,Buy,232913867
2024-08-20 09:39:32,41500.0,500,Buy,232914099
2024-08-20 09:39:33,41500.0,3500,Buy,232914139
2024-08-20 09:39:48,41550.0,100,Buy,232914626
2024-08-20 09:39:48,41550.0,600,Buy,232914630
2024-08-20 09:39:48,41550.0,100,Buy,232914629
2024-08-20 09:39:48,41550.0,1000,Buy,232914628
2024-08-20 09:39:48,41550.0,1000,Buy,232914627
2024-08-20 09:39:48,41550.0,300,Buy,232914625
2024-08-20 09:39:48,41550.0,500,Buy,232914623
2024-08-20 09:39:48,41550.0,100,Buy,232914624
2024-08-20 09:39:48,41550.0,700,Buy,232914618
2024-08-20 09:39:48,41550.0,1000,Buy,232914619
2024-08-20 09:39:48,41550.0,2900,Buy,232914622
2024-08-20 09:39:48,41550.0,1000,Buy,232914621
2024-08-20 09:39:48,41550.0,100,Buy,232914620
2024-08-20 09:39:56,41500.0,1000,Buy,232914825
2024-08-20 09:40:04,41550.0,400,Buy,232915024
2024-08-20 09:40:04,41550.0,1600,Buy,232915025
2024-08-20 09:40:27,41550.0,100,Buy,232915616
2024-08-20 09:41:02,41550.0,800,Buy,232916511
2024-08-20 09:41:02,41550.0,200,Buy,232916512
2024-08-20 09:41:14,41550.0,100,Buy,232916812
2024-08-20 09:41:38,41550.0,1400,Buy,232917466
2024-08-20 09:41:38,41550.0,1600,Buy,232917465
2024-08-20 09:41:39,41550.0,100,Buy,232917484
2024-08-20 09:41:49,41550.0,900,Buy,232917737
2024-08-20 09:41:49,41550.0,100,Buy,232917738
2024-08-20 09:41:57,41550.0,1000,Buy,232917962
2024-08-20 09:41:57,41550.0,1000,Buy,232917961
2024-08-20 09:41:57,41550.0,3800,Buy,232917960
2024-08-20 09:41:57,41550.0,100,Buy,232917959
2024-08-20 09:41:57,41550.0,200,Buy,232917958
2024-08-20 09:41:57,41550.0,100,Buy,232917955
2024-08-20 09:41:57,41550.0,300,Buy,232917956
2024-08-20 09:41:57,41550.0,500,Buy,232917954
2024-08-20 09:41:57,41550.0,5700,Buy,232917953
2024-08-20 09:41:57,41550.0,500,Buy,232917957
2024-08-20 09:41:57,41550.0,800,Buy,232917952
2024-08-20 09:41:58,41550.0,100,Sell,232917964
2024-08-20 09:42:15,41550.0,200,Sell,232918473
2024-08-20 09:42:20,41550.0,200,Sell,232918614
2024-08-20 09:42:20,41550.0,3000,Sell,232918646
2024-08-20 09:42:31,41550.0,2000,Sell,232918910
2024-08-20 09:42:31,41550.0,1000,Sell,232918911
2024-08-20 09:42:35,41550.0,100,Sell,232919048
2024-08-20 09:42:46,41550.0,100,Sell,232919402
2024-08-20 09:43:00,41550.0,300,Sell,232919820
2024-08-20 09:43:00,41550.0,500,Sell,232919818
2024-08-20 09:43:01,41550.0,300,Sell,232919843
2024-08-20 09:43:25,41550.0,400,Sell,232920636
2024-08-20 09:43:26,41600.0,100,Buy,232920680
2024-08-20 09:43:57,41600.0,2000,Buy,232922133
2024-08-20 09:43:57,41600.0,500,Buy,232922132
2024-08-20 09:44:27,41550.0,1600,Sell,232922826
2024-08-20 09:44:27,41550.0,1400,Sell,232922827
2024-08-20 09:44:32,41600.0,100,Buy,232922953
2024-08-20 09:44:46,41600.0,200,Buy,232923323
2024-08-20 09:44:47,41550.0,2000,Sell,232923340
2024-08-20 09:44:48,41550.0,100,Sell,232923440
2024-08-20 09:44:53,41600.0,200,Buy,232923588
2024-08-20 09:45:01,41600.0,4600,Buy,232923853
2024-08-20 09:45:01,41600.0,100,Buy,232923852
2024-08-20 09:45:01,41600.0,1000,Buy,232923851
2024-08-20 09:45:01,41600.0,500,Buy,232923850
2024-08-20 09:45:01,41600.0,500,Buy,232923849
2024-08-20 09:45:01,41600.0,300,Buy,232923846
2024-08-20 09:45:01,41600.0,100,Buy,232923848
2024-08-20 09:45:01,41600.0,300,Buy,232923844
2024-08-20 09:45:01,41600.0,100,Buy,232923845
2024-08-20 09:45:01,41600.0,200,Buy,232923838
2024-08-20 09:45:01,41600.0,100,Buy,232923839
2024-08-20 09:45:01,41600.0,100,Buy,232923840
2024-08-20 09:45:01,41600.0,1000,Buy,232923847
2024-08-20 09:45:01,41600.0,500,Buy,232923842
2024-08-20 09:45:01,41600.0,500,Buy,232923843
2024-08-20 09:45:01,41600.0,100,Buy,232923841
2024-08-20 09:45:02,41600.0,400,Buy,232923889
2024-08-20 09:45:02,41600.0,800,Buy,232923890
2024-08-20 09:45:02,41600.0,100,Buy,232923892
2024-08-20 09:45:02,41600.0,500,Buy,232923893
2024-08-20 09:45:02,41600.0,100,Buy,232923894
2024-08-20 09:45:02,41600.0,200,Buy,232923895
2024-08-20 09:45:02,41600.0,200,Buy,232923896
2024-08-20 09:45:02,41600.0,2400,Buy,232923897
2024-08-20 09:45:02,41600.0,100,Buy,232923898
2024-08-20 09:45:02,41600.0,100,Buy,232923891
2024-08-20 09:45:05,41600.0,500,Buy,232923970
2024-08-20 09:45:06,41550.0,10000,Sell,232923989
2024-08-20 09:45:09,41600.0,500,Buy,232924054
2024-08-20 09:45:12,41600.0,100,Sell,232924115
2024-08-20 09:45:13,41600.0,300,Sell,232924133
2024-08-20 09:45:13,41600.0,200,Sell,232924132
2024-08-20 09:45:21,41600.0,100,Sell,232924309
2024-08-20 09:45:32,41600.0,100,Sell,232924584
2024-08-20 09:45:40,41600.0,1600,Sell,232924766
2024-08-20 09:45:40,41600.0,400,Sell,232924767
2024-08-20 09:45:40,41650.0,100,Buy,232924768
2024-08-20 09:45:52,41600.0,600,Sell,232925052
2024-08-20 09:46:12,41600.0,100,Sell,232925564
2024-08-20 09:46:12,41600.0,100,Sell,232925565
2024-08-20 09:46:12,41600.0,100,Sell,232925566
2024-08-20 09:46:13,41600.0,100,Sell,232925589
2024-08-20 09:46:22,41600.0,1500,Sell,232925834
2024-08-20 09:46:56,41550.0,10000,Sell,232926824
2024-08-20 09:47:03,41550.0,6500,Sell,232926989
2024-08-20 09:47:03,41550.0,100,Sell,232926990
2024-08-20 09:47:08,41550.0,100,Sell,232927134
2024-08-20 09:47:08,41550.0,400,Sell,232927156
2024-08-20 09:47:14,41550.0,200,Sell,232927333
2024-08-20 09:47:14,41550.0,200,Sell,232927331
2024-08-20 09:47:14,41550.0,100,Sell,232927332
2024-08-20 09:47:15,41550.0,200,Sell,232927381
2024-08-20 09:47:30,41550.0,400,Sell,232927819
2024-08-20 09:47:30,41550.0,100,Sell,232927820
2024-08-20 09:47:30,41550.0,1500,Sell,232927821
2024-08-20 09:47:37,41550.0,1000,Sell,232928018
2024-08-20 09:47:37,41550.0,100,Sell,232928019
2024-08-20 09:47:37,41550.0,700,Sell,232928020
2024-08-20 09:47:37,41550.0,100,Sell,232928021
2024-08-20 09:47:52,41550.0,100,Buy,232928497
2024-08-20 09:48:13,41550.0,1800,Buy,232928942
2024-08-20 09:48:13,41550.0,8000,Buy,232928940
2024-08-20 09:48:13,41550.0,200,Buy,232928941
2024-08-20 09:48:37,41500.0,100,Sell,232929734
2024-08-20 09:48:42,41500.0,100,Sell,232929857
2024-08-20 09:48:46,41500.0,700,Sell,232929958
2024-08-20 09:49:01,41500.0,900,Sell,232930272
2024-08-20 09:49:05,41500.0,100,Sell,232930396
2024-08-20 09:49:05,41550.0,1500,Buy,232930397
2024-08-20 09:49:16,41500.0,100,Sell,232930657
2024-08-20 09:50:05,41550.0,100,Buy,232932295
2024-08-20 09:50:10,41500.0,200,Sell,232932483
2024-08-20 09:50:10,41500.0,200,Sell,232932484
2024-08-20 09:50:10,41500.0,100,Sell,232932485
2024-08-20 09:50:10,41500.0,600,Sell,232932486
2024-08-20 09:50:10,41500.0,800,Sell,232932482
2024-08-20 09:50:46,41500.0,500,Sell,232933803
2024-08-20 09:51:09,41500.0,100,Sell,232934738
2024-08-20 09:51:53,41500.0,300,Sell,232935975
2024-08-20 09:52:20,41500.0,200,Sell,232936798
2024-08-20 09:52:20,41500.0,100,Sell,232936797
2024-08-20 09:52:20,41500.0,100,Sell,232936796
2024-08-20 09:52:20,41500.0,100,Sell,232936794
2024-08-20 09:52:20,41500.0,200,Sell,232936793
2024-08-20 09:52:20,41500.0,2500,Sell,232936792
2024-08-20 09:52:20,41500.0,100,Sell,232936795
2024-08-20 09:52:25,41550.0,100,Buy,232936983
2024-08-20 09:52:32,41500.0,100,Sell,232937216
2024-08-20 09:52:54,41500.0,1000,Sell,232938081
2024-08-20 09:52:54,41500.0,1200,Sell,232938082
2024-08-20 09:52:54,41500.0,1100,Sell,232938080
2024-08-20 09:52:54,41500.0,100,Sell,232938079
2024-08-20 09:52:54,41500.0,400,Sell,232938074
2024-08-20 09:52:54,41500.0,900,Sell,232938077
2024-08-20 09:52:54,41500.0,3000,Sell,232938076
2024-08-20 09:52:54,41500.0,200,Sell,232938075
2024-08-20 09:52:54,41500.0,400,Sell,232938078
2024-08-20 09:53:26,41500.0,200,Sell,232938956
2024-08-20 09:53:36,41500.0,1000,Sell,232939317
2024-08-20 09:53:36,41500.0,300,Sell,232939318
2024-08-20 09:53:36,41500.0,400,Sell,232939315
2024-08-20 09:53:36,41500.0,3100,Sell,232939314
2024-08-20 09:53:36,41500.0,200,Sell,232939316
2024-08-20 09:53:47,41550.0,500,Buy,232939686
2024-08-20 09:53:47,41550.0,500,Buy,232939685
2024-08-20 09:53:56,41550.0,100,Buy,232939969
2024-08-20 09:53:57,41550.0,3000,Buy,232939999
2024-08-20 09:54:07,41550.0,1000,Buy,232940199
2024-08-20 09:54:09,41550.0,4200,Buy,232940221
2024-08-20 09:54:10,41550.0,4100,Buy,232940234
2024-08-20 09:54:11,41550.0,4100,Buy,232940246
2024-08-20 09:54:15,41550.0,500,Buy,232940374
2024-08-20 09:54:17,41550.0,100,Buy,232940404
2024-08-20 09:54:17,41550.0,200,Buy,232940403
2024-08-20 09:54:17,41550.0,2500,Buy,232940400
2024-08-20 09:54:17,41550.0,500,Buy,232940401
2024-08-20 09:54:17,41550.0,800,Buy,232940402
2024-08-20 09:54:19,41550.0,500,Buy,232940489
2024-08-20 09:54:19,41550.0,400,Buy,232940490
2024-08-20 09:54:19,41550.0,6000,Buy,232940491
2024-08-20 09:54:19,41550.0,5000,Buy,232940492
2024-08-20 09:54:19,41550.0,1000,Buy,232940493
2024-08-20 09:54:19,41550.0,3000,Buy,232940494
2024-08-20 09:54:19,41550.0,1000,Buy,232940495
2024-08-20 09:54:22,41550.0,100,Sell,232940531
2024-08-20 09:54:31,41600.0,100,Buy,232940970
2024-08-20 09:54:34,41550.0,200,Sell,232941044
2024-08-20 09:54:42,41600.0,2000,Buy,232941207
2024-08-20 09:54:49,41600.0,1100,Buy,232941376
2024-08-20 09:54:49,41600.0,3000,Buy,232941375
2024-08-20 09:54:49,41600.0,100,Buy,232941374
2024-08-20 09:54:49,41600.0,100,Buy,232941373
2024-08-20 09:54:49,41600.0,500,Buy,232941372
2024-08-20 09:54:49,41600.0,100,Buy,232941371
2024-08-20 09:54:49,41600.0,100,Buy,232941370
2024-08-20 09:54:49,41600.0,3000,Buy,232941367
2024-08-20 09:54:49,41600.0,20000,Buy,232941368
2024-08-20 09:54:49,41600.0,500,Buy,232941366
2024-08-20 09:54:49,41600.0,100,Buy,232941365
2024-08-20 09:54:49,41600.0,500,Buy,232941364
2024-08-20 09:54:49,41600.0,2400,Buy,232941363
2024-08-20 09:54:49,41600.0,100,Buy,232941362
2024-08-20 09:54:49,41600.0,6400,Buy,232941361
2024-08-20 09:54:49,41600.0,2000,Buy,232941369
2024-08-20 09:54:51,41600.0,1000,Buy,232941396
2024-08-20 09:54:51,41600.0,800,Buy,232941395
2024-08-20 09:54:55,41650.0,500,Buy,232941493
2024-08-20 09:54:55,41650.0,18400,Buy,232941498
2024-08-20 09:54:55,41650.0,300,Buy,232941497
2024-08-20 09:54:55,41650.0,500,Buy,232941496
2024-08-20 09:54:55,41650.0,400,Buy,232941495
2024-08-20 09:54:55,41650.0,100,Buy,232941494
2024-08-20 09:54:55,41650.0,500,Buy,232941492
2024-08-20 09:54:55,41650.0,700,Buy,232941491
2024-08-20 09:54:55,41650.0,5600,Buy,232941490
2024-08-20 09:54:55,41650.0,100,Buy,232941489
2024-08-20 09:54:55,41650.0,500,Buy,232941488
2024-08-20 09:54:55,41650.0,200,Buy,232941487
2024-08-20 09:54:55,41650.0,200,Buy,232941486
2024-08-20 09:54:55,41650.0,100,Buy,232941485
2024-08-20 09:54:55,41650.0,1900,Buy,232941484
2024-08-20 09:54:56,41650.0,200,Buy,232941535
2024-08-20 09:54:56,41650.0,100,Buy,232941534
2024-08-20 09:54:56,41650.0,600,Buy,232941533
2024-08-20 09:54:56,41650.0,200,Buy,232941532
2024-08-20 09:54:56,41650.0,500,Buy,232941531
2024-08-20 09:54:56,41650.0,800,Buy,232941530
2024-08-20 09:54:56,41650.0,500,Buy,232941529
2024-08-20 09:54:56,41650.0,500,Buy,232941528
2024-08-20 09:54:56,41650.0,1600,Buy,232941527
2024-08-20 09:55:03,41700.0,4500,Buy,232941710
2024-08-20 09:55:03,41700.0,1200,Buy,232941709
2024-08-20 09:55:03,41700.0,1000,Buy,232941708
2024-08-20 09:55:03,41700.0,500,Buy,232941707
2024-08-20 09:55:03,41700.0,1800,Buy,232941706
2024-08-20 09:55:03,41700.0,500,Buy,232941701
2024-08-20 09:55:03,41700.0,400,Buy,232941702
2024-08-20 09:55:03,41700.0,100,Buy,232941700
2024-08-20 09:55:03,41700.0,300,Buy,232941699
2024-08-20 09:55:03,41700.0,100,Buy,232941698
2024-08-20 09:55:03,41700.0,1000,Buy,232941705
2024-08-20 09:55:06,41700.0,500,Buy,232941774
2024-08-20 09:55:06,41700.0,100,Buy,232941775
2024-08-20 09:55:06,41700.0,100,Buy,232941776
2024-08-20 09:55:06,41700.0,500,Buy,232941777
2024-08-20 09:55:06,41700.0,300,Buy,232941778
2024-08-20 09:55:06,41700.0,100,Buy,232941779
2024-08-20 09:55:06,41700.0,100,Buy,232941780
2024-08-20 09:55:06,41700.0,100,Buy,232941781
2024-08-20 09:55:06,41700.0,100,Buy,232941782
2024-08-20 09:55:07,41700.0,500,Buy,232941783
2024-08-20 09:55:16,41750.0,200,Buy,232941998
2024-08-20 09:55:16,41750.0,2000,Buy,232941999
2024-08-20 09:55:16,41750.0,100,Buy,232941996
2024-08-20 09:55:16,41750.0,500,Buy,232941995
2024-08-20 09:55:16,41750.0,200,Buy,232941997
2024-08-20 09:55:20,41750.0,100,Buy,232942081
2024-08-20 09:55:20,41750.0,100,Buy,232942082
2024-08-20 09:55:20,41750.0,1000,Buy,232942083
2024-08-20 09:55:20,41750.0,3000,Buy,232942084
2024-08-20 09:55:20,41750.0,100,Buy,232942085
2024-08-20 09:55:20,41750.0,700,Buy,232942086
2024-08-20 09:55:48,41750.0,300,Buy,232942784
2024-08-20 09:55:52,41750.0,500,Buy,232943042
2024-08-20 09:55:52,41750.0,100,Buy,232943041
2024-08-20 09:55:52,41750.0,100,Buy,232943040
2024-08-20 09:55:52,41750.0,200,Buy,232943038
2024-08-20 09:55:52,41750.0,100,Buy,232943037
2024-08-20 09:55:52,41750.0,1000,Buy,232943036
2024-08-20 09:55:52,41750.0,500,Buy,232943039
2024-08-20 09:55:59,41800.0,100,Buy,232943254
2024-08-20 09:55:59,41800.0,900,Buy,232943259
2024-08-20 09:55:59,41800.0,100,Buy,232943258
2024-08-20 09:55:59,41800.0,100,Buy,232943257
2024-08-20 09:55:59,41800.0,100,Buy,232943256
2024-08-20 09:55:59,41800.0,100,Buy,232943255
2024-08-20 09:55:59,41800.0,500,Buy,232943253
2024-08-20 09:55:59,41800.0,100,Buy,232943249
2024-08-20 09:55:59,41800.0,1000,Buy,232943251
2024-08-20 09:55:59,41800.0,100,Buy,232943250
2024-08-20 09:55:59,41800.0,100,Buy,232943248
2024-08-20 09:55:59,41800.0,500,Buy,232943247
2024-08-20 09:55:59,41800.0,1000,Buy,232943246
2024-08-20 09:55:59,41800.0,100,Buy,232943245
2024-08-20 09:55:59,41800.0,200,Buy,232943252
2024-08-20 09:56:01,41800.0,100,Buy,232943289
2024-08-20 09:56:01,41800.0,500,Buy,232943288
2024-08-20 09:56:01,41800.0,100,Buy,232943286
2024-08-20 09:56:01,41800.0,300,Buy,232943285
2024-08-20 09:56:01,41800.0,100,Buy,232943284
2024-08-20 09:56:01,41800.0,100,Buy,232943287
2024-08-20 09:56:06,41850.0,3000,Buy,232943449
2024-08-20 09:56:06,41850.0,300,Buy,232943451
2024-08-20 09:56:06,41850.0,100,Buy,232943450
2024-08-20 09:56:06,41850.0,500,Buy,232943448
2024-08-20 09:56:06,41850.0,100,Buy,232943447
2024-08-20 09:56:06,41850.0,500,Buy,232943446
2024-08-20 09:56:06,41850.0,200,Buy,232943445
2024-08-20 09:56:06,41850.0,200,Buy,232943444
2024-08-20 09:56:06,41850.0,5000,Buy,232943443
2024-08-20 09:56:06,41850.0,100,Buy,232943442
2024-08-20 09:56:10,41800.0,1600,Sell,232943559
2024-08-20 09:56:10,41800.0,1200,Sell,232943560
2024-08-20 09:56:10,41800.0,200,Sell,232943561
2024-08-20 09:56:30,41850.0,300,Buy,232944148
2024-08-20 09:56:30,41800.0,200,Sell,232944135
2024-08-20 09:56:30,41800.0,100,Sell,232944133
2024-08-20 09:56:30,41800.0,300,Sell,232944132
2024-08-20 09:56:30,41800.0,400,Sell,232944134
2024-08-20 09:56:31,41850.0,100,Buy,232944168
2024-08-20 09:56:37,41850.0,100,Buy,232944334
2024-08-20 09:56:37,41850.0,100,Buy,232944335
2024-08-20 09:56:44,41850.0,100,Buy,232944525
2024-08-20 09:56:53,41850.0,100,Buy,232944732
2024-08-20 09:56:53,41850.0,100,Buy,232944733
2024-08-20 09:56:53,41850.0,100,Buy,232944734
2024-08-20 09:56:53,41850.0,100,Buy,232944735
2024-08-20 09:56:55,41800.0,800,Sell,232944797
2024-08-20 09:56:55,41800.0,100,Sell,232944795
2024-08-20 09:56:55,41800.0,700,Sell,232944796
2024-08-20 09:56:59,41850.0,400,Buy,232944860
2024-08-20 09:56:59,41900.0,100,Buy,232944861
2024-08-20 09:56:59,41900.0,200,Buy,232944862
2024-08-20 09:57:05,41850.0,100,Buy,232945043
2024-08-20 09:57:05,41850.0,100,Buy,232945044
2024-08-20 09:57:20,41850.0,500,Sell,232945532
2024-08-20 09:57:34,41850.0,200,Sell,232945868
2024-08-20 09:57:35,41850.0,100,Sell,232945882
2024-08-20 09:57:40,41900.0,200,Buy,232946191
2024-08-20 09:57:41,41850.0,500,Sell,232946215
2024-08-20 09:57:47,41850.0,100,Sell,232946334
2024-08-20 09:57:47,41850.0,100,Sell,232946350
2024-08-20 09:57:59,41900.0,600,Buy,232946718
2024-08-20 09:57:59,41900.0,100,Buy,232946719
2024-08-20 09:58:10,41900.0,100,Buy,232947064
2024-08-20 09:58:18,41850.0,200,Sell,232947406
2024-08-20 09:58:27,41850.0,3500,Sell,232947709
2024-08-20 09:58:27,41850.0,100,Sell,232947707
2024-08-20 09:58:27,41850.0,1000,Sell,232947708
2024-08-20 09:58:27,41850.0,1100,Sell,232947706
2024-08-20 09:58:36,41900.0,100,Buy,232947940
2024-08-20 09:58:36,41900.0,100,Buy,232947941
2024-08-20 09:58:39,41900.0,100,Buy,232947975
2024-08-20 09:58:39,41900.0,100,Buy,232947974
2024-08-20 09:58:39,41900.0,4000,Buy,232947976
2024-08-20 09:58:39,41900.0,100,Buy,232947972
2024-08-20 09:58:39,41900.0,100,Buy,232947971
2024-08-20 09:58:39,41900.0,100,Buy,232947970
2024-08-20 09:58:39,41900.0,500,Buy,232947973
2024-08-20 09:58:45,41850.0,100,Sell,232948051
2024-08-20 09:58:47,41850.0,100,Sell,232948236
2024-08-20 09:58:53,41850.0,200,Sell,232948426
2024-08-20 09:58:57,41900.0,100,Buy,232948604
2024-08-20 09:59:19,41850.0,100,Sell,232949320
2024-08-20 09:59:19,41850.0,100,Sell,232949321
2024-08-20 09:59:29,41850.0,100,Sell,232949556
2024-08-20 09:59:38,41900.0,100,Buy,232949785
2024-08-20 09:59:38,41900.0,900,Buy,232949784
2024-08-20 09:59:39,41850.0,500,Sell,232949791
2024-08-20 09:59:41,41850.0,500,Sell,232949810
2024-08-20 09:59:48,41850.0,100,Sell,232950004
2024-08-20 09:59:53,41850.0,4700,Sell,232950110
2024-08-20 09:59:53,41850.0,600,Sell,232950111
2024-08-20 09:59:54,41900.0,100,Buy,232950203
2024-08-20 10:00:06,41900.0,3600,Buy,232950474
2024-08-20 10:00:06,41900.0,5000,Buy,232950475
2024-08-20 10:00:06,41900.0,500,Buy,232950476
2024-08-20 10:00:06,41900.0,100,Buy,232950479
2024-08-20 10:00:06,41900.0,100,Buy,232950480
2024-08-20 10:00:06,41900.0,200,Buy,232950473
2024-08-20 10:00:06,41900.0,100,Buy,232950482
2024-08-20 10:00:06,41900.0,200,Buy,232950483
2024-08-20 10:00:06,41900.0,500,Buy,232950484
2024-08-20 10:00:06,41900.0,500,Buy,232950485
2024-08-20 10:00:06,41900.0,500,Buy,232950486
2024-08-20 10:00:06,41900.0,100,Buy,232950487
2024-08-20 10:00:06,41900.0,1000,Buy,232950481
2024-08-20 10:00:06,41900.0,1500,Buy,232950472
2024-08-20 10:00:06,41900.0,2000,Buy,232950478
2024-08-20 10:00:06,41900.0,500,Buy,232950470
2024-08-20 10:00:06,41900.0,500,Buy,232950471
2024-08-20 10:00:06,41900.0,100,Buy,232950456
2024-08-20 10:00:06,41900.0,200,Buy,232950457
2024-08-20 10:00:06,41900.0,100,Buy,232950458
2024-08-20 10:00:06,41900.0,2000,Buy,232950459
2024-08-20 10:00:06,41900.0,5700,Buy,232950460
2024-08-20 10:00:06,41900.0,500,Buy,232950461
2024-08-20 10:00:06,41900.0,100,Buy,232950462
2024-08-20 10:00:06,41900.0,1000,Buy,232950477
2024-08-20 10:00:06,41900.0,100,Buy,232950464
2024-08-20 10:00:06,41900.0,200,Buy,232950465
2024-08-20 10:00:06,41900.0,200,Buy,232950463
2024-08-20 10:00:06,41900.0,500,Buy,232950466
2024-08-20 10:00:06,41900.0,1900,Buy,232950467
2024-08-20 10:00:06,41900.0,100,Buy,232950468
2024-08-20 10:00:06,41900.0,500,Buy,232950469
2024-08-20 10:00:07,41950.0,1600,Buy,232950528
2024-08-20 10:00:07,41950.0,100,Buy,232950527
2024-08-20 10:00:07,41950.0,100,Buy,232950525
2024-08-20 10:00:07,41950.0,400,Buy,232950524
2024-08-20 10:00:07,41950.0,100,Buy,232950526
2024-08-20 10:00:08,41950.0,100,Buy,232950539
2024-08-20 10:00:08,41950.0,500,Buy,232950546
2024-08-20 10:00:08,41950.0,1000,Buy,232950545
2024-08-20 10:00:08,41950.0,2000,Buy,232950544
2024-08-20 10:00:08,41950.0,100,Buy,232950543
2024-08-20 10:00:08,41950.0,200,Buy,232950542
2024-08-20 10:00:08,41950.0,1000,Buy,232950541
2024-08-20 10:00:08,41950.0,200,Buy,232950538
2024-08-20 10:00:08,41950.0,2000,Buy,232950540
2024-08-20 10:00:08,41950.0,1000,Buy,232950536
2024-08-20 10:00:08,41950.0,1300,Buy,232950535
2024-08-20 10:00:08,41950.0,100,Buy,232950534
2024-08-20 10:00:08,41950.0,2000,Buy,232950533
2024-08-20 10:00:08,41950.0,100,Buy,232950532
2024-08-20 10:00:08,41950.0,2000,Buy,232950531
2024-08-20 10:00:08,41950.0,200,Buy,232950530
2024-08-20 10:00:08,41950.0,400,Buy,232950529
2024-08-20 10:00:08,41950.0,700,Buy,232950537
2024-08-20 10:00:16,42000.0,100,Buy,232950799
2024-08-20 10:00:16,42000.0,100,Buy,232950798
2024-08-20 10:00:16,42000.0,100,Buy,232950796
2024-08-20 10:00:16,42000.0,500,Buy,232950795
2024-08-20 10:00:16,42000.0,200,Buy,232950794
2024-08-20 10:00:16,42000.0,100,Buy,232950793
2024-08-20 10:00:16,42000.0,9900,Buy,232950789
2024-08-20 10:00:16,42000.0,3500,Buy,232950791
2024-08-20 10:00:16,42000.0,100,Buy,232950790
2024-08-20 10:00:16,42000.0,100,Buy,232950788
2024-08-20 10:00:16,42000.0,100,Buy,232950787
2024-08-20 10:00:16,42000.0,1000,Buy,232950786
2024-08-20 10:00:16,42000.0,100,Buy,232950785
2024-08-20 10:00:16,42000.0,100,Buy,232950800
2024-08-20 10:00:16,42000.0,100,Buy,232950792
2024-08-20 10:00:16,42000.0,500,Buy,232950801
2024-08-20 10:00:16,42000.0,100,Buy,232950815
2024-08-20 10:00:16,42000.0,1000,Buy,232950803
2024-08-20 10:00:16,42000.0,100,Buy,232950818
2024-08-20 10:00:16,42000.0,200,Buy,232950817
2024-08-20 10:00:16,42000.0,100,Buy,232950816
2024-08-20 10:00:16,42000.0,100,Buy,232950784
2024-08-20 10:00:16,42000.0,200,Buy,232950814
2024-08-20 10:00:16,42000.0,100,Buy,232950813
2024-08-20 10:00:16,42000.0,100,Buy,232950812
2024-08-20 10:00:16,42000.0,100,Buy,232950811
2024-08-20 10:00:16,42000.0,300,Buy,232950810
2024-08-20 10:00:16,42000.0,10000,Buy,232950809
2024-08-20 10:00:16,42000.0,3000,Buy,232950808
2024-08-20 10:00:16,42000.0,100,Buy,232950807
2024-08-20 10:00:16,42000.0,300,Buy,232950806
2024-08-20 10:00:16,42000.0,100,Buy,232950805
2024-08-20 10:00:16,42000.0,2000,Buy,232950804
2024-08-20 10:00:16,42000.0,100,Buy,232950802
2024-08-20 10:00:16,42000.0,1200,Buy,232950783
2024-08-20 10:00:16,42000.0,200,Buy,232950797
2024-08-20 10:00:16,42000.0,500,Buy,232950781
2024-08-20 10:00:16,42000.0,100,Buy,232950758
2024-08-20 10:00:16,42000.0,2000,Buy,232950756
2024-08-20 10:00:16,42000.0,200,Buy,232950755
2024-08-20 10:00:16,42000.0,3000,Buy,232950754
2024-08-20 10:00:16,42000.0,200,Buy,232950753
2024-08-20 10:00:16,42000.0,100,Buy,232950752
2024-08-20 10:00:16,42000.0,500,Buy,232950751
2024-08-20 10:00:16,42000.0,1000,Buy,232950750
2024-08-20 10:00:16,42000.0,1000,Buy,232950749
2024-08-20 10:00:16,42000.0,300,Buy,232950748
2024-08-20 10:00:16,42000.0,200,Buy,232950747
2024-08-20 10:00:16,42000.0,300,Buy,232950746
2024-08-20 10:00:16,42000.0,100,Buy,232950745
2024-08-20 10:00:16,42000.0,1000,Buy,232950744
2024-08-20 10:00:16,42000.0,200,Buy,232950782
2024-08-20 10:00:16,42000.0,100,Buy,232950759
2024-08-20 10:00:16,42000.0,100,Buy,232950760
2024-08-20 10:00:16,42000.0,500,Buy,232950757
2024-08-20 10:00:16,42000.0,1200,Buy,232950762
2024-08-20 10:00:16,42000.0,5000,Buy,232950780
2024-08-20 10:00:16,42000.0,100,Buy,232950779
2024-08-20 10:00:16,42000.0,100,Buy,232950778
2024-08-20 10:00:16,42000.0,100,Buy,232950777
2024-08-20 10:00:16,42000.0,200,Buy,232950776
2024-08-20 10:00:16,42000.0,100,Buy,232950761
2024-08-20 10:00:16,42000.0,500,Buy,232950774
2024-08-20 10:00:16,42000.0,100,Buy,232950773
2024-08-20 10:00:16,42000.0,200,Buy,232950775
2024-08-20 10:00:16,42000.0,800,Buy,232950771
2024-08-20 10:00:16,42000.0,10000,Buy,232950770
2024-08-20 10:00:16,42000.0,3100,Buy,232950769
2024-08-20 10:00:16,42000.0,100,Buy,232950768
2024-08-20 10:00:16,42000.0,500,Buy,232950765
2024-08-20 10:00:16,42000.0,100,Buy,232950764
2024-08-20 10:00:16,42000.0,300,Buy,232950763
2024-08-20 10:00:16,42000.0,100,Buy,232950772
2024-08-20 10:00:17,42000.0,100,Buy,232950845
2024-08-20 10:00:17,41950.0,200,Sell,232950856
2024-08-20 10:00:17,42000.0,200,Buy,232950852
2024-08-20 10:00:17,42000.0,100,Buy,232950851
2024-08-20 10:00:17,42000.0,500,Buy,232950850
2024-08-20 10:00:17,42000.0,2000,Buy,232950848
2024-08-20 10:00:17,42000.0,500,Buy,232950847
2024-08-20 10:00:17,42000.0,200,Buy,232950844
2024-08-20 10:00:17,42000.0,100,Buy,232950846
2024-08-20 10:00:17,42000.0,1000,Buy,232950842
2024-08-20 10:00:17,42000.0,1900,Buy,232950835
2024-08-20 10:00:17,42000.0,2000,Buy,232950836
2024-08-20 10:00:17,42000.0,1000,Buy,232950837
2024-08-20 10:00:17,42000.0,100,Buy,232950843
2024-08-20 10:00:17,42000.0,1000,Buy,232950839
2024-08-20 10:00:17,42000.0,100,Buy,232950840
2024-08-20 10:00:17,42000.0,500,Buy,232950841
2024-08-20 10:00:17,42000.0,200,Buy,232950838
2024-08-20 10:00:20,41950.0,1700,Sell,232950937
2024-08-20 10:00:20,41950.0,200,Sell,232950938
2024-08-20 10:00:20,41950.0,300,Sell,232950944
2024-08-20 10:00:22,42000.0,100,Buy,232950979
2024-08-20 10:00:22,42000.0,100,Buy,232950978
2024-08-20 10:00:22,42000.0,1400,Buy,232950977
2024-08-20 10:00:23,42050.0,1800,Buy,232950992
2024-08-20 10:00:24,42050.0,100,Buy,232951056
2024-08-20 10:00:27,42000.0,100,Sell,232951223
2024-08-20 10:00:28,42000.0,100,Sell,232951257
2024-08-20 10:00:32,42050.0,200,Buy,232951335
2024-08-20 10:00:34,42000.0,100,Sell,232951371
2024-08-20 10:00:37,42000.0,1000,Sell,232951471
2024-08-20 10:00:39,42000.0,100,Sell,232951517
2024-08-20 10:00:44,42000.0,100,Sell,232951600
2024-08-20 10:00:46,42000.0,800,Sell,232951662
2024-08-20 10:00:47,42000.0,100,Sell,232951667
2024-08-20 10:00:48,42000.0,100,Sell,232951695
2024-08-20 10:00:50,42000.0,600,Sell,232951741
2024-08-20 10:00:50,42000.0,100,Sell,232951742
2024-08-20 10:00:50,42000.0,2000,Sell,232951743
2024-08-20 10:00:50,42000.0,600,Sell,232951744
2024-08-20 10:00:52,42050.0,7300,Buy,232951798
2024-08-20 10:00:52,42050.0,100,Buy,232951796
2024-08-20 10:00:52,42050.0,1000,Buy,232951795
2024-08-20 10:00:52,42050.0,100,Buy,232951797
2024-08-20 10:00:52,42050.0,1000,Buy,232951793
2024-08-20 10:00:52,42050.0,7900,Buy,232951792
2024-08-20 10:00:52,42000.0,100,Buy,232951791
2024-08-20 10:00:52,42000.0,2400,Buy,232951790
2024-08-20 10:00:52,42050.0,100,Buy,232951794
2024-08-20 10:00:54,42000.0,200,Buy,232951856
2024-08-20 10:00:54,42050.0,2700,Buy,232951857
2024-08-20 10:00:54,42050.0,100,Buy,232951858
2024-08-20 10:00:54,42050.0,100,Buy,232951859
2024-08-20 10:00:54,42050.0,1000,Buy,232951860
2024-08-20 10:00:56,42050.0,100,Sell,232951907
2024-08-20 10:00:57,42050.0,100,Sell,232951934
2024-08-20 10:01:01,42050.0,100,Sell,232952080
2024-08-20 10:01:05,42100.0,400,Buy,232952198
2024-08-20 10:01:05,42050.0,2900,Sell,232952211
2024-08-20 10:01:05,42050.0,1500,Sell,232952196
2024-08-20 10:01:05,42100.0,100,Buy,232952197
2024-08-20 10:01:08,42100.0,10000,Buy,232952258
2024-08-20 10:01:08,42100.0,100,Sell,232952271
2024-08-20 10:01:08,42100.0,100,Buy,232952270
2024-08-20 10:01:08,42100.0,5000,Buy,232952269
2024-08-20 10:01:08,42100.0,5000,Buy,232952268
2024-08-20 10:01:08,42100.0,500,Buy,232952266
2024-08-20 10:01:08,42100.0,100,Buy,232952265
2024-08-20 10:01:08,42100.0,100,Buy,232952267
2024-08-20 10:01:08,42100.0,200,Buy,232952263
2024-08-20 10:01:08,42100.0,5000,Buy,232952262
2024-08-20 10:01:08,42100.0,300,Buy,232952261
2024-08-20 10:01:08,42100.0,200,Buy,232952260
2024-08-20 10:01:08,42100.0,1000,Buy,232952259
2024-08-20 10:01:08,42100.0,100,Buy,232952264
2024-08-20 10:01:08,42100.0,700,Buy,232952257
2024-08-20 10:01:11,42150.0,100,Buy,232952332
2024-08-20 10:01:13,42100.0,500,Sell,232952380
2024-08-20 10:01:14,42150.0,5000,Buy,232952386
2024-08-20 10:01:15,42100.0,200,Sell,232952426
2024-08-20 10:01:16,42100.0,200,Sell,232952437
2024-08-20 10:01:20,42100.0,300,Sell,232952499
2024-08-20 10:01:20,42100.0,500,Sell,232952503
2024-08-20 10:01:20,42100.0,700,Sell,232952498
2024-08-20 10:01:22,42100.0,800,Sell,232952528
2024-08-20 10:01:22,42050.0,200,Sell,232952529
2024-08-20 10:01:24,42100.0,5700,Sell,232952608
2024-08-20 10:01:25,42100.0,100,Sell,232952642
2024-08-20 10:01:34,42100.0,500,Sell,232952902
2024-08-20 10:01:34,42150.0,400,Buy,232952920
2024-08-20 10:01:42,42150.0,200,Buy,232953129
2024-08-20 10:01:42,42150.0,500,Buy,232953130
2024-08-20 10:01:42,42150.0,100,Buy,232953131
2024-08-20 10:01:42,42150.0,100,Buy,232953135
2024-08-20 10:01:42,42150.0,100,Buy,232953133
2024-08-20 10:01:42,42150.0,1000,Buy,232953134
2024-08-20 10:01:42,42150.0,100,Buy,232953132
2024-08-20 10:01:42,42150.0,500,Buy,232953126
2024-08-20 10:01:42,42150.0,1000,Buy,232953128
2024-08-20 10:01:42,42150.0,1000,Buy,232953127
2024-08-20 10:01:42,42150.0,4500,Buy,232953117
2024-08-20 10:01:42,42150.0,500,Buy,232953118
2024-08-20 10:01:42,42150.0,100,Buy,232953119
2024-08-20 10:01:42,42150.0,500,Buy,232953120
2024-08-20 10:01:42,42150.0,200,Buy,232953125
2024-08-20 10:01:42,42150.0,1000,Buy,232953122
2024-08-20 10:01:42,42150.0,100,Buy,232953123
2024-08-20 10:01:42,42150.0,100,Buy,232953124
2024-08-20 10:01:42,42150.0,100,Buy,232953121
2024-08-20 10:01:44,42150.0,100,Sell,232953159
2024-08-20 10:01:47,42150.0,1000,Sell,232953266
2024-08-20 10:01:51,42150.0,200,Sell,232953455
2024-08-20 10:01:51,42150.0,100,Sell,232953513
2024-08-20 10:01:54,42150.0,1200,Sell,232953579
2024-08-20 10:01:59,42150.0,5000,Sell,232953667
2024-08-20 10:02:00,42200.0,100,Buy,232953696
2024-08-20 10:02:00,42200.0,200,Buy,232953697
2024-08-20 10:02:00,42200.0,3700,Buy,232953698
2024-08-20 10:02:00,42200.0,500,Buy,232953732
2024-08-20 10:02:01,42150.0,100,Sell,232953753
2024-08-20 10:02:01,42150.0,1600,Sell,232953751
2024-08-20 10:02:01,42150.0,700,Sell,232953750
2024-08-20 10:02:01,42150.0,200,Sell,232953752
2024-08-20 10:02:05,42150.0,1000,Buy,232953844
2024-08-20 10:02:05,42150.0,500,Buy,232953848
2024-08-20 10:02:16,42150.0,1600,Buy,232954141
2024-08-20 10:02:16,42150.0,500,Buy,232954142
2024-08-20 10:02:16,42150.0,1000,Buy,232954143
2024-08-20 10:02:16,42150.0,2900,Buy,232954144
2024-08-20 10:02:16,42100.0,1000,Sell,232954159
2024-08-20 10:02:18,42150.0,100,Buy,232954209
2024-08-20 10:02:18,42150.0,100,Buy,232954208
2024-08-20 10:02:18,42150.0,200,Buy,232954207
2024-08-20 10:02:18,42150.0,100,Buy,232954206
2024-08-20 10:02:18,42150.0,100,Buy,232954202
2024-08-20 10:02:18,42150.0,1000,Buy,232954204
2024-08-20 10:02:18,42150.0,500,Buy,232954203
2024-08-20 10:02:18,42150.0,100,Buy,232954201
2024-08-20 10:02:18,42150.0,100,Buy,232954205
2024-08-20 10:02:18,42150.0,1000,Buy,232954210
2024-08-20 10:02:20,42150.0,900,Sell,232954266
2024-08-20 10:02:20,42150.0,100,Sell,232954265
2024-08-20 10:02:22,42100.0,1900,Sell,232954309
2024-08-20 10:02:29,42100.0,100,Sell,232954541
2024-08-20 10:02:32,42100.0,1800,Sell,232954594
2024-08-20 10:02:32,42100.0,700,Sell,232954591
2024-08-20 10:02:32,42100.0,100,Sell,232954592
2024-08-20 10:02:32,42100.0,100,Sell,232954593
2024-08-20 10:02:33,42100.0,300,Buy,232954599
2024-08-20 10:02:33,42100.0,500,Sell,232954613
2024-08-20 10:02:40,42050.0,100,Sell,232954764
2024-08-20 10:02:49,42050.0,10000,Sell,232955041
2024-08-20 10:02:51,42100.0,100,Buy,232955135
2024-08-20 10:02:51,42050.0,900,Sell,232955166
2024-08-20 10:02:51,42050.0,1800,Sell,232955167
2024-08-20 10:02:51,42050.0,500,Sell,232955168
2024-08-20 10:02:51,42050.0,100,Sell,232955169
2024-08-20 10:02:51,42000.0,800,Sell,232955170
2024-08-20 10:02:51,42000.0,1600,Sell,232955171
2024-08-20 10:02:59,42000.0,500,Sell,232955417
2024-08-20 10:03:09,42050.0,400,Sell,232955615
2024-08-20 10:03:09,42050.0,200,Buy,232955598
2024-08-20 10:03:09,42050.0,100,Buy,232955596
2024-08-20 10:03:09,42050.0,100,Buy,232955595
2024-08-20 10:03:09,42050.0,200,Buy,232955597
2024-08-20 10:03:10,42000.0,1000,Sell,232955623
2024-08-20 10:03:14,42000.0,100,Sell,232955717
2024-08-20 10:03:16,42000.0,5000,Sell,232955757
2024-08-20 10:03:18,42000.0,10000,Sell,232955968
2024-08-20 10:03:23,42000.0,100,Sell,232956070
2024-08-20 10:03:27,42050.0,100,Buy,232956157
2024-08-20 10:03:28,42000.0,500,Sell,232956209
2024-08-20 10:03:32,42000.0,100,Sell,232956299
2024-08-20 10:03:33,42000.0,100,Sell,232956325
2024-08-20 10:03:35,42000.0,100,Sell,232956367
2024-08-20 10:03:36,42000.0,500,Sell,232956402
2024-08-20 10:03:38,42000.0,400,Sell,232956445
2024-08-20 10:03:38,42000.0,500,Sell,232956446
2024-08-20 10:03:38,42000.0,100,Sell,232956447
2024-08-20 10:03:41,42000.0,1600,Sell,232956523
2024-08-20 10:03:41,42000.0,400,Sell,232956522
2024-08-20 10:03:41,42050.0,100,Buy,232956520
2024-08-20 10:03:41,42050.0,100,Buy,232956519
2024-08-20 10:03:44,42000.0,3400,Sell,232956623
2024-08-20 10:03:44,42000.0,100,Sell,232956624
2024-08-20 10:03:44,42000.0,100,Sell,232956625
2024-08-20 10:04:07,41950.0,500,Sell,232957150
2024-08-20 10:04:08,42000.0,1000,Buy,232957182
2024-08-20 10:04:12,42000.0,500,Buy,232957265
2024-08-20 10:04:16,41950.0,500,Sell,232957437
2024-08-20 10:04:27,42000.0,1000,Buy,232957801
2024-08-20 10:04:27,42000.0,3000,Buy,232957800
2024-08-20 10:04:27,42000.0,100,Buy,232957798
2024-08-20 10:04:27,42000.0,900,Buy,232957796
2024-08-20 10:04:27,42000.0,100,Buy,232957799
2024-08-20 10:04:27,42000.0,1900,Buy,232957797
2024-08-20 10:04:40,42000.0,500,Buy,232958157
2024-08-20 10:04:43,41950.0,500,Sell,232958324
2024-08-20 10:04:43,41950.0,200,Sell,232958321
2024-08-20 10:04:43,41950.0,200,Sell,232958322
2024-08-20 10:04:43,41950.0,100,Sell,232958323
2024-08-20 10:04:49,42000.0,100,Buy,232958468
2024-08-20 10:04:54,42000.0,1000,Buy,232958624
2024-08-20 10:04:54,42000.0,100,Buy,232958638
2024-08-20 10:04:54,42000.0,1000,Buy,232958637
2024-08-20 10:04:54,42000.0,6000,Buy,232958636
2024-08-20 10:04:54,42000.0,100,Buy,232958635
2024-08-20 10:04:54,42000.0,1000,Buy,232958634
2024-08-20 10:04:54,42000.0,4800,Buy,232958623
2024-08-20 10:04:54,42000.0,1700,Buy,232958632
2024-08-20 10:04:54,42000.0,300,Buy,232958633
2024-08-20 10:04:54,42000.0,100,Buy,232958630
2024-08-20 10:04:54,42000.0,100,Buy,232958629
2024-08-20 10:04:54,42000.0,500,Buy,232958628
2024-08-20 10:04:54,42000.0,1000,Buy,232958627
2024-08-20 10:04:54,42000.0,2000,Buy,232958626
2024-08-20 10:04:54,42000.0,2300,Buy,232958625
2024-08-20 10:04:54,42000.0,2000,Buy,232958631
2024-08-20 10:04:56,42000.0,500,Sell,232958719
2024-08-20 10:05:00,42000.0,300,Sell,232958877
2024-08-20 10:05:07,42000.0,100,Sell,232959069
2024-08-20 10:05:08,42050.0,100,Buy,232959098
2024-08-20 10:05:08,42050.0,2000,Buy,232959097
2024-08-20 10:05:08,42050.0,500,Buy,232959099
2024-08-20 10:05:08,42050.0,100,Buy,232959095
2024-08-20 10:05:08,42050.0,500,Buy,232959094
2024-08-20 10:05:08,42050.0,100,Buy,232959096
2024-08-20 10:05:10,42000.0,200,Sell,232959137
2024-08-20 10:05:13,42050.0,200,Buy,232959222
2024-08-20 10:05:39,42050.0,100,Buy,232960048
2024-08-20 10:05:49,42000.0,1000,Sell,232960239
2024-08-20 10:05:57,42050.0,600,Buy,232960462
2024-08-20 10:05:57,42050.0,200,Buy,232960459
2024-08-20 10:05:57,42050.0,100,Buy,232960460
2024-08-20 10:05:57,42050.0,100,Buy,232960461
2024-08-20 10:06:06,42000.0,100,Sell,232960690
2024-08-20 10:06:17,42000.0,100,Sell,232960976
2024-08-20 10:06:26,42000.0,100,Sell,232961176
2024-08-20 10:06:30,42050.0,5100,Buy,232961289
2024-08-20 10:06:30,42050.0,1900,Buy,232961290
2024-08-20 10:06:32,42000.0,200,Sell,232961361
2024-08-20 10:06:38,42100.0,200,Buy,232961523
2024-08-20 10:06:38,42100.0,200,Buy,232961522
2024-08-20 10:06:38,42100.0,1000,Buy,232961521
2024-08-20 10:06:38,42100.0,1000,Buy,232961520
2024-08-20 10:06:38,42050.0,1000,Buy,232961519
2024-08-20 10:06:38,42100.0,100,Buy,232961524
2024-08-20 10:06:38,42050.0,100,Buy,232961517
2024-08-20 10:06:38,42050.0,100,Buy,232961516
2024-08-20 10:06:38,42050.0,200,Buy,232961515
2024-08-20 10:06:38,42050.0,100,Buy,232961514
2024-08-20 10:06:38,42050.0,2000,Buy,232961513
2024-08-20 10:06:38,42050.0,3900,Buy,232961512
2024-08-20 10:06:38,42050.0,100,Buy,232961518
2024-08-20 10:06:51,42000.0,100,Sell,232961936
2024-08-20 10:06:52,42050.0,100,Buy,232961953
2024-08-20 10:06:57,42050.0,500,Sell,232962050
2024-08-20 10:06:57,42050.0,500,Sell,232962051
2024-08-20 10:07:14,42050.0,100,Buy,232962431
2024-08-20 10:07:18,42050.0,100,Buy,232962496
2024-08-20 10:07:18,42050.0,100,Buy,232962495
2024-08-20 10:07:29,42050.0,100,Buy,232962700
2024-08-20 10:07:30,42050.0,100,Sell,232962716
2024-08-20 10:07:48,42050.0,4300,Buy,232963149
2024-08-20 10:07:48,42050.0,10000,Buy,232963150
2024-08-20 10:07:48,42050.0,1000,Sell,232963151
2024-08-20 10:07:48,42050.0,100,Sell,232963152
2024-08-20 10:07:51,42050.0,2000,Sell,232963208
2024-08-20 10:07:53,42100.0,100,Buy,232963253
2024-08-20 10:07:58,42050.0,400,Sell,232963418
2024-08-20 10:08:11,42100.0,100,Buy,232963744
2024-08-20 10:08:19,42050.0,4100,Sell,232963933
2024-08-20 10:08:19,42050.0,2200,Sell,232963930
2024-08-20 10:08:19,42050.0,1700,Sell,232963931
2024-08-20 10:08:19,42050.0,2000,Sell,232963932
2024-08-20 10:08:23,42050.0,200,Sell,232964014
2024-08-20 10:08:37,42050.0,100,Sell,232964313
2024-08-20 10:08:41,42050.0,100,Sell,232964402
2024-08-20 10:08:43,42050.0,100,Sell,232964429
2024-08-20 10:08:52,42050.0,500,Sell,232964640
2024-08-20 10:08:54,42050.0,100,Sell,232964686
2024-08-20 10:09:04,42050.0,1000,Sell,232965019
2024-08-20 10:09:04,42050.0,100,Sell,232965024
2024-08-20 10:09:10,42050.0,100,Sell,232965184
2024-08-20 10:09:22,42050.0,100,Sell,232965441
2024-08-20 10:09:27,42050.0,100,Sell,232965584
2024-08-20 10:09:28,42050.0,1000,Sell,232965598
2024-08-20 10:09:37,42050.0,200,Sell,232965742
2024-08-20 10:09:39,42050.0,3000,Sell,232965802
2024-08-20 10:09:40,42050.0,500,Sell,232965946
2024-08-20 10:09:41,42050.0,3000,Sell,232965956
2024-08-20 10:09:42,42050.0,200,Sell,232966000
2024-08-20 10:09:43,42050.0,200,Sell,232966025
2024-08-20 10:09:44,42050.0,100,Sell,232966063
2024-08-20 10:09:47,42050.0,3000,Sell,232966102
2024-08-20 10:09:53,42050.0,200,Sell,232966222
2024-08-20 10:09:55,42050.0,1000,Sell,232966283
2024-08-20 10:09:55,42050.0,1900,Sell,232966321
2024-08-20 10:09:56,42050.0,100,Sell,232966392
2024-08-20 10:09:56,42050.0,100,Sell,232966391
2024-08-20 10:09:56,42050.0,500,Sell,232966373
2024-08-20 10:09:56,42050.0,9100,Sell,232966372
2024-08-20 10:09:56,42050.0,400,Sell,232966374
2024-08-20 10:09:58,42050.0,1000,Sell,232966429
2024-08-20 10:09:58,42050.0,300,Sell,232966442
2024-08-20 10:09:58,42050.0,200,Sell,232966443
2024-08-20 10:10:00,42050.0,200,Sell,232966475
2024-08-20 10:10:00,42050.0,500,Sell,232966481
2024-08-20 10:10:01,42050.0,200,Sell,232966514
2024-08-20 10:10:01,42050.0,1700,Sell,232966499
2024-08-20 10:10:01,42050.0,2700,Sell,232966498
2024-08-20 10:10:03,42050.0,2000,Sell,232966635
2024-08-20 10:10:03,42050.0,1000,Sell,232966638
2024-08-20 10:10:05,42050.0,100,Sell,232966690
2024-08-20 10:10:25,42050.0,1500,Buy,232967147
2024-08-20 10:10:25,42050.0,500,Buy,232967146
2024-08-20 10:10:26,42000.0,1000,Sell,232967153
2024-08-20 10:10:39,42050.0,500,Buy,232967502
2024-08-20 10:10:39,42050.0,1500,Buy,232967503
2024-08-20 10:10:54,42000.0,2000,Sell,232968039
2024-08-20 10:11:01,42000.0,600,Sell,232968151
2024-08-20 10:11:14,42000.0,100,Sell,232968471
2024-08-20 10:11:15,42000.0,900,Sell,232968526
2024-08-20 10:11:16,42000.0,100,Sell,232968558
2024-08-20 10:11:20,42000.0,200,Sell,232968729
2024-08-20 10:11:22,42050.0,300,Buy,232968766
2024-08-20 10:11:42,42050.0,3000,Buy,232969405
2024-08-20 10:11:42,42000.0,3000,Sell,232969422
2024-08-20 10:11:46,42000.0,1000,Sell,232969572
2024-08-20 10:11:53,42000.0,200,Sell,232969856
2024-08-20 10:11:56,42000.0,1000,Sell,232969896
2024-08-20 10:11:57,42000.0,2700,Sell,232969968
2024-08-20 10:12:01,42000.0,100,Sell,232970059
2024-08-20 10:12:12,42000.0,400,Sell,232970342
2024-08-20 10:12:12,42000.0,200,Sell,232970355
2024-08-20 10:12:13,42000.0,100,Sell,232970378
2024-08-20 10:12:34,42000.0,100,Sell,232971145
2024-08-20 10:12:38,42000.0,2000,Sell,232971240
2024-08-20 10:12:40,42000.0,6200,Sell,232971287
2024-08-20 10:12:40,42000.0,2000,Sell,232971289
2024-08-20 10:12:40,42000.0,1800,Sell,232971288
2024-08-20 10:12:45,42050.0,100,Buy,232971453
2024-08-20 10:12:48,42000.0,1000,Sell,232971496
2024-08-20 10:12:57,42000.0,1000,Sell,232971778
2024-08-20 10:13:08,42000.0,100,Sell,232972110
2024-08-20 10:13:09,42000.0,100,Sell,232972124
2024-08-20 10:13:11,42050.0,100,Buy,232972186
2024-08-20 10:13:21,42000.0,2000,Sell,232972476
2024-08-20 10:13:32,42000.0,1000,Sell,232972753
2024-08-20 10:13:38,42000.0,100,Sell,232972848
2024-08-20 10:13:41,42000.0,500,Sell,232972910
2024-08-20 10:13:46,42000.0,400,Sell,232973039
2024-08-20 10:13:46,42000.0,200,Sell,232973038
2024-08-20 10:13:46,42000.0,100,Sell,232973037
2024-08-20 10:13:46,42000.0,100,Sell,232973036
2024-08-20 10:13:46,42000.0,100,Sell,232973035
2024-08-20 10:13:46,42000.0,900,Sell,232973034
2024-08-20 10:13:46,42000.0,10000,Sell,232973033
2024-08-20 10:13:46,42000.0,100,Sell,232973031
2024-08-20 10:13:46,42000.0,500,Sell,232973030
2024-08-20 10:13:46,42000.0,100,Sell,232973029
2024-08-20 10:13:46,42000.0,5000,Sell,232973028
2024-08-20 10:13:46,42000.0,100,Sell,232973027
2024-08-20 10:13:46,42000.0,200,Sell,232973026
2024-08-20 10:13:46,42000.0,1200,Sell,232973025
2024-08-20 10:13:46,42000.0,1000,Sell,232973032
2024-08-20 10:13:51,42000.0,500,Sell,232973135
2024-08-20 10:13:51,42000.0,100,Sell,232973127
2024-08-20 10:13:51,42050.0,1400,Buy,232973125
2024-08-20 10:13:51,42050.0,100,Buy,232973124
2024-08-20 10:13:51,42000.0,100,Sell,232973126
2024-08-20 10:13:53,42000.0,400,Sell,232973163
2024-08-20 10:13:56,42000.0,100,Buy,232973229
2024-08-20 10:14:04,42000.0,100,Buy,232973349
2024-08-20 10:14:09,42000.0,400,Buy,232973426
2024-08-20 10:14:09,42000.0,100,Buy,232973427
2024-08-20 10:14:32,41950.0,9100,Sell,232973988
2024-08-20 10:14:38,41950.0,1900,Sell,232974295
2024-08-20 10:14:38,41950.0,100,Sell,232974303
2024-08-20 10:14:38,41950.0,100,Sell,232974302
2024-08-20 10:14:38,41950.0,100,Sell,232974299
2024-08-20 10:14:38,41950.0,100,Sell,232974298
2024-08-20 10:14:38,41950.0,1900,Sell,232974297
2024-08-20 10:14:38,41950.0,1900,Sell,232974296
2024-08-20 10:14:38,41950.0,2000,Sell,232974294
2024-08-20 10:14:38,41950.0,1300,Sell,232974304
2024-08-20 10:14:38,41950.0,1800,Sell,232974292
2024-08-20 10:14:38,41950.0,500,Sell,232974291
2024-08-20 10:14:38,41950.0,1900,Sell,232974290
2024-08-20 10:14:38,41950.0,1900,Sell,232974289
2024-08-20 10:14:38,41950.0,10000,Sell,232974288
2024-08-20 10:14:38,41950.0,1900,Sell,232974287
2024-08-20 10:14:38,41950.0,500,Sell,232974286
2024-08-20 10:14:38,41950.0,1700,Sell,232974293
2024-08-20 10:14:38,41950.0,10400,Sell,232974285
2024-08-20 10:14:48,41950.0,400,Sell,232974583
2024-08-20 10:14:48,41950.0,100,Sell,232974584
2024-08-20 10:14:48,41950.0,1500,Sell,232974585
2024-08-20 10:14:51,41950.0,100,Sell,232974642
2024-08-20 10:15:13,41950.0,500,Buy,232975363
2024-08-20 10:15:13,41950.0,900,Buy,232975360
2024-08-20 10:15:13,41950.0,500,Buy,232975361
2024-08-20 10:15:13,41950.0,100,Buy,232975362
2024-08-20 10:15:20,41950.0,200,Buy,232975511
2024-08-20 10:15:22,41900.0,1900,Sell,232975549
2024-08-20 10:15:38,41900.0,10000,Sell,232975900
2024-08-20 10:15:51,41900.0,100,Sell,232976180
2024-08-20 10:15:57,41900.0,500,Sell,232976351
2024-08-20 10:16:05,41900.0,100,Sell,232976596
2024-08-20 10:16:19,41900.0,100,Sell,232976973
2024-08-20 10:16:43,41950.0,2000,Buy,232977504
2024-08-20 10:16:59,41900.0,100,Sell,232977921
2024-08-20 10:17:24,41900.0,100,Sell,232978455
2024-08-20 10:17:34,41950.0,3000,Buy,232978661
2024-08-20 10:17:41,41950.0,1000,Buy,232978860
2024-08-20 10:17:52,41950.0,2000,Buy,232979111
2024-08-20 10:18:10,41950.0,1000,Buy,232979512
2024-08-20 10:18:15,41950.0,100,Buy,232979606
2024-08-20 10:18:15,41950.0,400,Buy,232979605
2024-08-20 10:18:15,41950.0,100,Buy,232979604
2024-08-20 10:18:15,41950.0,1000,Buy,232979602
2024-08-20 10:18:15,41950.0,800,Buy,232979600
2024-08-20 10:18:15,41950.0,100,Buy,232979603
2024-08-20 10:18:15,41950.0,100,Buy,232979601
2024-08-20 10:19:03,41900.0,100,Sell,232980725
2024-08-20 10:19:28,41950.0,200,Buy,232981328
2024-08-20 10:19:28,41950.0,1600,Buy,232981329
2024-08-20 10:19:33,41900.0,300,Sell,232981395
2024-08-20 10:19:49,41950.0,5000,Buy,232981657
2024-08-20 10:19:56,41950.0,100,Buy,232981803
2024-08-20 10:19:57,41950.0,300,Buy,232981811
2024-08-20 10:19:57,41950.0,100,Buy,232981812
2024-08-20 10:19:57,41950.0,200,Buy,232981813
2024-08-20 10:19:57,41950.0,2000,Buy,232981814
2024-08-20 10:19:57,41950.0,600,Buy,232981815
2024-08-20 10:20:20,41950.0,6100,Sell,232982328
2024-08-20 10:20:20,41950.0,200,Sell,232982327
2024-08-20 10:20:25,41950.0,200,Buy,232982575
2024-08-20 10:20:25,41950.0,3400,Buy,232982573
2024-08-20 10:20:25,41950.0,1400,Buy,232982574
2024-08-20 10:20:29,41900.0,4200,Sell,232982798
2024-08-20 10:20:43,41950.0,1800,Buy,232983108
2024-08-20 10:20:58,41950.0,300,Sell,232983441
2024-08-20 10:21:12,41950.0,3900,Sell,232983747
2024-08-20 10:21:12,41950.0,800,Sell,232983748
2024-08-20 10:21:12,41950.0,100,Sell,232983749
2024-08-20 10:21:13,41950.0,200,Buy,232983791
2024-08-20 10:21:13,42000.0,5800,Buy,232983792
2024-08-20 10:21:31,41900.0,500,Sell,232984094
2024-08-20 10:21:49,41950.0,1000,Buy,232984498
2024-08-20 10:21:49,41950.0,4800,Buy,232984497
2024-08-20 10:22:17,41950.0,100,Sell,232985108
2024-08-20 10:22:24,41950.0,100,Sell,232985217
2024-08-20 10:22:31,42000.0,1100,Buy,232985348
2024-08-20 10:22:35,42000.0,100,Buy,232985425
2024-08-20 10:22:57,42000.0,100,Buy,232985872
2024-08-20 10:23:48,41950.0,100,Sell,232986857
2024-08-20 10:24:04,41950.0,2000,Sell,232987126
2024-08-20 10:24:18,41950.0,5000,Sell,232987401
2024-08-20 10:24:34,41950.0,800,Sell,232987671
2024-08-20 10:24:40,41950.0,500,Sell,232987794
2024-08-20 10:24:42,42000.0,1700,Buy,232987851
2024-08-20 10:24:42,42000.0,200,Buy,232987852
2024-08-20 10:24:42,42000.0,1000,Buy,232987853
2024-08-20 10:24:42,42000.0,100,Buy,232987854
2024-08-20 10:24:42,42000.0,2000,Buy,232987855
2024-08-20 10:24:42,42000.0,100,Buy,232987856
2024-08-20 10:24:42,42000.0,200,Buy,232987858
2024-08-20 10:24:42,42000.0,600,Buy,232987859
2024-08-20 10:24:42,42000.0,100,Buy,232987857
2024-08-20 10:24:54,41950.0,100,Sell,232988134
2024-08-20 10:25:11,41950.0,100,Sell,232988458
2024-08-20 10:25:44,41950.0,400,Sell,232989060
2024-08-20 10:25:59,41950.0,600,Sell,232989274
2024-08-20 10:26:13,41950.0,500,Sell,232989574
2024-08-20 10:26:14,41950.0,200,Sell,232989624
2024-08-20 10:26:21,41950.0,1300,Sell,232989771
2024-08-20 10:26:24,41950.0,500,Sell,232989831
2024-08-20 10:26:34,42000.0,100,Buy,232990013
2024-08-20 10:26:57,42000.0,1000,Buy,232990367
2024-08-20 10:27:04,42000.0,800,Buy,232990472
2024-08-20 10:27:04,42000.0,200,Buy,232990473
2024-08-20 10:27:51,41950.0,300,Sell,232991270
2024-08-20 10:27:51,41950.0,500,Sell,232991269
2024-08-20 10:27:51,41950.0,1000,Sell,232991268
2024-08-20 10:27:51,41950.0,100,Sell,232991267
2024-08-20 10:27:51,41950.0,1000,Sell,232991263
2024-08-20 10:27:51,41950.0,5000,Sell,232991265
2024-08-20 10:27:51,41950.0,100,Sell,232991266
2024-08-20 10:27:51,41950.0,1900,Sell,232991262
2024-08-20 10:27:51,41950.0,100,Sell,232991264
2024-08-20 10:28:15,41950.0,200,Sell,232991766
2024-08-20 10:28:15,41950.0,300,Sell,232991767
2024-08-20 10:28:18,41950.0,100,Sell,232991806
2024-08-20 10:28:18,41950.0,200,Sell,232991807
2024-08-20 10:28:18,41950.0,100,Sell,232991814
2024-08-20 10:28:22,41950.0,100,Sell,232991904
2024-08-20 10:28:24,41950.0,600,Sell,232991945
2024-08-20 10:28:27,41950.0,400,Buy,232991982
2024-08-20 10:28:33,41950.0,1000,Buy,232992105
2024-08-20 10:28:35,41950.0,1300,Sell,232992127
2024-08-20 10:28:37,41950.0,1200,Buy,232992149
2024-08-20 10:28:37,41950.0,800,Sell,232992162
2024-08-20 10:29:05,41950.0,700,Buy,232992892
2024-08-20 10:29:07,41900.0,30000,Sell,232992924
2024-08-20 10:29:14,41950.0,500,Buy,232993096
2024-08-20 10:29:14,41950.0,4000,Buy,232993097
2024-08-20 10:29:14,41950.0,100,Buy,232993098
2024-08-20 10:29:14,41950.0,100,Buy,232993099
2024-08-20 10:29:14,41950.0,300,Buy,232993100
2024-08-20 10:29:17,41950.0,700,Buy,232993192
2024-08-20 10:29:17,41950.0,9300,Buy,232993193
2024-08-20 10:29:30,41950.0,1000,Buy,232993470
2024-08-20 10:29:32,41950.0,1600,Buy,232993529
2024-08-20 10:29:32,41950.0,200,Buy,232993530
2024-08-20 10:29:45,42000.0,1000,Buy,232994100
2024-08-20 10:29:45,42000.0,4000,Buy,232994081
2024-08-20 10:29:45,42000.0,200,Buy,232994082
2024-08-20 10:29:45,42000.0,300,Buy,232994083
2024-08-20 10:29:45,42000.0,100,Buy,232994084
2024-08-20 10:29:45,42000.0,10000,Buy,232994085
2024-08-20 10:29:45,42000.0,2000,Buy,232994086
2024-08-20 10:29:45,42000.0,100,Buy,232994087
2024-08-20 10:29:45,42000.0,100,Buy,232994088
2024-08-20 10:29:45,42000.0,100,Buy,232994089
2024-08-20 10:29:45,42000.0,100,Buy,232994090
2024-08-20 10:29:45,42000.0,500,Buy,232994101
2024-08-20 10:29:45,42000.0,200,Buy,232994092
2024-08-20 10:29:45,42000.0,2700,Buy,232994093
2024-08-20 10:29:45,42000.0,100,Buy,232994094
2024-08-20 10:29:45,42000.0,100,Buy,232994095
2024-08-20 10:29:45,42000.0,5000,Buy,232994080
2024-08-20 10:29:45,42000.0,300,Buy,232994096
2024-08-20 10:29:45,42000.0,500,Buy,232994097
2024-08-20 10:29:45,42000.0,1900,Buy,232994098
2024-08-20 10:29:45,42000.0,700,Buy,232994099
2024-08-20 10:29:45,42000.0,2000,Buy,232994091
2024-08-20 10:29:45,42000.0,100,Buy,232994079
2024-08-20 10:29:45,42000.0,1000,Buy,232994065
2024-08-20 10:29:45,42000.0,1900,Buy,232994077
2024-08-20 10:29:45,42000.0,700,Buy,232994102
2024-08-20 10:29:45,42000.0,300,Buy,232994054
2024-08-20 10:29:45,42000.0,200,Buy,232994055
2024-08-20 10:29:45,42000.0,500,Buy,232994056
2024-08-20 10:29:45,42000.0,1000,Buy,232994057
2024-08-20 10:29:45,42000.0,600,Buy,232994058
2024-08-20 10:29:45,42000.0,500,Buy,232994060
2024-08-20 10:29:45,42000.0,2000,Buy,232994061
2024-08-20 10:29:45,42000.0,600,Buy,232994062
2024-08-20 10:29:45,42000.0,9900,Buy,232994063
2024-08-20 10:29:45,42000.0,500,Buy,232994078
2024-08-20 10:29:45,42000.0,100,Buy,232994064
2024-08-20 10:29:45,42000.0,1300,Buy,232994067
2024-08-20 10:29:45,42000.0,100,Buy,232994068
2024-08-20 10:29:45,42000.0,200,Buy,232994069
2024-08-20 10:29:45,42000.0,100,Buy,232994070
2024-08-20 10:29:45,42000.0,100,Buy,232994071
2024-08-20 10:29:45,42000.0,200,Buy,232994072
2024-08-20 10:29:45,42000.0,400,Buy,232994073
2024-08-20 10:29:45,42000.0,2100,Buy,232994074
2024-08-20 10:29:45,42000.0,3100,Buy,232994075
2024-08-20 10:29:45,42000.0,10000,Buy,232994076
2024-08-20 10:29:45,42000.0,800,Buy,232994066
2024-08-20 10:29:45,42000.0,200,Buy,232994059
2024-08-20 10:29:45,42000.0,100,Buy,232994103
2024-08-20 10:29:45,42000.0,500,Buy,232994105
2024-08-20 10:29:45,42050.0,1200,Buy,232994127
2024-08-20 10:29:45,42050.0,100,Buy,232994128
2024-08-20 10:29:45,42050.0,6900,Buy,232994130
2024-08-20 10:29:45,42050.0,100,Buy,232994131
2024-08-20 10:29:45,42050.0,200,Buy,232994132
2024-08-20 10:29:45,42050.0,100,Buy,232994133
2024-08-20 10:29:45,42050.0,2700,Buy,232994134
2024-08-20 10:29:45,42050.0,100,Buy,232994126
2024-08-20 10:29:45,42050.0,500,Buy,232994135
2024-08-20 10:29:45,42050.0,200,Buy,232994137
2024-08-20 10:29:45,42050.0,100,Buy,232994138
2024-08-20 10:29:45,42050.0,300,Buy,232994139
2024-08-20 10:29:45,42050.0,100,Buy,232994140
2024-08-20 10:29:45,42050.0,500,Buy,232994141
2024-08-20 10:29:45,42050.0,200,Buy,232994142
2024-08-20 10:29:45,42050.0,2300,Buy,232994143
2024-08-20 10:29:45,42050.0,100,Buy,232994136
2024-08-20 10:29:45,42050.0,200,Buy,232994125
2024-08-20 10:29:45,42000.0,100,Buy,232994104
2024-08-20 10:29:45,42050.0,2300,Buy,232994123
2024-08-20 10:29:45,42000.0,500,Buy,232994106
2024-08-20 10:29:45,42000.0,200,Buy,232994107
2024-08-20 10:29:45,42000.0,300,Buy,232994108
2024-08-20 10:29:45,42000.0,100,Buy,232994109
2024-08-20 10:29:45,42000.0,1000,Buy,232994110
2024-08-20 10:29:45,42000.0,1000,Buy,232994111
2024-08-20 10:29:45,42050.0,700,Buy,232994112
2024-08-20 10:29:45,42050.0,500,Buy,232994113
2024-08-20 10:29:45,42050.0,100,Buy,232994124
2024-08-20 10:29:45,42050.0,1000,Buy,232994115
2024-08-20 10:29:45,42050.0,3000,Buy,232994122
2024-08-20 10:29:45,42050.0,500,Buy,232994121
2024-08-20 10:29:45,42050.0,100,Buy,232994120
2024-08-20 10:29:45,42050.0,100,Buy,232994114
2024-08-20 10:29:45,42050.0,100,Buy,232994118
2024-08-20 10:29:45,42050.0,3000,Buy,232994116
2024-08-20 10:29:45,42050.0,200,Buy,232994119
2024-08-20 10:29:45,42050.0,200,Buy,232994117
2024-08-20 10:30:00,42000.0,1000,Buy,232994528
2024-08-20 10:30:00,42050.0,2700,Buy,232994529
2024-08-20 10:30:00,42050.0,2000,Buy,232994530
2024-08-20 10:30:00,42050.0,200,Buy,232994531
2024-08-20 10:30:00,42050.0,800,Buy,232994532
2024-08-20 10:30:38,42050.0,1000,Sell,232995493
2024-08-20 10:30:38,42050.0,300,Sell,232995505
2024-08-20 10:30:46,42050.0,100,Sell,232995714
2024-08-20 10:30:48,42050.0,100,Sell,232995788
2024-08-20 10:30:52,42100.0,100,Buy,232995909
2024-08-20 10:30:55,42050.0,100,Sell,232995953
2024-08-20 10:30:57,42050.0,500,Sell,232995971
2024-08-20 10:31:10,42050.0,2700,Sell,232996144
2024-08-20 10:31:10,42050.0,2300,Sell,232996145
2024-08-20 10:31:13,42050.0,1300,Sell,232996232
2024-08-20 10:31:13,42050.0,1700,Sell,232996233
2024-08-20 10:31:17,42050.0,300,Sell,232996290
2024-08-20 10:31:29,42050.0,1700,Buy,232996508
2024-08-20 10:31:29,42050.0,300,Buy,232996509
2024-08-20 10:31:29,42050.0,100,Buy,232996510
2024-08-20 10:31:41,42050.0,100,Buy,232996705
2024-08-20 10:31:49,42050.0,300,Sell,232996806
2024-08-20 10:31:49,42050.0,400,Buy,232996812
2024-08-20 10:31:50,42050.0,100,Sell,232996818
2024-08-20 10:31:55,42050.0,10000,Sell,232996877
2024-08-20 10:31:59,42050.0,1100,Sell,232996935
2024-08-20 10:32:07,42050.0,4400,Sell,232997039
2024-08-20 10:32:07,42050.0,600,Sell,232997040
2024-08-20 10:32:09,42050.0,700,Sell,232997129
2024-08-20 10:32:11,42050.0,200,Sell,232997219
2024-08-20 10:32:14,42050.0,3500,Sell,232997276
2024-08-20 10:32:14,42050.0,300,Sell,232997277
2024-08-20 10:32:15,42000.0,200,Sell,232997283
2024-08-20 10:32:57,42000.0,300,Sell,232998150
2024-08-20 10:32:57,42000.0,2000,Sell,232998151
2024-08-20 10:32:57,42000.0,2700,Sell,232998152
2024-08-20 10:33:27,42000.0,200,Sell,232998670
2024-08-20 10:33:50,42000.0,100,Sell,232999078
2024-08-20 10:33:59,42050.0,500,Buy,232999261
2024-08-20 10:34:05,42000.0,1400,Sell,232999329
2024-08-20 10:34:05,42000.0,600,Sell,232999330
2024-08-20 10:34:19,42000.0,1400,Sell,232999503
2024-08-20 10:34:19,42000.0,200,Sell,232999504
2024-08-20 10:34:19,42000.0,400,Sell,232999505
2024-08-20 10:34:36,42000.0,100,Sell,232999718
2024-08-20 10:34:36,42000.0,200,Sell,232999719
2024-08-20 10:34:36,42000.0,1000,Sell,232999720
2024-08-20 10:34:36,42000.0,100,Sell,232999721
2024-08-20 10:35:20,42000.0,500,Buy,233000470
2024-08-20 10:35:22,42000.0,1600,Buy,233000503
2024-08-20 10:35:22,42000.0,400,Buy,233000504
2024-08-20 10:35:27,42000.0,100,Buy,233000601
2024-08-20 10:35:34,42000.0,500,Buy,233000676
2024-08-20 10:35:34,42000.0,500,Buy,233000677
2024-08-20 10:35:43,42000.0,800,Buy,233000862
2024-08-20 10:35:43,42000.0,500,Buy,233000861
2024-08-20 10:35:44,42000.0,100,Sell,233000871
2024-08-20 10:35:49,42000.0,500,Sell,233000949
2024-08-20 10:35:56,42000.0,1100,Sell,233001049
2024-08-20 10:38:05,42000.0,100,Buy,233003260
2024-08-20 10:39:11,42000.0,900,Buy,233004370
2024-08-20 10:39:11,42000.0,100,Buy,233004371
2024-08-20 10:39:14,42000.0,200,Buy,233004402
2024-08-20 10:40:39,42000.0,600,Buy,233005454
2024-08-20 10:40:40,42000.0,100,Buy,233005466
2024-08-20 10:40:50,42000.0,200,Buy,233005618
2024-08-20 10:41:27,42000.0,1000,Buy,233006024
2024-08-20 10:42:27,42000.0,100,Buy,233007011
2024-08-20 10:42:36,42000.0,300,Buy,233007144
2024-08-20 10:42:36,42000.0,100,Buy,233007143
2024-08-20 10:42:36,42000.0,100,Buy,233007141
2024-08-20 10:42:36,42000.0,2000,Buy,233007140
2024-08-20 10:42:36,42000.0,400,Buy,233007139
2024-08-20 10:42:36,42000.0,100,Buy,233007142
2024-08-20 10:43:00,41950.0,100,Sell,233007518
2024-08-20 10:43:09,41950.0,200,Sell,233007666
2024-08-20 10:43:48,41950.0,100,Sell,233008251
2024-08-20 10:44:21,41950.0,100,Sell,233008776
2024-08-20 10:44:21,41950.0,2800,Sell,233008774
2024-08-20 10:44:21,41950.0,100,Sell,233008775
2024-08-20 10:44:48,41950.0,100,Sell,233009160
2024-08-20 10:44:51,41950.0,900,Sell,233009210
2024-08-20 10:44:51,41950.0,500,Sell,233009211
2024-08-20 10:44:51,41950.0,10000,Sell,233009212
2024-08-20 10:44:51,41950.0,2000,Sell,233009213
2024-08-20 10:44:51,41950.0,6600,Sell,233009214
2024-08-20 10:45:09,41950.0,1800,Sell,233009488
2024-08-20 10:45:14,41950.0,500,Sell,233009542
2024-08-20 10:45:36,41950.0,100,Sell,233009827
2024-08-20 10:45:42,41950.0,5000,Sell,233009907
2024-08-20 10:45:42,41950.0,2200,Sell,233009906
2024-08-20 10:45:42,41950.0,200,Sell,233009904
2024-08-20 10:45:42,41950.0,100,Sell,233009905
2024-08-20 10:45:42,41950.0,100,Sell,233009902
2024-08-20 10:45:42,41950.0,1000,Sell,233009899
2024-08-20 10:45:42,41950.0,1000,Sell,233009903
2024-08-20 10:45:42,41950.0,300,Sell,233009901
2024-08-20 10:45:42,41950.0,100,Sell,233009900
2024-08-20 10:45:47,41950.0,100,Sell,233009959
2024-08-20 10:45:51,41950.0,1000,Sell,233010017
2024-08-20 10:45:53,41950.0,500,Sell,233010052
2024-08-20 10:45:54,41950.0,2000,Sell,233010058
2024-08-20 10:46:14,41950.0,3000,Sell,233010341
2024-08-20 10:46:14,41950.0,1800,Sell,233010342
2024-08-20 10:46:14,41950.0,300,Sell,233010343
2024-08-20 10:46:14,41950.0,100,Sell,233010344
2024-08-20 10:46:14,41950.0,100,Sell,233010345
2024-08-20 10:46:14,41950.0,3900,Sell,233010340
2024-08-20 10:46:23,41950.0,100,Buy,233010482
2024-08-20 10:46:39,41950.0,1000,Buy,233010651
2024-08-20 10:46:39,41950.0,400,Buy,233010652
2024-08-20 10:46:39,41950.0,3000,Buy,233010649
2024-08-20 10:46:39,41950.0,400,Buy,233010648
2024-08-20 10:46:39,41950.0,2700,Buy,233010647
2024-08-20 10:46:39,41950.0,5000,Buy,233010650
2024-08-20 10:47:15,41950.0,1000,Buy,233011057
2024-08-20 10:47:54,41950.0,1800,Buy,233011645
2024-08-20 10:48:32,41950.0,100,Buy,233012174
2024-08-20 10:48:41,41950.0,100,Buy,233012280
2024-08-20 10:48:58,41950.0,300,Buy,233012508
2024-08-20 10:49:40,41900.0,5000,Sell,233012946
2024-08-20 10:50:25,41950.0,1300,Buy,233013726
2024-08-20 10:50:25,41950.0,3000,Buy,233013727
2024-08-20 10:50:25,41950.0,1000,Buy,233013728
2024-08-20 10:50:25,41950.0,1000,Buy,233013729
2024-08-20 10:50:25,41950.0,200,Buy,233013730
2024-08-20 10:50:25,41950.0,1000,Buy,233013731
2024-08-20 10:50:28,41950.0,500,Buy,233013772
2024-08-20 10:50:31,41950.0,300,Buy,233013811
2024-08-20 10:50:31,41950.0,400,Buy,233013810
2024-08-20 10:50:44,41950.0,100,Sell,233014083
2024-08-20 10:50:47,41950.0,2000,Sell,233014116
2024-08-20 10:50:53,41950.0,200,Sell,233014201
2024-08-20 10:50:53,41950.0,800,Sell,233014202
2024-08-20 10:51:11,41950.0,1200,Sell,233014525
2024-08-20 10:51:21,41950.0,300,Buy,233014677
2024-08-20 10:51:56,41950.0,500,Buy,233015202
2024-08-20 10:51:56,41950.0,400,Buy,233015203
2024-08-20 10:52:13,41950.0,700,Buy,233015541
2024-08-20 10:52:13,41950.0,100,Buy,233015540
2024-08-20 10:53:05,41950.0,1600,Buy,233016623
2024-08-20 10:53:30,41900.0,1900,Sell,233017045
2024-08-20 10:54:07,41900.0,2300,Sell,233017699
2024-08-20 10:55:41,41950.0,200,Buy,233019678
2024-08-20 10:56:46,41950.0,1500,Buy,233021009
2024-08-20 10:57:00,41900.0,200,Sell,233021260
2024-08-20 10:57:35,41900.0,1000,Sell,233021918
2024-08-20 10:57:55,41900.0,10600,Sell,233022294
2024-08-20 10:58:02,41900.0,100,Sell,233022407
2024-08-20 10:58:52,41950.0,1000,Buy,233023518
2024-08-20 10:59:04,41950.0,200,Buy,233023851
2024-08-20 10:59:12,41900.0,100,Sell,233023978
2024-08-20 10:59:28,41900.0,100,Sell,233024304
2024-08-20 10:59:34,41900.0,500,Sell,233024459
2024-08-20 10:59:43,41900.0,500,Sell,233024674
2024-08-20 11:00:01,41900.0,50000,Sell,233025033
2024-08-20 11:00:53,41900.0,200,Sell,233026064
2024-08-20 11:01:05,41900.0,2000,Sell,233026321
2024-08-20 11:01:07,41900.0,800,Sell,233026374
2024-08-20 11:01:30,41900.0,800,Sell,233026898
2024-08-20 11:01:41,41900.0,100,Sell,233027449
2024-08-20 11:01:48,41900.0,1000,Sell,233027564
2024-08-20 11:01:59,41900.0,200,Sell,233027899
2024-08-20 11:02:02,41900.0,5000,Sell,233027994
2024-08-20 11:02:17,41900.0,500,Sell,233028263
2024-08-20 11:02:17,41900.0,2000,Sell,233028274
2024-08-20 11:02:30,41900.0,500,Sell,233028596
2024-08-20 11:02:51,41900.0,100,Sell,233029187
2024-08-20 11:03:05,41900.0,1000,Sell,233029492
2024-08-20 11:03:14,41950.0,100,Buy,233029703
2024-08-20 11:03:18,41900.0,1000,Sell,233029824
2024-08-20 11:03:35,41900.0,300,Sell,233030218
2024-08-20 11:03:53,41900.0,100,Sell,233030622
2024-08-20 11:04:06,41900.0,500,Sell,233030896
2024-08-20 11:04:11,41900.0,1200,Sell,233031023
2024-08-20 11:04:12,41900.0,500,Sell,233031056
2024-08-20 11:04:13,41900.0,100,Sell,233031071
2024-08-20 11:04:26,41900.0,100,Sell,233031336
2024-08-20 11:04:37,41900.0,100,Sell,233031566
2024-08-20 11:04:41,41900.0,6500,Sell,233031632
2024-08-20 11:04:50,41900.0,1000,Sell,233031829
2024-08-20 11:05:03,41900.0,200,Sell,233032140
2024-08-20 11:05:05,41900.0,1000,Sell,233032186
2024-08-20 11:05:09,41900.0,1000,Sell,233032266
2024-08-20 11:05:21,41900.0,10000,Sell,233032512
2024-08-20 11:05:51,41900.0,300,Sell,233033077
2024-08-20 11:06:06,41900.0,100,Sell,233033353
2024-08-20 11:06:08,41900.0,100,Sell,233033376
2024-08-20 11:06:24,41900.0,5000,Sell,233033725
2024-08-20 11:06:48,41900.0,500,Sell,233034288
2024-08-20 11:06:55,41900.0,2000,Sell,233034444
2024-08-20 11:06:57,41900.0,200,Sell,233034460
2024-08-20 11:07:00,41900.0,2000,Sell,233034536
2024-08-20 11:07:02,41900.0,4100,Sell,233034581
2024-08-20 11:07:04,41900.0,1000,Sell,233034605
2024-08-20 11:07:05,41900.0,1000,Sell,233034632
2024-08-20 11:07:05,41900.0,100,Sell,233034631
2024-08-20 11:07:05,41900.0,1200,Sell,233034626
2024-08-20 11:07:18,41900.0,100,Sell,233034795
2024-08-20 11:07:21,41900.0,700,Sell,233034842
2024-08-20 11:08:03,41900.0,400,Sell,233035635
2024-08-20 11:08:05,41900.0,900,Sell,233035689
2024-08-20 11:08:07,41900.0,5000,Sell,233035730
2024-08-20 11:08:31,41900.0,2100,Sell,233036076
2024-08-20 11:08:33,41900.0,100,Sell,233036126
2024-08-20 11:08:43,41900.0,100,Sell,233036334
2024-08-20 11:08:49,41900.0,1000,Sell,233036451
2024-08-20 11:08:50,41900.0,10000,Sell,233036460
2024-08-20 11:08:58,41900.0,500,Sell,233036631
2024-08-20 11:09:07,41900.0,100,Sell,233036759
2024-08-20 11:09:10,41900.0,100,Sell,233036797
2024-08-20 11:09:14,41900.0,10000,Sell,233036898
2024-08-20 11:09:23,41900.0,200,Sell,233037089
2024-08-20 11:09:30,41900.0,100,Sell,233037167
2024-08-20 11:09:32,41900.0,500,Sell,233037199
2024-08-20 11:09:46,41900.0,100,Sell,233037543
2024-08-20 11:09:47,41900.0,5000,Sell,233037565
2024-08-20 11:09:48,41900.0,300,Sell,233037583
2024-08-20 11:09:48,41900.0,100,Sell,233037582
2024-08-20 11:09:50,41900.0,300,Sell,233037595
2024-08-20 11:09:51,41900.0,700,Sell,233037621
2024-08-20 11:09:52,41900.0,500,Sell,233037634
2024-08-20 11:10:00,41900.0,1000,Sell,233037781
2024-08-20 11:10:04,41900.0,100,Sell,233037840
2024-08-20 11:10:04,41900.0,300,Sell,233037841
2024-08-20 11:10:04,41900.0,100,Sell,233037842
2024-08-20 11:10:04,41900.0,100,Sell,233037843
2024-08-20 11:10:04,41900.0,100,Sell,233037844
2024-08-20 11:10:04,41900.0,100,Sell,233037847
2024-08-20 11:10:04,41900.0,100,Sell,233037848
2024-08-20 11:10:04,41900.0,500,Sell,233037851
2024-08-20 11:10:04,41900.0,300,Sell,233037850
2024-08-20 11:10:04,41900.0,100,Sell,233037839
2024-08-20 11:10:04,41900.0,5000,Sell,233037852
2024-08-20 11:10:04,41900.0,100,Sell,233037853
2024-08-20 11:10:04,41900.0,300,Sell,233037854
2024-08-20 11:10:04,41900.0,200,Sell,233037856
2024-08-20 11:10:04,41900.0,100,Sell,233037858
2024-08-20 11:10:04,41900.0,5000,Sell,233037849
2024-08-20 11:10:04,41900.0,3000,Sell,233037838
2024-08-20 11:10:04,41900.0,100,Sell,233037857
2024-08-20 11:10:04,41900.0,100,Sell,233037836
2024-08-20 11:10:04,41900.0,200,Sell,233037837
2024-08-20 11:10:04,41900.0,8700,Sell,233037820
2024-08-20 11:10:04,41900.0,2400,Sell,233037821
2024-08-20 11:10:04,41900.0,100,Sell,233037822
2024-08-20 11:10:04,41900.0,10000,Sell,233037823
2024-08-20 11:10:04,41900.0,100,Sell,233037824
2024-08-20 11:10:04,41900.0,1000,Sell,233037825
2024-08-20 11:10:04,41900.0,100,Sell,233037826
2024-08-20 11:10:04,41900.0,200,Sell,233037855
2024-08-20 11:10:04,41900.0,100,Sell,233037828
2024-08-20 11:10:04,41900.0,500,Sell,233037834
2024-08-20 11:10:04,41900.0,100,Sell,233037827
2024-08-20 11:10:04,41900.0,200,Sell,233037833
2024-08-20 11:10:04,41900.0,200,Sell,233037835
2024-08-20 11:10:04,41900.0,100,Sell,233037831
2024-08-20 11:10:04,41900.0,100,Sell,233037830
2024-08-20 11:10:04,41900.0,100,Sell,233037829
2024-08-20 11:10:04,41900.0,100,Sell,233037832
2024-08-20 11:10:06,41900.0,1000,Sell,233037878
2024-08-20 11:10:08,41900.0,500,Sell,233037888
2024-08-20 11:10:10,41900.0,300,Sell,233037962
2024-08-20 11:10:10,41900.0,1500,Sell,233037963
2024-08-20 11:10:10,41900.0,1900,Sell,233037964
2024-08-20 11:10:10,41900.0,100,Sell,233037965
2024-08-20 11:10:27,41900.0,100,Buy,233038308
2024-08-20 11:10:35,41900.0,200,Buy,233038425
2024-08-20 11:10:35,41900.0,100,Buy,233038424
2024-08-20 11:11:00,41900.0,800,Buy,233038864
2024-08-20 11:11:00,41900.0,4200,Buy,233038867
2024-08-20 11:11:09,41850.0,100,Sell,233039005
2024-08-20 11:11:09,41850.0,300,Sell,233039019
2024-08-20 11:11:10,41850.0,100,Sell,233039020
2024-08-20 11:11:11,41900.0,4000,Buy,233039064
2024-08-20 11:11:17,41900.0,1800,Buy,233039138
2024-08-20 11:11:17,41900.0,500,Buy,233039139
2024-08-20 11:11:17,41900.0,800,Buy,233039140
2024-08-20 11:11:17,41900.0,2000,Buy,233039141
2024-08-20 11:11:17,41900.0,500,Buy,233039142
2024-08-20 11:11:17,41900.0,4000,Buy,233039143
2024-08-20 11:11:17,41850.0,100,Sell,233039134
2024-08-20 11:11:23,41900.0,200,Sell,233039230
2024-08-20 11:11:32,41900.0,800,Sell,233039374
2024-08-20 11:11:32,41900.0,200,Sell,233039373
2024-08-20 11:11:46,41900.0,1100,Sell,233039605
2024-08-20 11:11:46,41900.0,900,Sell,233039606
2024-08-20 11:11:57,41900.0,500,Sell,233039778
2024-08-20 11:11:57,41900.0,100,Sell,233039800
2024-08-20 11:12:22,41900.0,200,Sell,233040350
2024-08-20 11:12:22,41900.0,100,Sell,233040351
2024-08-20 11:13:17,41900.0,2000,Buy,233041530
2024-08-20 11:13:17,41900.0,1000,Buy,233041531
2024-08-20 11:13:17,41900.0,500,Buy,233041579
2024-08-20 11:13:36,41900.0,600,Sell,233041917
2024-08-20 11:13:59,41900.0,300,Sell,233042211
2024-08-20 11:14:00,41900.0,1000,Sell,233042228
2024-08-20 11:14:15,41900.0,100,Sell,233042434
2024-08-20 11:15:36,41900.0,200,Sell,233043778
2024-08-20 11:15:37,41900.0,300,Sell,233043795
2024-08-20 11:15:37,41900.0,300,Sell,233043793
2024-08-20 11:15:37,41900.0,400,Sell,233043794
2024-08-20 11:15:47,41900.0,600,Sell,233043909
2024-08-20 11:15:47,41900.0,4400,Sell,233043910
2024-08-20 11:15:55,41900.0,600,Sell,233044013
2024-08-20 11:15:55,41900.0,900,Sell,233044014
2024-08-20 11:16:08,41900.0,200,Sell,233044261
2024-08-20 11:16:54,41900.0,200,Sell,233044847
2024-08-20 11:16:55,41900.0,8000,Sell,233044851
2024-08-20 11:17:16,41900.0,5000,Sell,233045063
2024-08-20 11:18:01,41900.0,100,Sell,233045753
2024-08-20 11:18:12,41900.0,500,Sell,233045868
2024-08-20 11:18:43,41900.0,100,Sell,233046344
2024-08-20 11:18:52,41950.0,700,Buy,233046478
2024-08-20 11:18:52,41950.0,1000,Buy,233046479
2024-08-20 11:18:52,41950.0,200,Buy,233046480
2024-08-20 11:21:48,41900.0,3500,Sell,233048927
2024-08-20 11:22:03,41900.0,5000,Sell,233049080
2024-08-20 11:22:13,41900.0,1200,Sell,233049189
2024-08-20 11:22:13,41900.0,800,Sell,233049188
2024-08-20 11:22:27,41900.0,100,Sell,233049364
2024-08-20 11:23:07,41900.0,100,Sell,233049888
2024-08-20 11:23:53,41900.0,200,Sell,233050473
2024-08-20 11:24:01,41950.0,300,Buy,233050577
2024-08-20 11:24:01,41950.0,500,Buy,233050578
2024-08-20 11:24:01,41950.0,1000,Buy,233050579
2024-08-20 11:24:01,41950.0,100,Buy,233050580
2024-08-20 11:24:14,41900.0,100,Sell,233050768
2024-08-20 11:24:14,41900.0,100,Sell,233050767
2024-08-20 11:24:14,41900.0,300,Sell,233050766
2024-08-20 11:24:14,41900.0,100,Sell,233050765
2024-08-20 11:24:14,41900.0,400,Sell,233050764
2024-08-20 11:24:30,41950.0,200,Buy,233051062
2024-08-20 11:24:30,41950.0,1000,Buy,233051061
2024-08-20 11:24:30,41950.0,300,Buy,233051060
2024-08-20 11:24:30,41950.0,3000,Buy,233051059
2024-08-20 11:24:30,41950.0,700,Buy,233051058
2024-08-20 11:24:30,41950.0,500,Buy,233051057
2024-08-20 11:24:30,41950.0,500,Buy,233051056
2024-08-20 11:24:30,41950.0,100,Buy,233051055
2024-08-20 11:24:30,41950.0,4900,Buy,233051046
2024-08-20 11:24:30,41950.0,200,Buy,233051047
2024-08-20 11:24:30,41950.0,1000,Buy,233051048
2024-08-20 11:24:30,41950.0,1700,Buy,233051049
2024-08-20 11:24:30,41950.0,2000,Buy,233051054
2024-08-20 11:24:30,41950.0,200,Buy,233051051
2024-08-20 11:24:30,41950.0,200,Buy,233051052
2024-08-20 11:24:30,41950.0,1000,Buy,233051053
2024-08-20 11:24:30,41950.0,1800,Buy,233051050
2024-08-20 11:24:31,41950.0,200,Sell,233051073
2024-08-20 11:24:39,41950.0,200,Sell,233051179
2024-08-20 11:24:42,41950.0,8700,Sell,233051210
2024-08-20 11:24:42,41900.0,1000,Sell,233051211
2024-08-20 11:24:42,41950.0,300,Sell,233051209
2024-08-20 11:24:58,41950.0,100,Sell,233051448
2024-08-20 11:25:00,41950.0,500,Sell,233051461
2024-08-20 11:25:06,41950.0,500,Sell,233051529
2024-08-20 11:25:41,41950.0,2000,Sell,233051949
2024-08-20 11:26:10,41950.0,500,Sell,233052405
2024-08-20 11:26:30,41950.0,100,Sell,233052726
2024-08-20 11:26:42,41950.0,3000,Sell,233052870
2024-08-20 11:26:52,41950.0,1000,Sell,233052944
2024-08-20 11:26:58,41950.0,300,Sell,233053011
2024-08-20 11:27:04,41950.0,2400,Sell,233053165
2024-08-20 11:27:04,41950.0,2000,Sell,233053162
2024-08-20 11:27:04,41950.0,800,Sell,233053163
2024-08-20 11:27:04,41950.0,500,Sell,233053164
2024-08-20 11:27:45,41950.0,2100,Sell,233053813
2024-08-20 11:28:35,41950.0,1000,Sell,233054400
2024-08-20 11:29:00,41950.0,100,Sell,233054676
2024-08-20 11:29:08,41950.0,300,Sell,233054769
2024-08-20 12:59:38,41950.0,6200,Sell,233055158
2024-08-20 12:59:38,42000.0,100,Buy,233055355
2024-08-20 12:59:38,41950.0,200,Sell,233055354
2024-08-20 12:59:40,41950.0,2200,Sell,233056191
2024-08-20 12:59:40,41950.0,500,Sell,233056249
2024-08-20 12:59:40,41950.0,3000,Sell,233056345
2024-08-20 12:59:40,41950.0,700,Sell,233056439
2024-08-20 12:59:42,41950.0,200,Sell,233057015
2024-08-20 12:59:42,41950.0,200,Sell,233056930
2024-08-20 12:59:42,42000.0,200,Buy,233056982
2024-08-20 12:59:43,41950.0,100,Sell,233057430
2024-08-20 12:59:43,41950.0,100,Sell,233057262
2024-08-20 12:59:43,41950.0,900,Sell,233057258
2024-08-20 12:59:43,41950.0,100,Sell,233057260
2024-08-20 12:59:43,41950.0,100,Sell,233057261
2024-08-20 12:59:43,41950.0,100,Sell,233057259
2024-08-20 12:59:44,41950.0,100,Sell,233057604
2024-08-20 12:59:44,41950.0,100,Sell,233057610
2024-08-20 12:59:46,41950.0,100,Buy,233057859
2024-08-20 12:59:46,41950.0,100,Buy,233057860
2024-08-20 12:59:46,41900.0,500,Sell,233057890
2024-08-20 12:59:50,41950.0,500,Buy,233058364
2024-08-20 12:59:50,41950.0,100,Buy,233058365
2024-08-20 12:59:50,41950.0,500,Buy,233058366
2024-08-20 12:59:58,41900.0,2100,Sell,233059423
2024-08-20 12:59:58,41900.0,2000,Sell,233059424
2024-08-20 12:59:58,41900.0,700,Sell,233059432
2024-08-20 12:59:58,41900.0,900,Sell,233059450
2024-08-20 13:00:21,41900.0,1100,Sell,233060692
2024-08-20 13:00:22,41900.0,1600,Sell,233060742
2024-08-20 13:00:22,41900.0,500,Sell,233060739
2024-08-20 13:00:22,41900.0,300,Sell,233060741
2024-08-20 13:00:22,41900.0,700,Sell,233060740
2024-08-20 13:00:22,41900.0,1900,Sell,233060737
2024-08-20 13:00:22,41900.0,2700,Sell,233060736
2024-08-20 13:00:22,41900.0,300,Sell,233060738
2024-08-20 13:00:25,41900.0,100,Sell,233060838
2024-08-20 13:00:25,41900.0,300,Sell,233060845
2024-08-20 13:00:25,41900.0,100,Sell,233060846
2024-08-20 13:00:25,41900.0,100,Sell,233060847
2024-08-20 13:00:37,41900.0,100,Sell,233061223
2024-08-20 13:00:37,41900.0,500,Sell,233061224
2024-08-20 13:00:57,41900.0,500,Sell,233062043
2024-08-20 13:00:59,41900.0,200,Sell,233062141
2024-08-20 13:01:02,41900.0,100,Sell,233062268
2024-08-20 13:01:11,41900.0,100,Sell,233062629
2024-08-20 13:01:17,41850.0,500,Sell,233062895
2024-08-20 13:01:26,41900.0,400,Buy,233063180
2024-08-20 13:01:26,41900.0,2100,Buy,233063181
2024-08-20 13:01:26,41900.0,7500,Buy,233063182
2024-08-20 13:01:37,41850.0,500,Sell,233063558
2024-08-20 13:01:42,41900.0,100,Buy,233063722
2024-08-20 13:01:47,41850.0,100,Sell,233063930
2024-08-20 13:01:57,41850.0,500,Sell,233064308
2024-08-20 13:02:17,41850.0,500,Sell,233064973
2024-08-20 13:02:31,41850.0,300,Sell,233065330
2024-08-20 13:02:37,41850.0,500,Sell,233065537
2024-08-20 13:02:38,41850.0,300,Sell,233065572
2024-08-20 13:02:42,41900.0,3000,Buy,233065697
2024-08-20 13:02:49,41850.0,100,Sell,233065868
2024-08-20 13:02:58,41850.0,500,Sell,233066207
2024-08-20 13:03:04,41900.0,500,Buy,233066367
2024-08-20 13:03:05,41850.0,5000,Sell,233066378
2024-08-20 13:03:09,41850.0,900,Sell,233066538
2024-08-20 13:03:09,41850.0,100,Sell,233066511
2024-08-20 13:03:12,41850.0,100,Sell,233066613
2024-08-20 13:03:12,41850.0,300,Sell,233066614
2024-08-20 13:03:12,41850.0,500,Sell,233066615
2024-08-20 13:03:12,41850.0,100,Sell,233066612
2024-08-20 13:03:17,41850.0,500,Sell,233066845
2024-08-20 13:03:18,41850.0,500,Sell,233066893
2024-08-20 13:03:29,41850.0,500,Sell,233067317
2024-08-20 13:03:31,41900.0,1000,Buy,233067403
2024-08-20 13:03:32,41850.0,1000,Sell,233067444
2024-08-20 13:03:38,41850.0,500,Sell,233067591
2024-08-20 13:03:39,41850.0,200,Sell,233067626
2024-08-20 13:03:40,41900.0,1400,Buy,233067639
2024-08-20 13:03:49,41900.0,500,Buy,233068150
2024-08-20 13:03:58,41850.0,300,Sell,233068430
2024-08-20 13:03:58,41850.0,100,Sell,233068431
2024-08-20 13:03:58,41850.0,100,Sell,233068432
2024-08-20 13:03:59,41850.0,100,Sell,233068473
2024-08-20 13:04:06,41900.0,1000,Buy,233068851
2024-08-20 13:04:06,41900.0,100,Buy,233068850
2024-08-20 13:04:06,41900.0,1000,Buy,233068849
2024-08-20 13:04:06,41900.0,100,Buy,233068846
2024-08-20 13:04:06,41900.0,900,Buy,233068847
2024-08-20 13:04:06,41900.0,10000,Buy,233068845
2024-08-20 13:04:06,41900.0,3400,Buy,233068844
2024-08-20 13:04:06,41900.0,1000,Buy,233068848
2024-08-20 13:04:12,41900.0,500,Buy,233069091
2024-08-20 13:04:18,41900.0,500,Sell,233069324
2024-08-20 13:04:33,41900.0,1400,Sell,233069991
2024-08-20 13:04:33,41900.0,400,Sell,233069994
2024-08-20 13:04:33,41900.0,500,Sell,233069989
2024-08-20 13:04:33,41900.0,100,Sell,233069990
2024-08-20 13:04:36,41900.0,100,Sell,233070143
2024-08-20 13:04:37,41900.0,100,Sell,233070190
2024-08-20 13:04:37,41900.0,100,Sell,233070188
2024-08-20 13:04:37,41900.0,100,Sell,233070189
2024-08-20 13:04:38,41850.0,100,Sell,233070240
2024-08-20 13:04:38,41850.0,100,Sell,233070237
2024-08-20 13:04:38,41850.0,100,Sell,233070238
2024-08-20 13:04:38,41850.0,200,Sell,233070239
2024-08-20 13:04:53,41900.0,300,Buy,233070787
2024-08-20 13:04:58,41850.0,100,Sell,233071005
2024-08-20 13:04:58,41850.0,100,Sell,233071006
2024-08-20 13:04:58,41850.0,300,Sell,233071007
2024-08-20 13:05:13,41900.0,1000,Buy,233071601
2024-08-20 13:05:18,41850.0,500,Sell,233071864
2024-08-20 13:05:38,41900.0,9000,Buy,233072932
2024-08-20 13:05:38,41900.0,1000,Buy,233072933
2024-08-20 13:05:38,41850.0,500,Sell,233072949
2024-08-20 13:05:39,41900.0,1000,Buy,233073025
2024-08-20 13:05:39,41900.0,1000,Buy,233073026
2024-08-20 13:05:51,41850.0,100,Sell,233073657
2024-08-20 13:05:51,41850.0,300,Sell,233073659
2024-08-20 13:05:51,41850.0,300,Sell,233073658
2024-08-20 13:05:51,41850.0,3000,Sell,233073656
2024-08-20 13:05:51,41850.0,100,Sell,233073654
2024-08-20 13:05:51,41850.0,500,Sell,233073655
2024-08-20 13:05:51,41850.0,700,Sell,233073653
2024-08-20 13:05:52,41900.0,1100,Buy,233073699
2024-08-20 13:05:52,41900.0,200,Buy,233073700
2024-08-20 13:05:52,41900.0,200,Buy,233073701
2024-08-20 13:05:58,41900.0,1500,Sell,233073851
2024-08-20 13:05:59,41850.0,500,Sell,233073902
2024-08-20 13:06:18,41850.0,500,Sell,233074804
2024-08-20 13:06:24,41850.0,100,Sell,233075087
2024-08-20 13:06:39,41850.0,500,Sell,233075684
2024-08-20 13:06:45,41900.0,1900,Buy,233075987
2024-08-20 13:06:46,41900.0,600,Buy,233076037
2024-08-20 13:06:58,41900.0,1300,Sell,233076771
2024-08-20 13:06:58,41900.0,1700,Sell,233076772
2024-08-20 13:06:59,41900.0,200,Sell,233076816
2024-08-20 13:06:59,41900.0,300,Sell,233076817
2024-08-20 13:07:10,41900.0,1900,Sell,233077316
2024-08-20 13:07:10,41900.0,1900,Sell,233077315
2024-08-20 13:07:10,41900.0,1600,Sell,233077314
2024-08-20 13:07:16,41900.0,9600,Buy,233077573
2024-08-20 13:07:19,41850.0,100,Sell,233077686
2024-08-20 13:07:19,41900.0,400,Sell,233077685
2024-08-20 13:07:22,41850.0,100,Sell,233077811
2024-08-20 13:07:34,41900.0,500,Buy,233078290
2024-08-20 13:07:35,41900.0,1000,Sell,233078386
2024-08-20 13:07:39,41900.0,400,Sell,233078523
2024-08-20 13:07:39,41850.0,100,Sell,233078524
2024-08-20 13:07:59,41900.0,500,Sell,233079525
2024-08-20 13:08:06,41900.0,1400,Sell,233079822
2024-08-20 13:08:18,41900.0,100,Buy,233080353
2024-08-20 13:08:19,41850.0,100,Sell,233080407
2024-08-20 13:08:19,41850.0,200,Sell,233080408
2024-08-20 13:08:19,41850.0,100,Sell,233080409
2024-08-20 13:08:19,41850.0,100,Sell,233080410
2024-08-20 13:08:19,41900.0,500,Buy,233080414
2024-08-20 13:08:30,41900.0,2000,Sell,233080922
2024-08-20 13:08:39,41850.0,500,Sell,233081311
2024-08-20 13:08:49,41900.0,100,Buy,233081867
2024-08-20 13:08:56,41900.0,1000,Buy,233082152
2024-08-20 13:08:56,41900.0,7900,Buy,233082151
2024-08-20 13:08:59,41850.0,500,Sell,233082273
2024-08-20 13:09:00,41850.0,1000,Sell,233082307
2024-08-20 13:09:20,41850.0,500,Sell,233083216
2024-08-20 13:09:38,41950.0,500,Buy,233083956
2024-08-20 13:09:38,41950.0,100,Buy,233083957
2024-08-20 13:09:38,41950.0,1300,Buy,233083958
2024-08-20 13:09:40,41850.0,500,Sell,233084050
2024-08-20 13:10:00,41850.0,500,Sell,233084842
2024-08-20 13:10:20,41850.0,500,Sell,233085866
2024-08-20 13:10:40,41850.0,500,Sell,233086929
2024-08-20 13:11:00,41850.0,500,Sell,233087792
2024-08-20 13:11:20,41850.0,100,Sell,233088720
2024-08-20 13:11:20,41850.0,100,Sell,233088721
2024-08-20 13:11:20,41850.0,300,Sell,233088722
2024-08-20 13:11:40,41900.0,100,Sell,233089648
2024-08-20 13:11:40,41900.0,200,Sell,233089649
2024-08-20 13:11:40,41850.0,200,Sell,233089650
2024-08-20 13:12:00,41850.0,500,Sell,233090611
2024-08-20 13:12:20,41850.0,500,Sell,233091505
2024-08-20 13:12:35,41850.0,1000,Sell,233092387
2024-08-20 13:12:40,41850.0,500,Sell,233092684
2024-08-20 13:12:52,41850.0,900,Sell,233093400
2024-08-20 13:12:52,41850.0,900,Sell,233093401
2024-08-20 13:12:52,41850.0,500,Sell,233093399
2024-08-20 13:13:01,41850.0,500,Sell,233093776
2024-08-20 13:13:21,41900.0,500,Sell,233095252
2024-08-20 13:13:34,41950.0,700,Buy,233096448
2024-08-20 13:13:34,41950.0,700,Buy,233096449
2024-08-20 13:13:41,41900.0,500,Sell,233096891
2024-08-20 13:13:51,41950.0,300,Buy,233097593
2024-08-20 13:13:51,41950.0,300,Buy,233097594
2024-08-20 13:13:51,41950.0,700,Buy,233097595
2024-08-20 13:13:51,41950.0,100,Buy,233097596
2024-08-20 13:13:51,41950.0,500,Buy,233097597
2024-08-20 13:14:01,41900.0,500,Sell,233098495
2024-08-20 13:14:13,41950.0,500,Buy,233099565
2024-08-20 13:14:13,41950.0,1400,Buy,233099566
2024-08-20 13:14:18,41950.0,800,Buy,233099912
2024-08-20 13:14:18,41950.0,600,Buy,233099910
2024-08-20 13:14:18,41950.0,500,Buy,233099911
2024-08-20 13:14:21,41900.0,500,Sell,233100152
2024-08-20 13:14:29,41950.0,4000,Buy,233100745
2024-08-20 13:14:29,41950.0,3000,Buy,233100744
2024-08-20 13:14:29,41950.0,600,Buy,233100742
2024-08-20 13:14:29,41950.0,100,Buy,233100741
2024-08-20 13:14:29,41950.0,500,Buy,233100743
2024-08-20 13:14:29,41950.0,500,Buy,233100737
2024-08-20 13:14:29,41950.0,200,Buy,233100736
2024-08-20 13:14:29,41950.0,1000,Buy,233100735
2024-08-20 13:14:29,41950.0,1000,Buy,233100734
2024-08-20 13:14:29,41950.0,200,Buy,233100733
2024-08-20 13:14:29,41950.0,100,Buy,233100740
2024-08-20 13:14:35,42000.0,1700,Buy,233101128
2024-08-20 13:14:35,42000.0,200,Buy,233101129
2024-08-20 13:14:41,41900.0,500,Sell,233101667
2024-08-20 13:15:01,42000.0,1900,Buy,233103540
2024-08-20 13:15:01,41900.0,500,Sell,233103587
2024-08-20 13:15:21,41900.0,500,Sell,233104874
2024-08-20 13:15:30,41900.0,500,Sell,233105483
2024-08-20 13:15:30,41900.0,1200,Sell,233105482
2024-08-20 13:15:30,41900.0,1000,Sell,233105480
2024-08-20 13:15:30,41900.0,100,Sell,233105481
2024-08-20 13:15:30,41900.0,300,Sell,233105479
2024-08-20 13:15:34,41900.0,1000,Buy,233105697
2024-08-20 13:15:38,41900.0,1600,Buy,233105942
2024-08-20 13:15:42,41850.0,500,Sell,233106298
2024-08-20 13:15:49,41850.0,5700,Sell,233106791
2024-08-20 13:16:02,41850.0,500,Sell,233107574
2024-08-20 13:16:11,41850.0,700,Sell,233108185
2024-08-20 13:16:11,41850.0,100,Sell,233108184
2024-08-20 13:16:11,41850.0,1000,Sell,233108182
2024-08-20 13:16:11,41850.0,1900,Sell,233108181
2024-08-20 13:16:11,41850.0,2000,Sell,233108183
2024-08-20 13:16:22,41850.0,500,Sell,233108820
2024-08-20 13:16:41,41850.0,3800,Sell,233109841
2024-08-20 13:16:41,41850.0,1200,Sell,233109842
2024-08-20 13:16:41,41850.0,700,Sell,233109843
2024-08-20 13:16:42,41850.0,300,Sell,233109906
2024-08-20 13:16:42,41850.0,200,Sell,233109910
2024-08-20 13:16:57,41850.0,400,Sell,233110494
2024-08-20 13:17:02,41850.0,100,Sell,233110709
2024-08-20 13:17:02,41850.0,400,Sell,233110708
2024-08-20 13:17:15,41850.0,100,Sell,233111369
2024-08-20 13:17:15,41850.0,5000,Sell,233111370
2024-08-20 13:17:15,41850.0,600,Sell,233111371
2024-08-20 13:17:22,41850.0,500,Sell,233111741
2024-08-20 13:17:42,41850.0,500,Sell,233112810
2024-08-20 13:17:51,41850.0,100,Sell,233113159
2024-08-20 13:18:02,41850.0,5700,Sell,233113714
2024-08-20 13:18:02,41850.0,500,Sell,233113776
2024-08-20 13:18:22,41850.0,500,Sell,233114685
2024-08-20 13:18:42,41850.0,500,Sell,233115702
2024-08-20 13:18:51,41850.0,200,Sell,233116142
2024-08-20 13:18:51,41850.0,5500,Sell,233116143
2024-08-20 13:19:03,41850.0,500,Sell,233116798
2024-08-20 13:19:13,41850.0,300,Sell,233117264
2024-08-20 13:19:23,41850.0,500,Sell,233117710
2024-08-20 13:19:24,41850.0,500,Sell,233117765
2024-08-20 13:19:43,41850.0,500,Sell,233118487
2024-08-20 13:20:03,41850.0,500,Sell,233119312
2024-08-20 13:20:23,41850.0,500,Sell,233120125
2024-08-20 13:20:24,41850.0,400,Sell,233120169
2024-08-20 13:20:24,41850.0,1200,Sell,233120167
2024-08-20 13:20:24,41850.0,700,Sell,233120168
2024-08-20 13:20:41,41850.0,500,Sell,233120783
2024-08-20 13:20:43,41850.0,500,Sell,233120829
2024-08-20 13:21:03,41850.0,500,Sell,233121571
2024-08-20 13:21:23,41850.0,400,Sell,233122193
2024-08-20 13:21:23,41850.0,100,Sell,233122192
2024-08-20 13:21:27,41850.0,300,Sell,233122323
2024-08-20 13:21:40,41850.0,200,Sell,233122769
2024-08-20 13:21:43,41850.0,100,Sell,233122876
2024-08-20 13:21:43,41850.0,500,Sell,233122877
2024-08-20 13:22:04,41850.0,600,Sell,233123501
2024-08-20 13:22:12,41850.0,500,Sell,233123834
2024-08-20 13:22:24,41850.0,600,Sell,233124290
2024-08-20 13:22:35,41850.0,500,Sell,233124762
2024-08-20 13:22:36,41900.0,500,Buy,233124813
2024-08-20 13:22:36,41900.0,500,Buy,233124812
2024-08-20 13:22:36,41900.0,400,Buy,233124811
2024-08-20 13:22:44,41850.0,600,Sell,233125077
2024-08-20 13:22:45,41850.0,500,Sell,233125111
2024-08-20 13:23:04,41850.0,600,Sell,233125738
2024-08-20 13:23:21,41900.0,500,Buy,233126194
2024-08-20 13:23:24,41900.0,600,Sell,233126289
2024-08-20 13:23:44,41900.0,600,Sell,233126927
2024-08-20 13:23:48,41900.0,5100,Sell,233127052
2024-08-20 13:23:58,41900.0,300,Sell,233127375
2024-08-20 13:24:04,41900.0,600,Sell,233127536
2024-08-20 13:24:08,41900.0,700,Sell,233127674
2024-08-20 13:24:20,41900.0,100,Sell,233128050
2024-08-20 13:24:23,41950.0,200,Buy,233128106
2024-08-20 13:24:23,41950.0,100,Buy,233128107
2024-08-20 13:24:23,41950.0,500,Buy,233128108
2024-08-20 13:24:23,41950.0,100,Buy,233128109
2024-08-20 13:24:24,41900.0,600,Sell,233128163
2024-08-20 13:24:44,41900.0,600,Sell,233128856
2024-08-20 13:25:05,41900.0,600,Sell,233129587
2024-08-20 13:25:25,41900.0,300,Sell,233130205
2024-08-20 13:25:25,41900.0,300,Sell,233130204
2024-08-20 13:25:40,41900.0,100,Sell,233130720
2024-08-20 13:25:45,41900.0,600,Sell,233130836
2024-08-20 13:26:05,41900.0,600,Sell,233131455
2024-08-20 13:26:25,41900.0,600,Sell,233132252
2024-08-20 13:26:31,41900.0,200,Sell,233132497
2024-08-20 13:26:33,41900.0,300,Sell,233132530
2024-08-20 13:26:33,41900.0,1000,Sell,233132528
2024-08-20 13:26:33,41900.0,1400,Sell,233132529
2024-08-20 13:26:45,41900.0,600,Sell,233132933
2024-08-20 13:26:52,41900.0,200,Sell,233133196
2024-08-20 13:27:05,41900.0,600,Sell,233133587
2024-08-20 13:27:16,41900.0,200,Sell,233133962
2024-08-20 13:27:17,41900.0,100,Sell,233134007
2024-08-20 13:27:17,41900.0,900,Sell,233134008
2024-08-20 13:27:26,41900.0,100,Sell,233134487
2024-08-20 13:27:26,41850.0,500,Sell,233134488
2024-08-20 13:27:40,41900.0,100,Sell,233135278
2024-08-20 13:27:40,41900.0,200,Sell,233135239
2024-08-20 13:27:46,41900.0,600,Sell,233135580
2024-08-20 13:27:47,41900.0,300,Sell,233135634
2024-08-20 13:27:50,41900.0,1700,Buy,233135825
2024-08-20 13:27:55,41900.0,300,Sell,233136045
2024-08-20 13:28:00,41950.0,600,Buy,233136255
2024-08-20 13:28:00,41950.0,500,Buy,233136257
2024-08-20 13:28:00,41950.0,100,Buy,233136256
2024-08-20 13:28:00,41950.0,200,Buy,233136253
2024-08-20 13:28:00,41950.0,200,Buy,233136252
2024-08-20 13:28:00,41950.0,1000,Buy,233136251
2024-08-20 13:28:00,41950.0,900,Buy,233136250
2024-08-20 13:28:00,41950.0,1500,Buy,233136254
2024-08-20 13:28:05,41900.0,2000,Sell,233136643
2024-08-20 13:28:05,41900.0,600,Sell,233136701
2024-08-20 13:28:07,41950.0,200,Buy,233136817
2024-08-20 13:28:08,41950.0,1900,Buy,233137061
2024-08-20 13:28:22,41950.0,500,Buy,233137862
2024-08-20 13:28:26,41900.0,600,Sell,233138040
2024-08-20 13:28:46,41900.0,600,Sell,233139194
2024-08-20 13:28:50,41950.0,3500,Buy,233139466
2024-08-20 13:29:03,41950.0,1900,Buy,233140358
2024-08-20 13:29:04,41950.0,200,Buy,233140481
2024-08-20 13:29:04,41950.0,3000,Buy,233140471
2024-08-20 13:29:04,41950.0,100,Buy,233140472
2024-08-20 13:29:04,41950.0,200,Buy,233140470
2024-08-20 13:29:04,41950.0,500,Buy,233140474
2024-08-20 13:29:04,41950.0,100,Buy,233140468
2024-08-20 13:29:04,41950.0,1000,Buy,233140469
2024-08-20 13:29:04,41950.0,400,Buy,233140465
2024-08-20 13:29:04,41950.0,1000,Buy,233140473
2024-08-20 13:29:04,41950.0,100,Buy,233140466
2024-08-20 13:29:04,41950.0,200,Buy,233140467
2024-08-20 13:29:06,42000.0,4400,Buy,233140652
2024-08-20 13:29:06,41950.0,600,Sell,233140632
2024-08-20 13:29:16,41950.0,1300,Sell,233141208
2024-08-20 13:29:17,41950.0,200,Buy,233141279
2024-08-20 13:29:22,41950.0,500,Buy,233141636
2024-08-20 13:29:26,41900.0,600,Sell,233141925
2024-08-20 13:29:29,41950.0,200,Buy,233142193
2024-08-20 13:29:36,41950.0,100,Buy,233142584
2024-08-20 13:29:36,41950.0,200,Buy,233142585
2024-08-20 13:29:43,41950.0,200,Sell,233143070
2024-08-20 13:29:43,41950.0,100,Sell,233143069
2024-08-20 13:29:43,41950.0,700,Sell,233143064
2024-08-20 13:29:46,41950.0,600,Sell,233143285
2024-08-20 13:29:49,41950.0,1100,Sell,233143457
2024-08-20 13:29:49,41950.0,400,Sell,233143458
2024-08-20 13:29:49,41950.0,3500,Sell,233143459
2024-08-20 13:30:06,41950.0,400,Sell,233144519
2024-08-20 13:30:06,41900.0,200,Sell,233144520
2024-08-20 13:30:26,41900.0,600,Sell,233145866
2024-08-20 13:30:47,41900.0,600,Sell,233147325
2024-08-20 13:31:02,41950.0,100,Buy,233148535
2024-08-20 13:31:02,41950.0,100,Buy,233148536
2024-08-20 13:31:02,41950.0,100,Buy,233148534
2024-08-20 13:31:07,41900.0,600,Sell,233148910
2024-08-20 13:31:07,41900.0,900,Sell,233148954
2024-08-20 13:31:17,41900.0,3500,Sell,233149509
2024-08-20 13:31:27,41900.0,600,Sell,233150001
2024-08-20 13:31:34,41950.0,500,Buy,233150553
2024-08-20 13:31:39,41900.0,500,Sell,233150853
2024-08-20 13:31:43,41950.0,1000,Buy,233151016
2024-08-20 13:31:47,41900.0,600,Sell,233151336
2024-08-20 13:31:51,41900.0,1000,Sell,233151630
2024-08-20 13:31:53,41950.0,2300,Buy,233151732
