time,price,volume,match_type,id
2024-08-28 09:14:59,45500.0,110800,ATO/ATC,235229799
2024-08-28 09:15:03,45500.0,200,Buy,235230019
2024-08-28 09:15:07,45500.0,1100,Buy,235230057
2024-08-28 09:15:07,45600.0,900,Buy,235230070
2024-08-28 09:15:07,45600.0,200,Buy,235230067
2024-08-28 09:15:07,45600.0,400,Buy,235230066
2024-08-28 09:15:07,45600.0,1000,Buy,235230065
2024-08-28 09:15:07,45600.0,100,Buy,235230064
2024-08-28 09:15:07,45500.0,100,Buy,235230056
2024-08-28 09:15:07,45600.0,100,Buy,235230062
2024-08-28 09:15:07,45550.0,200,Buy,235230058
2024-08-28 09:15:07,45550.0,100,Buy,235230059
2024-08-28 09:15:07,45600.0,100,Buy,235230063
2024-08-28 09:15:07,45600.0,100,Buy,235230061
2024-08-28 09:15:07,45550.0,200,Buy,235230060
2024-08-28 09:15:18,45600.0,200,Buy,235230279
2024-08-28 09:15:18,45600.0,1000,Buy,235230280
2024-08-28 09:15:18,45600.0,500,Buy,235230281
2024-08-28 09:15:18,45650.0,1500,Buy,235230282
2024-08-28 09:15:18,45700.0,100,Buy,235230283
2024-08-28 09:15:18,45700.0,6600,Buy,235230284
2024-08-28 09:15:18,45600.0,100,Buy,235230278
2024-08-28 09:15:19,45600.0,100,Buy,235230310
2024-08-28 09:15:27,45700.0,1200,Buy,235230401
2024-08-28 09:15:27,45700.0,100,Buy,235230400
2024-08-28 09:15:27,45700.0,200,Buy,235230399
2024-08-28 09:15:27,45700.0,100,Sell,235230406
2024-08-28 09:15:27,45700.0,500,Buy,235230397
2024-08-28 09:15:27,45700.0,100,Buy,235230396
2024-08-28 09:15:27,45700.0,1000,Buy,235230395
2024-08-28 09:15:27,45700.0,1400,Buy,235230394
2024-08-28 09:15:27,45700.0,100,Buy,235230398
2024-08-28 09:15:28,45700.0,1000,Sell,235230468
2024-08-28 09:15:29,45700.0,100,Sell,235230486
2024-08-28 09:15:33,45700.0,100,Sell,235230542
2024-08-28 09:15:34,45700.0,100,Sell,235230546
2024-08-28 09:15:41,45700.0,100,Sell,235230751
2024-08-28 09:15:42,45750.0,1000,Buy,235230761
2024-08-28 09:15:42,45700.0,3800,Sell,235230755
2024-08-28 09:15:42,45750.0,100,Buy,235230760
2024-08-28 09:15:47,45900.0,500,Buy,235230918
2024-08-28 09:15:47,45900.0,500,Buy,235230923
2024-08-28 09:15:47,45900.0,100,Buy,235230922
2024-08-28 09:15:47,45900.0,100,Buy,235230921
2024-08-28 09:15:47,45900.0,100,Buy,235230920
2024-08-28 09:15:47,45900.0,500,Buy,235230919
2024-08-28 09:15:47,45900.0,200,Buy,235230917
2024-08-28 09:15:47,45850.0,1000,Buy,235230916
2024-08-28 09:15:47,45800.0,100,Buy,235230907
2024-08-28 09:15:47,45800.0,100,Buy,235230914
2024-08-28 09:15:47,45800.0,200,Buy,235230913
2024-08-28 09:15:47,45800.0,100,Buy,235230912
2024-08-28 09:15:47,45800.0,200,Buy,235230911
2024-08-28 09:15:47,45800.0,100,Buy,235230910
2024-08-28 09:15:47,45800.0,200,Buy,235230909
2024-08-28 09:15:47,45800.0,100,Buy,235230908
2024-08-28 09:15:47,45800.0,600,Buy,235230915
2024-08-28 09:15:48,45950.0,400,Buy,235230953
2024-08-28 09:15:48,45950.0,100,Buy,235230954
2024-08-28 09:15:48,45950.0,100,Buy,235230955
2024-08-28 09:15:48,45950.0,100,Buy,235230956
2024-08-28 09:15:48,46000.0,200,Buy,235230960
2024-08-28 09:15:48,45950.0,2000,Buy,235230958
2024-08-28 09:15:48,45950.0,1000,Buy,235230959
2024-08-28 09:15:48,46000.0,300,Buy,235230961
2024-08-28 09:15:48,45950.0,1000,Buy,235230957
2024-08-28 09:15:48,45950.0,500,Buy,235230952
2024-08-28 09:15:48,45900.0,100,Buy,235230949
2024-08-28 09:15:48,45900.0,100,Buy,235230950
2024-08-28 09:15:48,45900.0,100,Buy,235230947
2024-08-28 09:15:48,45900.0,200,Buy,235230946
2024-08-28 09:15:48,45900.0,100,Buy,235230945
2024-08-28 09:15:48,45900.0,300,Buy,235230944
2024-08-28 09:15:48,45900.0,100,Buy,235230943
2024-08-28 09:15:48,45900.0,100,Buy,235230942
2024-08-28 09:15:48,45900.0,100,Buy,235230941
2024-08-28 09:15:48,45900.0,200,Buy,235230940
2024-08-28 09:15:48,45950.0,100,Buy,235230951
2024-08-28 09:15:48,45900.0,500,Buy,235230948
2024-08-28 09:15:49,46000.0,100,Buy,235230983
2024-08-28 09:15:50,45800.0,500,Sell,235230995
2024-08-28 09:15:52,45800.0,100,Sell,235231026
2024-08-28 09:15:52,46000.0,400,Buy,235231021
2024-08-28 09:15:52,46000.0,600,Buy,235231019
2024-08-28 09:15:52,45800.0,100,Sell,235231017
2024-08-28 09:15:52,46000.0,1000,Buy,235231020
2024-08-28 09:15:57,45950.0,100,Buy,235231126
2024-08-28 09:15:58,46000.0,500,Buy,235231137
2024-08-28 09:15:58,46000.0,700,Buy,235231155
2024-08-28 09:15:59,46000.0,4000,Buy,235231178
2024-08-28 09:15:59,45800.0,100,Sell,235231195
2024-08-28 09:15:59,46000.0,100,Buy,235231177
2024-08-28 09:15:59,46000.0,200,Buy,235231176
2024-08-28 09:15:59,46000.0,3000,Buy,235231175
2024-08-28 09:15:59,46000.0,100,Buy,235231173
2024-08-28 09:15:59,46000.0,100,Buy,235231172
2024-08-28 09:15:59,46000.0,200,Buy,235231174
2024-08-28 09:15:59,46000.0,100,Buy,235231170
2024-08-28 09:15:59,46000.0,200,Buy,235231169
2024-08-28 09:15:59,46000.0,200,Buy,235231168
2024-08-28 09:15:59,46000.0,100,Buy,235231167
2024-08-28 09:15:59,46000.0,100,Buy,235231166
2024-08-28 09:15:59,46000.0,500,Buy,235231164
2024-08-28 09:15:59,46000.0,1000,Buy,235231165
2024-08-28 09:15:59,46000.0,100,Buy,235231171
2024-08-28 09:16:00,46000.0,100,Buy,235231223
2024-08-28 09:16:01,45800.0,5000,Sell,235231224
2024-08-28 09:16:02,46000.0,100,Buy,235231245
2024-08-28 09:16:03,46000.0,800,Buy,235231253
2024-08-28 09:16:03,45800.0,100,Sell,235231269
2024-08-28 09:16:04,46000.0,600,Buy,235231306
2024-08-28 09:16:04,46000.0,100,Buy,235231307
2024-08-28 09:16:04,46000.0,100,Buy,235231308
2024-08-28 09:16:04,46000.0,100,Buy,235231309
2024-08-28 09:16:04,46000.0,200,Buy,235231297
2024-08-28 09:16:04,46000.0,300,Buy,235231311
2024-08-28 09:16:04,46000.0,1000,Buy,235231312
2024-08-28 09:16:04,46000.0,100,Buy,235231313
2024-08-28 09:16:04,46000.0,4500,Buy,235231314
2024-08-28 09:16:04,46000.0,100,Buy,235231305
2024-08-28 09:16:04,46000.0,100,Buy,235231310
2024-08-28 09:16:04,46000.0,100,Buy,235231304
2024-08-28 09:16:04,46000.0,100,Buy,235231294
2024-08-28 09:16:04,46000.0,100,Buy,235231302
2024-08-28 09:16:04,46000.0,5000,Buy,235231290
2024-08-28 09:16:04,46000.0,100,Buy,235231303
2024-08-28 09:16:04,46000.0,1800,Buy,235231292
2024-08-28 09:16:04,46000.0,3000,Buy,235231293
2024-08-28 09:16:04,46000.0,100,Buy,235231295
2024-08-28 09:16:04,46000.0,2000,Buy,235231291
2024-08-28 09:16:04,46000.0,100,Buy,235231298
2024-08-28 09:16:04,46000.0,100,Buy,235231299
2024-08-28 09:16:04,46000.0,100,Buy,235231300
2024-08-28 09:16:04,46000.0,100,Buy,235231301
2024-08-28 09:16:04,46000.0,100,Buy,235231296
2024-08-28 09:16:07,45800.0,100,Sell,235231372
2024-08-28 09:16:09,46000.0,500,Buy,235231428
2024-08-28 09:16:10,45950.0,1000,Buy,235231487
2024-08-28 09:16:10,46000.0,2800,Buy,235231488
2024-08-28 09:16:11,46000.0,100,Buy,235231500
2024-08-28 09:16:16,46000.0,100,Buy,235231597
2024-08-28 09:16:17,46000.0,500,Buy,235231623
2024-08-28 09:16:18,46000.0,200,Buy,235231666
2024-08-28 09:16:18,46000.0,1000,Buy,235231667
2024-08-28 09:16:18,46000.0,200,Buy,235231665
2024-08-28 09:16:18,46000.0,1000,Buy,235231669
2024-08-28 09:16:18,46000.0,100,Buy,235231670
2024-08-28 09:16:18,46000.0,500,Buy,235231668
2024-08-28 09:16:18,46000.0,1500,Buy,235231664
2024-08-28 09:16:18,46000.0,100,Buy,235231671
2024-08-28 09:16:18,46000.0,200,Buy,235231662
2024-08-28 09:16:18,46000.0,1900,Buy,235231661
2024-08-28 09:16:18,46000.0,100,Buy,235231660
2024-08-28 09:16:18,46000.0,500,Buy,235231659
2024-08-28 09:16:18,46000.0,100,Buy,235231658
2024-08-28 09:16:18,46000.0,500,Buy,235231657
2024-08-28 09:16:18,46000.0,4500,Buy,235231656
2024-08-28 09:16:18,46000.0,1000,Buy,235231663
2024-08-28 09:16:18,45950.0,100,Sell,235231653
2024-08-28 09:16:23,46000.0,2000,Sell,235231819
2024-08-28 09:16:23,46000.0,100,Sell,235231820
2024-08-28 09:16:25,46000.0,100,Sell,235231877
2024-08-28 09:16:27,46000.0,500,Sell,235231917
2024-08-28 09:16:28,46000.0,200,Sell,235231956
2024-08-28 09:16:30,46050.0,100,Buy,235231988
2024-08-28 09:16:30,46050.0,100,Buy,235231989
2024-08-28 09:16:30,46050.0,100,Buy,235231990
2024-08-28 09:16:30,46000.0,100,Sell,235232014
2024-08-28 09:16:30,46000.0,100,Sell,235232015
2024-08-28 09:16:33,46050.0,1900,Buy,235232048
2024-08-28 09:16:33,46050.0,1000,Sell,235232060
2024-08-28 09:16:33,46050.0,1900,Sell,235232069
2024-08-28 09:16:34,46050.0,100,Sell,235232082
2024-08-28 09:16:35,46050.0,5000,Sell,235232109
2024-08-28 09:16:36,46100.0,100,Buy,235232118
2024-08-28 09:16:36,46100.0,100,Buy,235232119
2024-08-28 09:16:37,46050.0,100,Sell,235232130
2024-08-28 09:16:40,46100.0,900,Buy,235232229
2024-08-28 09:16:40,46100.0,100,Buy,235232232
2024-08-28 09:16:40,46100.0,200,Buy,235232233
2024-08-28 09:16:40,46100.0,500,Buy,235232234
2024-08-28 09:16:40,46100.0,100,Buy,235232235
2024-08-28 09:16:40,46100.0,100,Buy,235232236
2024-08-28 09:16:40,46100.0,100,Buy,235232237
2024-08-28 09:16:41,46100.0,100,Buy,235232245
2024-08-28 09:16:41,46100.0,500,Buy,235232246
2024-08-28 09:16:41,46100.0,1000,Buy,235232244
2024-08-28 09:16:41,46000.0,200,Sell,235232247
2024-08-28 09:16:41,46100.0,100,Buy,235232242
2024-08-28 09:16:41,46100.0,100,Buy,235232241
2024-08-28 09:16:41,46100.0,100,Buy,235232240
2024-08-28 09:16:41,46100.0,100,Buy,235232243
2024-08-28 09:16:42,46000.0,100,Sell,235232269
2024-08-28 09:16:47,46100.0,300,Buy,235232363
2024-08-28 09:16:52,46050.0,600,Sell,235232477
2024-08-28 09:16:52,46100.0,100,Buy,235232478
2024-08-28 09:16:52,46050.0,1300,Sell,235232475
2024-08-28 09:16:52,46050.0,100,Sell,235232476
2024-08-28 09:16:53,46100.0,100,Buy,235232492
2024-08-28 09:16:54,46050.0,200,Sell,235232501
2024-08-28 09:16:54,46100.0,800,Buy,235232502
2024-08-28 09:16:57,46100.0,300,Buy,235232575
2024-08-28 09:17:02,46000.0,500,Sell,235232675
2024-08-28 09:17:02,46000.0,1500,Sell,235232674
2024-08-28 09:17:02,46000.0,1000,Sell,235232673
2024-08-28 09:17:02,46000.0,700,Sell,235232672
2024-08-28 09:17:02,46050.0,200,Sell,235232669
2024-08-28 09:17:02,46050.0,100,Sell,235232670
2024-08-28 09:17:02,46050.0,100,Sell,235232668
2024-08-28 09:17:02,46050.0,100,Sell,235232667
2024-08-28 09:17:02,46050.0,200,Sell,235232666
2024-08-28 09:17:02,46050.0,600,Sell,235232671
2024-08-28 09:17:04,46100.0,200,Buy,235232705
2024-08-28 09:17:04,46100.0,200,Buy,235232707
2024-08-28 09:17:05,46050.0,400,Sell,235232749
2024-08-28 09:17:05,46050.0,200,Sell,235232750
2024-08-28 09:17:06,46100.0,100,Buy,235232760
2024-08-28 09:17:06,46100.0,100,Sell,235232769
2024-08-28 09:17:06,46100.0,1000,Buy,235232762
2024-08-28 09:17:06,46100.0,5000,Buy,235232761
2024-08-28 09:17:06,46100.0,200,Buy,235232759
2024-08-28 09:17:06,46100.0,3500,Sell,235232767
2024-08-28 09:17:06,46100.0,500,Buy,235232757
2024-08-28 09:17:06,46100.0,1900,Buy,235232756
2024-08-28 09:17:06,46100.0,100,Buy,235232755
2024-08-28 09:17:06,46100.0,100,Buy,235232754
2024-08-28 09:17:06,46100.0,100,Buy,235232758
2024-08-28 09:17:06,46100.0,100,Buy,235232753
2024-08-28 09:17:06,46100.0,500,Buy,235232752
2024-08-28 09:17:08,46000.0,100,Sell,235232844
2024-08-28 09:17:08,46000.0,1400,Sell,235232843
2024-08-28 09:17:08,46000.0,400,Sell,235232842
2024-08-28 09:17:08,46000.0,4600,Sell,235232841
2024-08-28 09:17:08,46000.0,100,Sell,235232840
2024-08-28 09:17:08,46000.0,15000,Sell,235232839
2024-08-28 09:17:08,46100.0,2300,Sell,235232834
2024-08-28 09:17:08,46000.0,300,Sell,235232837
2024-08-28 09:17:08,46100.0,600,Sell,235232805
2024-08-28 09:17:08,46100.0,400,Sell,235232806
2024-08-28 09:17:08,46000.0,1000,Sell,235232838
2024-08-28 09:17:08,46000.0,2000,Sell,235232835
2024-08-28 09:17:08,46000.0,1000,Sell,235232836
2024-08-28 09:17:08,46100.0,3500,Sell,235232810
2024-08-28 09:17:11,46000.0,500,Buy,235232904
2024-08-28 09:17:11,46000.0,1000,Buy,235232906
2024-08-28 09:17:11,46000.0,5000,Buy,235232907
2024-08-28 09:17:12,45900.0,1000,Sell,235232913
2024-08-28 09:17:14,46000.0,300,Buy,235232983
2024-08-28 09:17:20,45950.0,100,Buy,235233132
2024-08-28 09:17:24,45950.0,200,Buy,235233213
2024-08-28 09:17:28,45800.0,1100,Sell,235233292
2024-08-28 09:17:28,45800.0,1700,Sell,235233291
2024-08-28 09:17:28,45900.0,200,Sell,235233290
2024-08-28 09:17:30,45950.0,100,Buy,235233336
2024-08-28 09:17:31,45950.0,600,Buy,235233352
2024-08-28 09:17:31,45950.0,400,Buy,235233353
2024-08-28 09:17:31,45950.0,500,Buy,235233355
2024-08-28 09:17:31,45950.0,100,Buy,235233360
2024-08-28 09:17:31,45950.0,100,Buy,235233361
2024-08-28 09:17:34,45900.0,200,Buy,235233421
2024-08-28 09:17:37,45900.0,100,Buy,235233481
2024-08-28 09:17:37,45950.0,200,Buy,235233482
2024-08-28 09:17:38,45850.0,1400,Sell,235233563
2024-08-28 09:17:39,45850.0,1000,Buy,235233627
2024-08-28 09:17:39,45850.0,100,Buy,235233637
2024-08-28 09:17:44,45800.0,1900,Sell,235233718
2024-08-28 09:17:44,45800.0,200,Sell,235233719
2024-08-28 09:17:44,45800.0,2900,Sell,235233720
2024-08-28 09:17:44,45850.0,100,Buy,235233726
2024-08-28 09:17:46,45800.0,100,Sell,235233781
2024-08-28 09:17:47,45800.0,500,Sell,235233803
2024-08-28 09:17:49,45850.0,300,Buy,235233839
2024-08-28 09:17:49,45850.0,500,Buy,235233829
2024-08-28 09:17:51,45800.0,300,Sell,235233876
2024-08-28 09:17:53,45850.0,100,Buy,235233935
2024-08-28 09:17:55,45800.0,5700,Sell,235233988
2024-08-28 09:17:55,45850.0,2200,Buy,235233999
2024-08-28 09:17:55,45850.0,1900,Buy,235234000
2024-08-28 09:17:55,45850.0,900,Buy,235234001
2024-08-28 09:17:58,45800.0,100,Sell,235234080
2024-08-28 09:18:00,45800.0,100,Sell,235234123
2024-08-28 09:18:00,45850.0,800,Buy,235234126
2024-08-28 09:18:02,45800.0,400,Buy,235234189
2024-08-28 09:18:02,45800.0,100,Sell,235234182
2024-08-28 09:18:02,45800.0,200,Sell,235234183
2024-08-28 09:18:02,45800.0,700,Sell,235234180
2024-08-28 09:18:02,45800.0,1000,Sell,235234179
2024-08-28 09:18:02,45800.0,300,Sell,235234178
2024-08-28 09:18:02,45800.0,1000,Sell,235234181
2024-08-28 09:18:03,45800.0,700,Buy,235234219
2024-08-28 09:18:09,45750.0,800,Sell,235234387
2024-08-28 09:18:09,45750.0,200,Sell,235234388
2024-08-28 09:18:09,45750.0,900,Sell,235234389
2024-08-28 09:18:10,45750.0,300,Buy,235234461
2024-08-28 09:18:10,45750.0,100,Buy,235234440
2024-08-28 09:18:13,45750.0,100,Buy,235234538
2024-08-28 09:18:13,45750.0,200,Buy,235234539
2024-08-28 09:18:14,45700.0,2000,Sell,235234550
2024-08-28 09:18:15,45700.0,1000,Sell,235234567
2024-08-28 09:18:16,45700.0,1000,Sell,235234619
2024-08-28 09:18:19,45700.0,100,Sell,235234703
2024-08-28 09:18:20,45700.0,100,Sell,235234719
2024-08-28 09:18:21,45650.0,500,Sell,235234831
2024-08-28 09:18:21,45700.0,1000,Sell,235234830
2024-08-28 09:18:21,45700.0,1000,Sell,235234812
2024-08-28 09:18:21,45700.0,900,Sell,235234829
2024-08-28 09:18:22,45650.0,500,Buy,235234875
2024-08-28 09:18:24,45650.0,100,Buy,235234912
2024-08-28 09:18:31,45600.0,100,Sell,235235027
2024-08-28 09:18:35,45650.0,2000,Buy,235235114
2024-08-28 09:18:37,45600.0,200,Sell,235235160
2024-08-28 09:18:37,45600.0,200,Sell,235235161
2024-08-28 09:18:37,45650.0,700,Buy,235235164
2024-08-28 09:18:38,45650.0,200,Sell,235235184
2024-08-28 09:18:41,45650.0,100,Sell,235235262
2024-08-28 09:18:42,45650.0,100,Sell,235235290
2024-08-28 09:18:47,45650.0,100,Sell,235235392
2024-08-28 09:18:47,45650.0,300,Sell,235235393
2024-08-28 09:18:47,45650.0,100,Sell,235235394
2024-08-28 09:18:47,45600.0,300,Sell,235235395
2024-08-28 09:18:47,45600.0,1000,Buy,235235407
2024-08-28 09:18:51,45650.0,1000,Sell,235235481
2024-08-28 09:18:51,45650.0,200,Sell,235235482
2024-08-28 09:18:54,45600.0,100,Buy,235235537
2024-08-28 09:18:54,45650.0,2300,Sell,235235530
2024-08-28 09:18:54,45600.0,100,Sell,235235531
2024-08-28 09:18:55,45600.0,400,Buy,235235547
2024-08-28 09:18:57,45600.0,1000,Buy,235235587
2024-08-28 09:18:59,45600.0,2000,Buy,235235660
2024-08-28 09:19:00,45600.0,200,Buy,235235687
2024-08-28 09:19:02,45600.0,1000,Buy,235235727
2024-08-28 09:19:03,45600.0,100,Buy,235235768
2024-08-28 09:19:03,45600.0,200,Buy,235235769
2024-08-28 09:19:04,45600.0,500,Buy,235235783
2024-08-28 09:19:05,45500.0,200,Sell,235235825
2024-08-28 09:19:05,45500.0,500,Sell,235235826
2024-08-28 09:19:05,45500.0,100,Sell,235235824
2024-08-28 09:19:05,45500.0,1000,Sell,235235827
2024-08-28 09:19:05,45500.0,100,Sell,235235822
2024-08-28 09:19:05,45500.0,1000,Sell,235235821
2024-08-28 09:19:05,45500.0,500,Sell,235235823
2024-08-28 09:19:05,45500.0,500,Sell,235235820
2024-08-28 09:19:08,45500.0,300,Buy,235235862
2024-08-28 09:19:09,45500.0,100,Buy,235235888
2024-08-28 09:19:14,45500.0,1000,Buy,235235977
2024-08-28 09:19:18,45500.0,3000,Buy,235236129
2024-08-28 09:19:21,45500.0,300,Buy,235236214
2024-08-28 09:19:23,45500.0,1400,Buy,235236252
2024-08-28 09:19:23,45500.0,500,Buy,235236253
2024-08-28 09:19:23,45500.0,500,Buy,235236254
2024-08-28 09:19:23,45500.0,4500,Buy,235236255
2024-08-28 09:19:27,45500.0,300,Sell,235236371
2024-08-28 09:19:27,45500.0,200,Sell,235236372
2024-08-28 09:19:29,45500.0,100,Sell,235236428
2024-08-28 09:19:32,45500.0,500,Sell,235236475
2024-08-28 09:19:32,45500.0,1000,Sell,235236489
2024-08-28 09:19:34,45600.0,300,Buy,235236545
2024-08-28 09:19:34,45500.0,100,Sell,235236532
2024-08-28 09:19:34,45500.0,300,Sell,235236531
2024-08-28 09:19:40,45600.0,1100,Buy,235236650
2024-08-28 09:19:42,45500.0,800,Sell,235236735
2024-08-28 09:19:42,45500.0,500,Sell,235236734
2024-08-28 09:19:42,45500.0,100,Sell,235236733
2024-08-28 09:19:42,45600.0,700,Buy,235236697
2024-08-28 09:19:42,45500.0,100,Sell,235236731
2024-08-28 09:19:42,45600.0,300,Buy,235236698
2024-08-28 09:19:42,45500.0,500,Sell,235236732
2024-08-28 09:19:44,45500.0,600,Sell,235236764
2024-08-28 09:19:46,45500.0,500,Buy,235236820
2024-08-28 09:19:46,45500.0,300,Buy,235236823
2024-08-28 09:19:47,45500.0,2000,Buy,235236832
2024-08-28 09:19:48,45500.0,1500,Buy,235236841
2024-08-28 09:19:52,45500.0,100,Buy,235236903
2024-08-28 09:19:55,45600.0,200,Buy,235236955
2024-08-28 09:19:58,45500.0,100,Sell,235236999
2024-08-28 09:20:00,45500.0,300,Sell,235237021
2024-08-28 09:20:02,45500.0,700,Sell,235237122
2024-08-28 09:20:02,45500.0,1500,Sell,235237121
2024-08-28 09:20:10,45600.0,400,Buy,235237342
2024-08-28 09:20:11,45500.0,100,Sell,235237363
2024-08-28 09:20:15,45500.0,300,Sell,235237420
2024-08-28 09:20:15,45500.0,200,Sell,235237419
2024-08-28 09:20:15,45600.0,2500,Buy,235237413
2024-08-28 09:20:15,45600.0,500,Buy,235237412
2024-08-28 09:20:15,45600.0,3600,Buy,235237403
2024-08-28 09:20:15,45600.0,1900,Buy,235237410
2024-08-28 09:20:15,45600.0,200,Buy,235237409
2024-08-28 09:20:15,45600.0,100,Buy,235237408
2024-08-28 09:20:15,45600.0,1000,Buy,235237407
2024-08-28 09:20:15,45600.0,1900,Buy,235237411
2024-08-28 09:20:22,45600.0,300,Buy,235237530
2024-08-28 09:20:23,45600.0,2200,Buy,235237545
2024-08-28 09:20:23,45600.0,100,Buy,235237546
2024-08-28 09:20:23,45600.0,2000,Buy,235237547
2024-08-28 09:20:24,45600.0,100,Sell,235237553
2024-08-28 09:20:35,45650.0,300,Buy,235237824
2024-08-28 09:20:37,45550.0,100,Sell,235237854
2024-08-28 09:20:40,45600.0,100,Sell,235237892
2024-08-28 09:20:44,45550.0,200,Sell,235237963
2024-08-28 09:20:44,45600.0,300,Sell,235237962
2024-08-28 09:20:46,45600.0,200,Buy,235238029
2024-08-28 09:20:46,45600.0,500,Buy,235238030
2024-08-28 09:20:46,45650.0,300,Buy,235238031
2024-08-28 09:20:46,45600.0,300,Buy,235238019
2024-08-28 09:20:56,45600.0,100,Buy,235238238
2024-08-28 09:20:56,45600.0,300,Buy,235238239
2024-08-28 09:20:56,45650.0,400,Buy,235238240
2024-08-28 09:20:56,45650.0,100,Buy,235238241
2024-08-28 09:20:56,45650.0,600,Buy,235238242
2024-08-28 09:20:58,45650.0,300,Buy,235238278
2024-08-28 09:21:03,45600.0,500,Buy,235238380
2024-08-28 09:21:03,45600.0,1000,Sell,235238390
2024-08-28 09:21:06,45650.0,200,Buy,235238456
2024-08-28 09:21:07,45600.0,200,Sell,235238473
2024-08-28 09:21:11,45650.0,400,Buy,235238533
2024-08-28 09:21:17,45650.0,500,Buy,235238614
2024-08-28 09:21:22,45650.0,200,Buy,235238686
2024-08-28 09:21:22,45650.0,200,Buy,235238687
2024-08-28 09:21:25,45650.0,300,Buy,235238737
2024-08-28 09:21:25,45650.0,1500,Buy,235238738
2024-08-28 09:21:25,45650.0,100,Buy,235238739
2024-08-28 09:21:25,45650.0,200,Buy,235238740
2024-08-28 09:21:25,45650.0,100,Buy,235238741
2024-08-28 09:21:34,45700.0,300,Buy,235238867
2024-08-28 09:21:47,45700.0,300,Buy,235239094
2024-08-28 09:21:48,45700.0,400,Buy,235239102
2024-08-28 09:21:48,45700.0,400,Buy,235239100
2024-08-28 09:21:48,45700.0,200,Buy,235239101
2024-08-28 09:22:00,45700.0,100,Buy,235239340
2024-08-28 09:22:00,45700.0,100,Buy,235239341
2024-08-28 09:22:03,45700.0,400,Buy,235239404
2024-08-28 09:22:06,45700.0,1000,Buy,235239468
2024-08-28 09:22:08,45700.0,1000,Buy,235239549
2024-08-28 09:22:08,45700.0,200,Buy,235239552
2024-08-28 09:22:08,45700.0,500,Buy,235239551
2024-08-28 09:22:08,45700.0,100,Buy,235239550
2024-08-28 09:22:08,45700.0,200,Buy,235239548
2024-08-28 09:22:08,45700.0,1000,Buy,235239543
2024-08-28 09:22:08,45700.0,100,Buy,235239546
2024-08-28 09:22:08,45700.0,200,Buy,235239545
2024-08-28 09:22:08,45700.0,100,Buy,235239544
2024-08-28 09:22:08,45700.0,300,Buy,235239541
2024-08-28 09:22:08,45700.0,100,Buy,235239547
2024-08-28 09:22:08,45700.0,100,Buy,235239542
2024-08-28 09:22:14,45700.0,800,Sell,235239658
2024-08-28 09:22:14,45700.0,300,Sell,235239671
2024-08-28 09:22:14,45700.0,200,Sell,235239672
2024-08-28 09:22:18,45750.0,300,Buy,235239809
2024-08-28 09:22:24,45750.0,1100,Buy,235239959
2024-08-28 09:22:25,45750.0,200,Buy,235239965
2024-08-28 09:22:32,45750.0,300,Buy,235240176
2024-08-28 09:22:32,45700.0,1000,Sell,235240177
2024-08-28 09:22:33,45750.0,400,Buy,235240202
2024-08-28 09:22:38,45750.0,500,Buy,235240356
2024-08-28 09:22:43,45700.0,800,Sell,235240480
2024-08-28 09:22:43,45700.0,200,Sell,235240481
2024-08-28 09:22:44,45750.0,36600,Buy,235240495
2024-08-28 09:22:44,45750.0,100,Buy,235240496
2024-08-28 09:22:44,45750.0,100,Buy,235240497
2024-08-28 09:22:44,45750.0,200,Buy,235240498
2024-08-28 09:22:44,45750.0,100,Buy,235240499
2024-08-28 09:22:44,45750.0,100,Buy,235240500
2024-08-28 09:22:45,45750.0,500,Sell,235240511
2024-08-28 09:22:46,45800.0,300,Buy,235240533
2024-08-28 09:22:47,45750.0,100,Sell,235240558
2024-08-28 09:22:48,45750.0,500,Sell,235240571
2024-08-28 09:22:49,45750.0,100,Sell,235240585
2024-08-28 09:22:55,45750.0,100,Sell,235240742
2024-08-28 09:22:55,45750.0,100,Sell,235240745
2024-08-28 09:22:59,45800.0,1000,Buy,235240834
2024-08-28 09:23:01,45750.0,500,Buy,235240883
2024-08-28 09:23:01,45750.0,100,Sell,235240880
2024-08-28 09:23:01,45750.0,400,Sell,235240879
2024-08-28 09:23:01,45750.0,300,Sell,235240881
2024-08-28 09:23:04,45750.0,500,Buy,235240943
2024-08-28 09:23:05,45750.0,200,Buy,235240950
2024-08-28 09:23:06,45750.0,100,Sell,235240968
2024-08-28 09:23:14,45800.0,200,Buy,235241133
2024-08-28 09:23:23,45800.0,200,Buy,235241322
2024-08-28 09:23:23,45750.0,100,Sell,235241330
2024-08-28 09:23:28,45750.0,200,Sell,235241439
2024-08-28 09:23:28,45750.0,5000,Sell,235241438
2024-08-28 09:23:28,45750.0,4800,Sell,235241437
2024-08-28 09:23:32,45800.0,100,Buy,235241504
2024-08-28 09:23:40,45750.0,500,Sell,235241643
2024-08-28 09:23:40,45750.0,100,Sell,235241644
2024-08-28 09:23:40,45750.0,100,Sell,235241645
2024-08-28 09:23:40,45750.0,300,Sell,235241646
2024-08-28 09:23:43,45750.0,500,Sell,235241685
2024-08-28 09:23:45,45750.0,200,Sell,235241734
2024-08-28 09:23:47,45800.0,600,Buy,235241761
2024-08-28 09:23:48,45750.0,500,Sell,235241763
2024-08-28 09:23:48,45750.0,500,Sell,235241765
2024-08-28 09:23:48,45750.0,500,Sell,235241766
2024-08-28 09:23:48,45750.0,100,Sell,235241767
2024-08-28 09:23:48,45750.0,300,Sell,235241768
2024-08-28 09:23:48,45700.0,200,Sell,235241769
2024-08-28 09:23:50,45750.0,200,Buy,235241827
2024-08-28 09:23:58,45750.0,1300,Buy,235241942
2024-08-28 09:23:59,45750.0,100,Buy,235241969
2024-08-28 09:23:59,45750.0,100,Buy,235241971
2024-08-28 09:23:59,45800.0,100,Buy,235241972
2024-08-28 09:24:05,45750.0,300,Sell,235242056
2024-08-28 09:24:10,45700.0,500,Sell,235242201
2024-08-28 09:24:10,45700.0,1800,Sell,235242199
2024-08-28 09:24:10,45700.0,3200,Sell,235242198
2024-08-28 09:24:10,45700.0,300,Sell,235242200
2024-08-28 09:24:10,45700.0,800,Sell,235242195
2024-08-28 09:24:10,45800.0,100,Buy,235242192
2024-08-28 09:24:10,45750.0,200,Buy,235242191
2024-08-28 09:24:10,45700.0,5000,Sell,235242197
2024-08-28 09:24:13,45650.0,800,Sell,235242255
2024-08-28 09:24:13,45650.0,100,Sell,235242256
2024-08-28 09:24:13,45650.0,100,Sell,235242257
2024-08-28 09:24:13,45650.0,2000,Sell,235242258
2024-08-28 09:24:13,45650.0,3300,Sell,235242259
2024-08-28 09:24:14,45700.0,4000,Buy,235242274
2024-08-28 09:24:16,45700.0,1000,Buy,235242316
2024-08-28 09:24:16,45650.0,1900,Sell,235242318
2024-08-28 09:24:17,45700.0,3600,Buy,235242334
2024-08-28 09:24:17,45650.0,2000,Sell,235242344
2024-08-28 09:24:22,45500.0,100,Sell,235242412
2024-08-28 09:24:22,45500.0,100,Sell,235242411
2024-08-28 09:24:22,45550.0,5700,Sell,235242408
2024-08-28 09:24:22,45500.0,100,Sell,235242410
2024-08-28 09:24:22,45500.0,500,Sell,235242409
2024-08-28 09:24:22,45550.0,500,Sell,235242407
2024-08-28 09:24:22,45600.0,100,Sell,235242402
2024-08-28 09:24:22,45550.0,100,Sell,235242405
2024-08-28 09:24:22,45550.0,100,Sell,235242404
2024-08-28 09:24:22,45600.0,300,Sell,235242403
2024-08-28 09:24:22,45600.0,2000,Sell,235242401
2024-08-28 09:24:22,45600.0,300,Sell,235242400
2024-08-28 09:24:22,45550.0,100,Sell,235242406
2024-08-28 09:24:35,45500.0,100,Sell,235242722
2024-08-28 09:24:44,45500.0,300,Sell,235242889
2024-08-28 09:24:47,45500.0,100,Sell,235242932
2024-08-28 09:24:49,45500.0,100,Sell,235242969
2024-08-28 09:24:49,45500.0,400,Sell,235242970
2024-08-28 09:24:50,45500.0,2200,Sell,235243003
2024-08-28 09:24:50,45500.0,100,Sell,235243001
2024-08-28 09:24:50,45500.0,500,Sell,235243000
2024-08-28 09:24:50,45500.0,2000,Sell,235242999
2024-08-28 09:24:50,45500.0,900,Sell,235243002
2024-08-28 09:24:50,45500.0,500,Sell,235242997
2024-08-28 09:24:50,45500.0,200,Sell,235242996
2024-08-28 09:24:50,45550.0,100,Sell,235242994
2024-08-28 09:24:50,45500.0,100,Sell,235242995
2024-08-28 09:24:50,45500.0,100,Sell,235242998
2024-08-28 09:24:53,45600.0,1000,Buy,235243056
2024-08-28 09:24:53,45600.0,100,Buy,235243057
2024-08-28 09:24:53,45600.0,100,Buy,235243058
2024-08-28 09:24:54,45650.0,200,Buy,235243083
2024-08-28 09:24:54,45700.0,200,Buy,235243084
2024-08-28 09:24:56,45600.0,100,Sell,235243110
2024-08-28 09:25:02,45600.0,100,Sell,235243184
2024-08-28 09:25:02,45600.0,500,Sell,235243199
2024-08-28 09:25:06,45600.0,100,Sell,235243288
2024-08-28 09:25:06,45650.0,100,Buy,235243295
2024-08-28 09:25:16,45600.0,300,Sell,235243514
2024-08-28 09:25:26,45700.0,1000,Buy,235243740
2024-08-28 09:25:26,45700.0,2200,Buy,235243741
2024-08-28 09:25:30,45600.0,1300,Sell,235243832
2024-08-28 09:25:30,45600.0,200,Sell,235243833
2024-08-28 09:25:30,45600.0,200,Sell,235243831
2024-08-28 09:25:30,45600.0,200,Sell,235243826
2024-08-28 09:25:30,45600.0,400,Sell,235243829
2024-08-28 09:25:30,45600.0,400,Sell,235243828
2024-08-28 09:25:30,45600.0,200,Sell,235243827
2024-08-28 09:25:30,45600.0,300,Sell,235243830
2024-08-28 09:25:32,45600.0,100,Buy,235243880
2024-08-28 09:25:38,45600.0,100,Buy,235243969
2024-08-28 09:25:38,45600.0,100,Buy,235243979
2024-08-28 09:25:40,45600.0,100,Buy,235244018
2024-08-28 09:25:41,45600.0,100,Buy,235244049
2024-08-28 09:25:47,45600.0,100,Buy,235244159
2024-08-28 09:25:48,45600.0,400,Buy,235244176
2024-08-28 09:25:48,45600.0,5000,Buy,235244180
2024-08-28 09:25:50,45600.0,800,Buy,235244204
2024-08-28 09:25:50,45600.0,200,Buy,235244205
2024-08-28 09:25:58,45650.0,200,Buy,235244367
2024-08-28 09:26:06,45650.0,300,Buy,235244537
2024-08-28 09:26:13,45650.0,300,Buy,235244609
2024-08-28 09:26:13,45650.0,1900,Buy,235244608
2024-08-28 09:26:15,45650.0,200,Buy,235244662
2024-08-28 09:26:16,45650.0,100,Buy,235244670
2024-08-28 09:26:16,45650.0,200,Buy,235244671
2024-08-28 09:26:34,45650.0,100,Buy,235245079
2024-08-28 09:26:35,45650.0,100,Buy,235245105
2024-08-28 09:26:36,45650.0,500,Buy,235245116
2024-08-28 09:26:47,45650.0,200,Buy,235245326
2024-08-28 09:27:02,45650.0,400,Buy,235245531
2024-08-28 09:27:04,45650.0,500,Buy,235245629
2024-08-28 09:27:04,45650.0,500,Buy,235245628
2024-08-28 09:27:04,45650.0,100,Buy,235245627
2024-08-28 09:27:04,45650.0,500,Buy,235245626
2024-08-28 09:27:04,45650.0,100,Buy,235245624
2024-08-28 09:27:04,45650.0,100,Buy,235245625
2024-08-28 09:27:04,45650.0,500,Buy,235245623
2024-08-28 09:27:05,45650.0,700,Sell,235245634
2024-08-28 09:27:16,45650.0,300,Buy,235245820
2024-08-28 09:27:29,45650.0,400,Buy,235246089
2024-08-28 09:27:47,45650.0,400,Buy,235246468
2024-08-28 09:27:49,45650.0,500,Buy,235246527
2024-08-28 09:27:54,45650.0,300,Buy,235246689
2024-08-28 09:27:56,45650.0,200,Buy,235246773
2024-08-28 09:27:58,45650.0,100,Buy,235246818
2024-08-28 09:28:05,45650.0,100,Buy,235246910
2024-08-28 09:28:05,45650.0,5000,Buy,235246911
2024-08-28 09:28:05,45650.0,100,Buy,235246912
2024-08-28 09:28:05,45650.0,100,Buy,235246913
2024-08-28 09:28:05,45650.0,2000,Buy,235246914
2024-08-28 09:28:05,45650.0,300,Buy,235246915
2024-08-28 09:28:05,45650.0,100,Buy,235246916
2024-08-28 09:28:05,45650.0,1000,Buy,235246917
2024-08-28 09:28:05,45650.0,1000,Buy,235246918
2024-08-28 09:28:07,45650.0,100,Sell,235246964
2024-08-28 09:28:14,45650.0,800,Sell,235247114
2024-08-28 09:28:14,45650.0,200,Sell,235247113
2024-08-28 09:28:24,45650.0,500,Sell,235247374
2024-08-28 09:28:24,45650.0,500,Sell,235247372
2024-08-28 09:28:24,45650.0,1300,Sell,235247368
2024-08-28 09:28:24,45650.0,100,Sell,235247370
2024-08-28 09:28:24,45650.0,500,Sell,235247369
2024-08-28 09:28:24,45650.0,600,Sell,235247371
2024-08-28 09:28:25,45650.0,1000,Sell,235247403
2024-08-28 09:28:28,45700.0,200,Buy,235247457
2024-08-28 09:28:30,45700.0,100,Buy,235247491
2024-08-28 09:28:39,45700.0,200,Buy,235247693
2024-08-28 09:28:42,45700.0,700,Buy,235247729
2024-08-28 09:28:46,45700.0,500,Buy,235247833
2024-08-28 09:28:53,45700.0,500,Buy,235247988
2024-08-28 09:28:56,45700.0,100,Buy,235248063
2024-08-28 09:28:56,45700.0,500,Buy,235248065
2024-08-28 09:28:56,45700.0,200,Buy,235248064
2024-08-28 09:28:56,45700.0,100,Buy,235248062
2024-08-28 09:28:56,45700.0,200,Buy,235248060
2024-08-28 09:28:56,45700.0,4200,Buy,235248059
2024-08-28 09:28:56,45700.0,500,Buy,235248061
2024-08-28 09:28:58,45700.0,300,Buy,235248115
2024-08-28 09:29:00,45700.0,1000,Buy,235248148
2024-08-28 09:29:03,45700.0,3000,Buy,235248251
2024-08-28 09:29:03,45700.0,300,Buy,235248250
2024-08-28 09:29:03,45700.0,500,Buy,235248249
2024-08-28 09:29:03,45700.0,100,Buy,235248248
2024-08-28 09:29:03,45700.0,1000,Buy,235248247
2024-08-28 09:29:03,45700.0,1900,Buy,235248246
2024-08-28 09:29:03,45700.0,500,Buy,235248245
2024-08-28 09:29:03,45700.0,100,Buy,235248244
2024-08-28 09:29:03,45700.0,100,Buy,235248243
2024-08-28 09:29:03,45700.0,400,Buy,235248242
2024-08-28 09:29:03,45700.0,3200,Buy,235248241
2024-08-28 09:29:04,45750.0,500,Buy,235248273
2024-08-28 09:29:04,45750.0,100,Buy,235248272
2024-08-28 09:29:04,45750.0,200,Buy,235248271
2024-08-28 09:29:04,45750.0,500,Buy,235248270
2024-08-28 09:29:04,45750.0,1300,Buy,235248265
2024-08-28 09:29:04,45750.0,100,Buy,235248268
2024-08-28 09:29:04,45750.0,1000,Buy,235248267
2024-08-28 09:29:04,45750.0,500,Buy,235248266
2024-08-28 09:29:04,45750.0,100,Buy,235248269
2024-08-28 09:29:07,45800.0,200,Buy,235248372
2024-08-28 09:29:09,45800.0,2800,Buy,235248397
2024-08-28 09:29:09,45800.0,3600,Buy,235248398
2024-08-28 09:29:12,45700.0,5000,Sell,235248480
2024-08-28 09:29:14,45700.0,100,Sell,235248517
2024-08-28 09:29:16,45800.0,100,Buy,235248551
2024-08-28 09:29:17,45800.0,7800,Buy,235248569
2024-08-28 09:29:17,45800.0,3000,Buy,235248568
2024-08-28 09:29:17,45800.0,2000,Buy,235248567
2024-08-28 09:29:20,45800.0,300,Buy,235248705
2024-08-28 09:29:22,45800.0,1000,Buy,235248756
2024-08-28 09:29:24,45800.0,4000,Buy,235248792
2024-08-28 09:29:29,45800.0,3300,Buy,235248898
2024-08-28 09:29:29,45800.0,200,Buy,235248912
2024-08-28 09:29:34,45800.0,200,Buy,235249010
2024-08-28 09:29:38,45800.0,10000,Buy,235249091
2024-08-28 09:29:39,45800.0,100,Buy,235249123
2024-08-28 09:29:39,45800.0,100,Buy,235249122
2024-08-28 09:29:39,45800.0,100,Buy,235249121
2024-08-28 09:29:39,45800.0,100,Buy,235249120
2024-08-28 09:29:39,45800.0,500,Buy,235249116
2024-08-28 09:29:39,45800.0,100,Buy,235249114
2024-08-28 09:29:39,45800.0,200,Buy,235249113
2024-08-28 09:29:39,45800.0,500,Buy,235249115
2024-08-28 09:29:39,45800.0,100,Buy,235249111
2024-08-28 09:29:39,45800.0,300,Buy,235249105
2024-08-28 09:29:39,45800.0,1000,Buy,235249110
2024-08-28 09:29:39,45800.0,100,Buy,235249109
2024-08-28 09:29:39,45800.0,600,Buy,235249108
2024-08-28 09:29:39,45800.0,5400,Buy,235249107
2024-08-28 09:29:39,45800.0,2900,Buy,235249106
2024-08-28 09:29:39,45800.0,1000,Buy,235249112
2024-08-28 09:29:42,45800.0,1700,Buy,235249196
2024-08-28 09:29:49,45800.0,900,Buy,235249317
2024-08-28 09:29:49,45800.0,1100,Buy,235249316
2024-08-28 09:29:49,45800.0,100,Buy,235249314
2024-08-28 09:29:49,45800.0,8200,Buy,235249313
2024-08-28 09:29:49,45800.0,800,Buy,235249315
2024-08-28 09:29:50,45800.0,100,Buy,235249323
2024-08-28 09:29:53,45800.0,4000,Buy,235249387
2024-08-28 09:29:53,45800.0,100,Buy,235249388
2024-08-28 09:29:55,45800.0,2300,Buy,235249416
2024-08-28 09:29:55,45800.0,1000,Buy,235249415
2024-08-28 09:29:55,45800.0,900,Buy,235249412
2024-08-28 09:29:55,45800.0,2000,Buy,235249413
2024-08-28 09:29:55,45800.0,300,Buy,235249414
2024-08-28 09:29:56,45850.0,400,Buy,235249438
2024-08-28 09:29:58,45800.0,200,Sell,235249477
2024-08-28 09:29:59,45850.0,600,Buy,235249536
2024-08-28 09:29:59,45850.0,1000,Buy,235249537
2024-08-28 09:29:59,45850.0,200,Buy,235249538
2024-08-28 09:30:07,45850.0,1200,Sell,235249776
2024-08-28 09:30:07,45850.0,800,Sell,235249777
2024-08-28 09:30:10,45900.0,300,Buy,235249803
2024-08-28 09:30:17,45900.0,200,Buy,235249993
2024-08-28 09:30:17,45900.0,300,Buy,235249994
2024-08-28 09:30:17,45900.0,200,Buy,235249995
2024-08-28 09:30:17,45900.0,200,Buy,235249992
2024-08-28 09:30:24,45900.0,1800,Buy,235250128
2024-08-28 09:30:24,45900.0,100,Buy,235250127
2024-08-28 09:30:24,45900.0,100,Buy,235250126
2024-08-28 09:30:24,45900.0,200,Buy,235250123
2024-08-28 09:30:24,45900.0,200,Buy,235250124
2024-08-28 09:30:24,45900.0,800,Buy,235250122
2024-08-28 09:30:24,45900.0,100,Buy,235250125
2024-08-28 09:30:27,45950.0,100,Buy,235250200
2024-08-28 09:30:27,45950.0,100,Buy,235250206
2024-08-28 09:30:27,45950.0,2000,Buy,235250205
2024-08-28 09:30:27,45950.0,100,Buy,235250204
2024-08-28 09:30:27,45950.0,200,Buy,235250203
2024-08-28 09:30:27,45950.0,1000,Buy,235250202
2024-08-28 09:30:27,45950.0,100,Buy,235250201
2024-08-28 09:30:27,45950.0,200,Buy,235250199
2024-08-28 09:30:27,45950.0,200,Buy,235250208
2024-08-28 09:30:27,45950.0,600,Buy,235250193
2024-08-28 09:30:27,45950.0,100,Buy,235250194
2024-08-28 09:30:27,45950.0,100,Buy,235250185
2024-08-28 09:30:27,45950.0,100,Buy,235250186
2024-08-28 09:30:27,45950.0,1000,Buy,235250187
2024-08-28 09:30:27,45950.0,200,Buy,235250207
2024-08-28 09:30:27,45950.0,500,Buy,235250189
2024-08-28 09:30:27,45950.0,400,Buy,235250190
2024-08-28 09:30:27,45950.0,200,Buy,235250188
2024-08-28 09:30:27,45950.0,1000,Buy,235250191
2024-08-28 09:30:27,45950.0,500,Buy,235250192
2024-08-28 09:30:32,45950.0,1100,Sell,235250291
2024-08-28 09:30:32,45950.0,300,Sell,235250292
2024-08-28 09:30:32,45900.0,1600,Sell,235250293
2024-08-28 09:30:33,46000.0,100,Buy,235250345
2024-08-28 09:30:33,46000.0,100,Buy,235250343
2024-08-28 09:30:33,46000.0,100,Buy,235250344
2024-08-28 09:30:39,46000.0,100,Buy,235250464
2024-08-28 09:30:41,46000.0,100,Buy,235250511
2024-08-28 09:30:43,46000.0,200,Buy,235250587
2024-08-28 09:30:43,46000.0,100,Buy,235250588
2024-08-28 09:30:43,46000.0,1200,Buy,235250589
2024-08-28 09:30:44,46000.0,300,Buy,235250616
2024-08-28 09:30:49,46000.0,100,Buy,235250729
2024-08-28 09:30:50,46000.0,200,Buy,235250741
2024-08-28 09:30:52,46000.0,900,Buy,235250786
2024-08-28 09:30:52,46000.0,200,Buy,235250783
2024-08-28 09:30:52,46000.0,1000,Buy,235250785
2024-08-28 09:30:59,45950.0,300,Buy,235250921
2024-08-28 09:31:00,46000.0,600,Buy,235250945
2024-08-28 09:31:00,46000.0,300,Buy,235250944
2024-08-28 09:31:00,46000.0,500,Buy,235250943
2024-08-28 09:31:00,46000.0,1000,Buy,235250941
2024-08-28 09:31:00,46000.0,100,Buy,235250942
2024-08-28 09:31:00,46000.0,300,Buy,235250939
2024-08-28 09:31:00,46000.0,500,Buy,235250938
2024-08-28 09:31:00,46000.0,400,Buy,235250937
2024-08-28 09:31:00,46000.0,100,Buy,235250936
2024-08-28 09:31:00,45950.0,600,Buy,235250928
2024-08-28 09:31:00,46000.0,1000,Buy,235250940
2024-08-28 09:31:05,46000.0,400,Buy,235251025
2024-08-28 09:31:05,46000.0,300,Buy,235251026
2024-08-28 09:31:05,46000.0,100,Buy,235251027
2024-08-28 09:31:07,46000.0,500,Buy,235251049
2024-08-28 09:31:07,46000.0,1700,Buy,235251050
2024-08-28 09:31:07,46000.0,100,Buy,235251048
2024-08-28 09:31:07,46000.0,700,Buy,235251047
2024-08-28 09:31:10,46000.0,200,Buy,235251142
2024-08-28 09:31:11,46000.0,100,Buy,235251169
2024-08-28 09:31:11,46000.0,100,Buy,235251170
2024-08-28 09:31:11,46000.0,100,Buy,235251171
2024-08-28 09:31:12,45900.0,500,Sell,235251210
2024-08-28 09:31:12,45900.0,1000,Sell,235251215
2024-08-28 09:31:13,46000.0,400,Buy,235251221
2024-08-28 09:31:13,46000.0,100,Buy,235251222
2024-08-28 09:31:13,46000.0,1500,Buy,235251223
2024-08-28 09:31:19,46000.0,100,Buy,235251449
2024-08-28 09:31:19,46000.0,2400,Buy,235251451
2024-08-28 09:31:19,46000.0,400,Buy,235251450
2024-08-28 09:31:19,46000.0,100,Buy,235251448
2024-08-28 09:31:19,46000.0,100,Buy,235251447
2024-08-28 09:31:19,46000.0,100,Buy,235251444
2024-08-28 09:31:19,46000.0,200,Buy,235251445
2024-08-28 09:31:19,46000.0,300,Buy,235251443
2024-08-28 09:31:19,46000.0,100,Buy,235251442
2024-08-28 09:31:19,46000.0,100,Buy,235251441
2024-08-28 09:31:19,46000.0,500,Buy,235251440
2024-08-28 09:31:19,46000.0,600,Buy,235251446
2024-08-28 09:31:22,46000.0,200,Buy,235251514
2024-08-28 09:31:22,46000.0,1000,Buy,235251515
2024-08-28 09:31:22,46000.0,1000,Buy,235251516
2024-08-28 09:31:22,46000.0,400,Buy,235251528
2024-08-28 09:31:22,46000.0,2500,Buy,235251517
2024-08-28 09:31:22,46000.0,500,Buy,235251518
2024-08-28 09:31:22,46000.0,100,Buy,235251519
2024-08-28 09:31:22,46000.0,500,Buy,235251513
2024-08-28 09:31:22,46000.0,1000,Buy,235251521
2024-08-28 09:31:22,46000.0,100,Buy,235251522
2024-08-28 09:31:22,46000.0,100,Buy,235251523
2024-08-28 09:31:22,46000.0,100,Buy,235251524
2024-08-28 09:31:22,46000.0,1000,Buy,235251525
2024-08-28 09:31:22,46000.0,100,Buy,235251526
2024-08-28 09:31:22,46000.0,100,Buy,235251527
2024-08-28 09:31:22,46000.0,200,Buy,235251520
2024-08-28 09:31:22,46000.0,100,Buy,235251512
2024-08-28 09:31:22,46000.0,500,Buy,235251506
2024-08-28 09:31:22,46000.0,100,Buy,235251510
2024-08-28 09:31:22,46000.0,100,Buy,235251511
2024-08-28 09:31:22,46000.0,300,Buy,235251475
2024-08-28 09:31:22,46000.0,2300,Buy,235251495
2024-08-28 09:31:22,46000.0,700,Buy,235251496
2024-08-28 09:31:22,46000.0,500,Buy,235251497
2024-08-28 09:31:22,46000.0,100,Buy,235251498
2024-08-28 09:31:22,46000.0,100,Buy,235251499
2024-08-28 09:31:22,46000.0,300,Buy,235251503
2024-08-28 09:31:22,46000.0,100,Buy,235251501
2024-08-28 09:31:22,46000.0,400,Buy,235251500
2024-08-28 09:31:22,46000.0,100,Buy,235251508
2024-08-28 09:31:22,46000.0,400,Buy,235251507
2024-08-28 09:31:22,46000.0,200,Buy,235251509
2024-08-28 09:31:22,46000.0,100,Buy,235251504
2024-08-28 09:31:22,46000.0,10000,Buy,235251502
2024-08-28 09:31:22,46000.0,100,Buy,235251505
2024-08-28 09:31:26,46000.0,36700,Sell,235251634
2024-08-28 09:31:27,46000.0,2000,Buy,235251704
2024-08-28 09:31:30,45950.0,200,Buy,235251753
2024-08-28 09:31:33,45900.0,3000,Sell,235251820
2024-08-28 09:31:33,45900.0,200,Sell,235251819
2024-08-28 09:31:37,45950.0,400,Buy,235251891
2024-08-28 09:31:41,45950.0,300,Buy,235252027
2024-08-28 09:31:42,45950.0,100,Buy,235252034
2024-08-28 09:31:45,45950.0,2000,Buy,235252100
2024-08-28 09:31:45,45950.0,400,Buy,235252101
2024-08-28 09:31:48,45950.0,200,Buy,235252156
2024-08-28 09:31:49,45950.0,400,Buy,235252175
2024-08-28 09:31:49,45950.0,200,Buy,235252176
2024-08-28 09:31:50,45950.0,400,Sell,235252183
2024-08-28 09:31:57,45950.0,100,Buy,235252357
2024-08-28 09:31:57,45950.0,300,Buy,235252358
2024-08-28 09:31:58,45900.0,800,Sell,235252383
2024-08-28 09:31:58,45900.0,2000,Sell,235252382
2024-08-28 09:32:02,45900.0,1000,Buy,235252452
2024-08-28 09:32:02,45950.0,200,Buy,235252453
2024-08-28 09:32:18,45950.0,100,Buy,235252768
2024-08-28 09:32:18,45900.0,100,Buy,235252767
2024-08-28 09:32:24,45950.0,200,Buy,235252950
2024-08-28 09:32:30,45950.0,200,Buy,235253071
2024-08-28 09:32:30,45950.0,500,Buy,235253072
2024-08-28 09:32:30,45950.0,100,Buy,235253073
2024-08-28 09:32:30,45950.0,100,Buy,235253074
2024-08-28 09:32:30,45950.0,500,Buy,235253075
2024-08-28 09:32:30,45950.0,500,Buy,235253076
2024-08-28 09:32:30,45950.0,1000,Buy,235253077
2024-08-28 09:32:30,45950.0,100,Buy,235253078
2024-08-28 09:32:30,45950.0,2000,Buy,235253079
2024-08-28 09:32:42,45950.0,200,Buy,235253403
2024-08-28 09:32:42,45950.0,100,Buy,235253404
2024-08-28 09:32:49,45850.0,100,Sell,235253591
2024-08-28 09:32:51,45950.0,100,Buy,235253646
2024-08-28 09:33:00,45850.0,400,Sell,235253861
2024-08-28 09:33:00,45850.0,600,Sell,235254073
2024-08-28 09:33:00,45850.0,200,Sell,235254074
2024-08-28 09:33:00,45850.0,500,Sell,235254075
2024-08-28 09:33:00,45850.0,300,Sell,235253860
2024-08-28 09:33:16,45950.0,400,Buy,235254351
2024-08-28 09:33:24,45850.0,3100,Buy,235254508
2024-08-28 09:33:25,45950.0,100,Buy,235254519
2024-08-28 09:33:27,45950.0,300,Buy,235254573
2024-08-28 09:33:39,45900.0,100,Buy,235254823
2024-08-28 09:33:42,45950.0,1000,Buy,235254884
2024-08-28 09:33:47,45900.0,100,Sell,235255051
2024-08-28 09:33:47,45950.0,1200,Buy,235255071
2024-08-28 09:34:03,45950.0,1000,Buy,235255390
2024-08-28 09:34:05,45950.0,100,Buy,235255441
2024-08-28 09:34:05,45900.0,200,Sell,235255421
2024-08-28 09:34:09,45950.0,100,Buy,235255500
2024-08-28 09:34:10,45900.0,300,Sell,235255517
2024-08-28 09:34:10,45900.0,300,Sell,235255519
2024-08-28 09:34:10,45900.0,100,Sell,235255516
2024-08-28 09:34:10,45900.0,300,Sell,235255518
2024-08-28 09:34:14,45900.0,100,Sell,235255603
2024-08-28 09:34:16,45950.0,300,Buy,235255675
2024-08-28 09:34:16,45900.0,1000,Sell,235255634
2024-08-28 09:34:17,45900.0,2900,Sell,235255686
2024-08-28 09:34:31,45900.0,200,Buy,235255968
2024-08-28 09:34:31,45900.0,100,Buy,235255969
2024-08-28 09:34:32,45900.0,100,Buy,235255989
2024-08-28 09:34:32,45900.0,200,Buy,235255990
2024-08-28 09:34:33,45850.0,5900,Sell,235256018
2024-08-28 09:34:33,45850.0,400,Sell,235256019
2024-08-28 09:34:33,45850.0,3500,Sell,235256020
2024-08-28 09:34:33,45850.0,100,Sell,235256021
2024-08-28 09:34:33,45850.0,1800,Sell,235256022
2024-08-28 09:34:41,45900.0,1800,Buy,235256177
2024-08-28 09:34:41,45900.0,1000,Buy,235256178
2024-08-28 09:34:41,45900.0,1600,Buy,235256179
2024-08-28 09:34:44,45900.0,400,Buy,235256290
2024-08-28 09:34:54,45850.0,400,Buy,235256437
2024-08-28 09:34:55,45850.0,200,Buy,235256449
2024-08-28 09:34:59,45850.0,1300,Buy,235256526
2024-08-28 09:35:04,45850.0,100,Buy,235256661
2024-08-28 09:35:04,45850.0,100,Buy,235256671
2024-08-28 09:35:13,45800.0,1000,Sell,235256872
2024-08-28 09:35:19,45850.0,400,Buy,235257028
2024-08-28 09:35:19,45800.0,200,Sell,235257041
2024-08-28 09:35:20,45800.0,900,Sell,235257052
2024-08-28 09:35:20,45800.0,100,Sell,235257062
2024-08-28 09:35:27,45800.0,800,Sell,235257147
2024-08-28 09:35:27,45800.0,200,Sell,235257148
2024-08-28 09:35:28,45800.0,100,Sell,235257177
2024-08-28 09:35:29,45800.0,500,Sell,235257191
2024-08-28 09:35:29,45800.0,200,Sell,235257195
2024-08-28 09:35:29,45800.0,200,Sell,235257196
2024-08-28 09:35:29,45800.0,4600,Sell,235257197
2024-08-28 09:35:34,45850.0,300,Buy,235257321
2024-08-28 09:35:39,45800.0,100,Sell,235257418
2024-08-28 09:35:46,45850.0,300,Buy,235257631
2024-08-28 09:35:48,45850.0,200,Buy,235257754
2024-08-28 09:35:54,45800.0,300,Sell,235257886
2024-08-28 09:35:54,45800.0,400,Sell,235257887
2024-08-28 09:35:54,45800.0,400,Sell,235257888
2024-08-28 09:35:54,45800.0,2400,Sell,235257889
2024-08-28 09:35:56,45800.0,200,Buy,235257906
2024-08-28 09:36:00,45800.0,400,Buy,235257950
2024-08-28 09:36:07,45800.0,100,Buy,235258060
2024-08-28 09:36:09,45800.0,300,Buy,235258116
2024-08-28 09:36:21,45800.0,300,Buy,235258383
2024-08-28 09:36:24,45800.0,200,Buy,235258414
2024-08-28 09:36:36,45750.0,1000,Sell,235258629
2024-08-28 09:36:36,45750.0,700,Sell,235258630
2024-08-28 09:36:37,45800.0,400,Buy,235258635
2024-08-28 09:36:38,45750.0,2300,Sell,235258672
2024-08-28 09:36:38,45750.0,20000,Sell,235258673
2024-08-28 09:36:38,45750.0,100,Sell,235258674
2024-08-28 09:36:40,45800.0,100,Buy,235258698
2024-08-28 09:36:40,45800.0,600,Buy,235258699
2024-08-28 09:36:40,45800.0,1000,Buy,235258697
2024-08-28 09:36:40,45750.0,5900,Buy,235258692
2024-08-28 09:36:40,45800.0,100,Buy,235258695
2024-08-28 09:36:40,45800.0,200,Buy,235258694
2024-08-28 09:36:40,45800.0,1500,Buy,235258693
2024-08-28 09:36:40,45800.0,600,Buy,235258696
2024-08-28 09:36:55,45800.0,500,Buy,235259007
2024-08-28 09:37:05,45700.0,300,Sell,235259218
2024-08-28 09:37:09,45700.0,500,Sell,235259349
2024-08-28 09:37:11,45750.0,100,Buy,235259372
2024-08-28 09:37:11,45750.0,200,Buy,235259373
2024-08-28 09:37:11,45700.0,400,Sell,235259376
2024-08-28 09:37:14,45700.0,600,Sell,235259527
2024-08-28 09:37:14,45700.0,100,Sell,235259528
2024-08-28 09:37:14,45700.0,500,Sell,235259529
2024-08-28 09:37:14,45700.0,100,Sell,235259530
2024-08-28 09:37:19,45700.0,5000,Sell,235259626
2024-08-28 09:37:20,45750.0,300,Buy,235259666
2024-08-28 09:37:36,45700.0,100,Sell,235259983
2024-08-28 09:37:48,45750.0,300,Buy,235260181
2024-08-28 09:37:57,45750.0,200,Buy,235260358
2024-08-28 09:38:06,45750.0,200,Buy,235260505
2024-08-28 09:38:09,45750.0,500,Buy,235260528
2024-08-28 09:38:15,45750.0,200,Buy,235260621
2024-08-28 09:38:18,45750.0,200,Buy,235260672
2024-08-28 09:38:23,45750.0,100,Buy,235260775
2024-08-28 09:38:23,45750.0,100,Buy,235260776
2024-08-28 09:38:23,45750.0,100,Buy,235260777
2024-08-28 09:38:23,45750.0,200,Buy,235260778
2024-08-28 09:38:23,45750.0,500,Buy,235260779
2024-08-28 09:38:24,45750.0,200,Buy,235260784
2024-08-28 09:38:28,45750.0,2200,Buy,235260868
2024-08-28 09:38:28,45750.0,100,Buy,235260867
2024-08-28 09:38:28,45750.0,200,Buy,235260866
2024-08-28 09:38:28,45750.0,100,Buy,235260864
2024-08-28 09:38:28,45750.0,100,Buy,235260863
2024-08-28 09:38:28,45750.0,300,Buy,235260862
2024-08-28 09:38:28,45750.0,300,Buy,235260865
2024-08-28 09:38:29,45700.0,200,Sell,235260878
2024-08-28 09:38:36,45750.0,300,Buy,235261004
2024-08-28 09:38:39,45700.0,100,Sell,235261033
2024-08-28 09:38:41,45750.0,100,Buy,235261076
2024-08-28 09:38:45,45750.0,300,Buy,235261135
2024-08-28 09:38:48,45750.0,100,Buy,235261184
2024-08-28 09:39:05,45750.0,100,Buy,235261527
2024-08-28 09:39:05,45750.0,100,Buy,235261528
2024-08-28 09:39:05,45800.0,200,Buy,235261529
2024-08-28 09:39:05,45750.0,100,Buy,235261526
2024-08-28 09:39:17,45800.0,200,Buy,235261783
2024-08-28 09:39:31,45750.0,400,Buy,235262102
2024-08-28 09:39:41,45750.0,200,Buy,235262279
2024-08-28 09:39:54,45750.0,100,Buy,235262504
2024-08-28 09:39:54,45750.0,100,Buy,235262505
2024-08-28 09:39:54,45750.0,100,Buy,235262502
2024-08-28 09:39:54,45750.0,100,Buy,235262503
2024-08-28 09:40:08,45800.0,200,Buy,235262702
2024-08-28 09:40:08,45750.0,100,Buy,235262701
2024-08-28 09:40:19,45800.0,300,Buy,235262915
2024-08-28 09:40:20,45750.0,1000,Sell,235262943
2024-08-28 09:40:20,45750.0,400,Sell,235262944
2024-08-28 09:40:31,45750.0,200,Buy,235263182
2024-08-28 09:40:31,45750.0,100,Buy,235263190
2024-08-28 09:40:34,45750.0,2500,Buy,235263231
2024-08-28 09:40:34,45750.0,500,Buy,235263230
2024-08-28 09:40:35,45750.0,3000,Buy,235263251
2024-08-28 09:40:46,45750.0,300,Buy,235263413
2024-08-28 09:40:50,45750.0,2700,Buy,235263461
2024-08-28 09:40:50,45750.0,300,Sell,235263468
2024-08-28 09:40:51,45750.0,1300,Sell,235263483
2024-08-28 09:40:54,45800.0,100,Buy,235263531
2024-08-28 09:40:54,45800.0,100,Buy,235263532
2024-08-28 09:41:06,45750.0,300,Buy,235263694
2024-08-28 09:41:16,45750.0,300,Buy,235263874
2024-08-28 09:41:22,45750.0,400,Buy,235263948
2024-08-28 09:41:22,45750.0,400,Buy,235263947
2024-08-28 09:41:25,45750.0,100,Sell,235264020
2024-08-28 09:41:29,45750.0,200,Buy,235264079
2024-08-28 09:41:30,45800.0,300,Buy,235264091
2024-08-28 09:41:42,45800.0,1900,Buy,235264294
2024-08-28 09:41:42,45800.0,100,Buy,235264295
2024-08-28 09:41:42,45800.0,6000,Buy,235264296
2024-08-28 09:41:42,45800.0,1000,Buy,235264297
2024-08-28 09:41:42,45800.0,1900,Buy,235264293
2024-08-28 09:41:42,45800.0,100,Buy,235264301
2024-08-28 09:41:42,45800.0,700,Buy,235264300
2024-08-28 09:41:42,45800.0,2000,Buy,235264302
2024-08-28 09:41:42,45800.0,3200,Buy,235264303
2024-08-28 09:41:42,45800.0,200,Buy,235264304
2024-08-28 09:41:42,45800.0,100,Buy,235264305
2024-08-28 09:41:42,45800.0,100,Buy,235264298
2024-08-28 09:41:42,45800.0,1900,Buy,235264292
2024-08-28 09:41:42,45800.0,100,Buy,235264283
2024-08-28 09:41:42,45800.0,100,Buy,235264289
2024-08-28 09:41:42,45800.0,1900,Buy,235264291
2024-08-28 09:41:42,45800.0,100,Buy,235264276
2024-08-28 09:41:42,45800.0,1000,Buy,235264277
2024-08-28 09:41:42,45800.0,500,Buy,235264278
2024-08-28 09:41:42,45800.0,2400,Buy,235264279
2024-08-28 09:41:42,45800.0,100,Buy,235264280
2024-08-28 09:41:42,45800.0,600,Buy,235264282
2024-08-28 09:41:42,45800.0,200,Buy,235264281
2024-08-28 09:41:42,45800.0,1000,Buy,235264287
2024-08-28 09:41:42,45800.0,500,Buy,235264286
2024-08-28 09:41:42,45800.0,100,Buy,235264288
2024-08-28 09:41:42,45800.0,2000,Buy,235264284
2024-08-28 09:41:42,45800.0,200,Buy,235264285
2024-08-28 09:41:43,45750.0,100,Sell,235264318
2024-08-28 09:41:46,45800.0,400,Buy,235264354
2024-08-28 09:41:57,45800.0,300,Buy,235264612
2024-08-28 09:42:11,45800.0,200,Buy,235264826
2024-08-28 09:42:11,45800.0,100,Buy,235264827
2024-08-28 09:42:24,45800.0,200,Buy,235265135
2024-08-28 09:42:24,45800.0,100,Buy,235265136
2024-08-28 09:42:31,45750.0,500,Sell,235265262
2024-08-28 09:42:35,45800.0,300,Buy,235265303
2024-08-28 09:42:39,45750.0,200,Sell,235265386
2024-08-28 09:42:48,45800.0,300,Buy,235265531
2024-08-28 09:42:50,45750.0,500,Sell,235265590
2024-08-28 09:43:01,45800.0,300,Buy,235265771
2024-08-28 09:43:11,45800.0,300,Buy,235265945
2024-08-28 09:43:18,45800.0,100,Buy,235266094
2024-08-28 09:43:23,45800.0,300,Buy,235266229
2024-08-28 09:43:31,45800.0,100,Buy,235266347
2024-08-28 09:43:32,45800.0,200,Buy,235266366
2024-08-28 09:43:43,45800.0,300,Buy,235266564
2024-08-28 09:43:52,45750.0,8500,Sell,235266723
2024-08-28 09:43:52,45750.0,100,Sell,235266724
2024-08-28 09:43:52,45750.0,700,Sell,235266725
2024-08-28 09:43:53,45700.0,1700,Sell,235266752
2024-08-28 09:43:57,45750.0,300,Buy,235266839
2024-08-28 09:44:07,45700.0,100,Sell,235266995
2024-08-28 09:44:09,45750.0,300,Buy,235267050
2024-08-28 09:44:20,45750.0,300,Buy,235267222
2024-08-28 09:44:21,45750.0,300,Buy,235267234
2024-08-28 09:44:30,45750.0,200,Buy,235267380
2024-08-28 09:44:40,45700.0,400,Sell,235267508
2024-08-28 09:44:43,45700.0,200,Sell,235267552
2024-08-28 09:44:43,45750.0,400,Buy,235267572
2024-08-28 09:44:45,45750.0,100,Buy,235267591
2024-08-28 09:44:51,45700.0,200,Sell,235267704
2024-08-28 09:44:59,45750.0,300,Buy,235267814
2024-08-28 09:45:09,45750.0,300,Buy,235267978
2024-08-28 09:45:12,45750.0,3000,Buy,235267997
2024-08-28 09:45:12,45750.0,700,Buy,235267996
2024-08-28 09:45:15,45750.0,300,Buy,235268076
2024-08-28 09:45:16,45700.0,1400,Sell,235268095
2024-08-28 09:45:20,45750.0,300,Buy,235268259
2024-08-28 09:45:25,45700.0,100,Sell,235268436
2024-08-28 09:45:25,45700.0,100,Sell,235268435
2024-08-28 09:45:25,45700.0,200,Sell,235268434
2024-08-28 09:45:25,45700.0,100,Sell,235268433
2024-08-28 09:45:25,45700.0,1000,Sell,235268431
2024-08-28 09:45:25,45700.0,200,Sell,235268426
2024-08-28 09:45:25,45700.0,100,Sell,235268429
2024-08-28 09:45:25,45700.0,300,Sell,235268428
2024-08-28 09:45:25,45700.0,200,Sell,235268427
2024-08-28 09:45:25,45700.0,10500,Sell,235268425
2024-08-28 09:45:25,45700.0,500,Sell,235268430
2024-08-28 09:45:26,45700.0,4500,Sell,235268454
2024-08-28 09:45:29,45700.0,1000,Buy,235268515
2024-08-28 09:45:43,45650.0,300,Sell,235268936
2024-08-28 09:45:43,45650.0,1000,Sell,235268935
2024-08-28 09:45:43,45650.0,100,Sell,235268934
2024-08-28 09:45:43,45650.0,100,Sell,235268930
2024-08-28 09:45:43,45650.0,100,Sell,235268932
2024-08-28 09:45:43,45650.0,100,Sell,235268931
2024-08-28 09:45:43,45650.0,1000,Sell,235268929
2024-08-28 09:45:43,45650.0,100,Sell,235268933
2024-08-28 09:45:48,45600.0,200,Sell,235269089
2024-08-28 09:45:48,45600.0,100,Sell,235269090
2024-08-28 09:45:48,45600.0,200,Sell,235269091
2024-08-28 09:45:53,45600.0,100,Sell,235269200
2024-08-28 09:45:59,45600.0,200,Sell,235269310
2024-08-28 09:45:59,45600.0,100,Sell,235269311
2024-08-28 09:46:00,45600.0,1400,Sell,235269325
2024-08-28 09:46:00,45600.0,300,Sell,235269326
2024-08-28 09:46:00,45600.0,300,Sell,235269327
2024-08-28 09:46:00,45600.0,200,Sell,235269328
2024-08-28 09:46:02,45550.0,100,Sell,235269373
2024-08-28 09:46:02,45550.0,400,Sell,235269372
2024-08-28 09:46:02,45550.0,100,Sell,235269368
2024-08-28 09:46:02,45550.0,200,Sell,235269370
2024-08-28 09:46:02,45550.0,100,Sell,235269369
2024-08-28 09:46:02,45550.0,300,Sell,235269371
2024-08-28 09:46:06,45600.0,5000,Buy,235269486
2024-08-28 09:46:12,45550.0,100,Sell,235269605
2024-08-28 09:46:13,45500.0,300,Sell,235269664
2024-08-28 09:46:13,45500.0,900,Sell,235269667
2024-08-28 09:46:13,45500.0,500,Sell,235269666
2024-08-28 09:46:13,45500.0,200,Sell,235269665
2024-08-28 09:46:13,45500.0,100,Sell,235269663
2024-08-28 09:46:13,45500.0,300,Sell,235269674
2024-08-28 09:46:13,45550.0,300,Sell,235269661
2024-08-28 09:46:13,45550.0,1800,Sell,235269657
2024-08-28 09:46:13,45550.0,500,Sell,235269658
2024-08-28 09:46:13,45500.0,2800,Sell,235269662
2024-08-28 09:46:13,45550.0,600,Sell,235269660
2024-08-28 09:46:13,45550.0,200,Sell,235269659
2024-08-28 09:46:14,45550.0,100,Buy,235269689
2024-08-28 09:46:22,45550.0,100,Buy,235269828
2024-08-28 09:46:23,45550.0,500,Sell,235269849
2024-08-28 09:46:24,45550.0,400,Buy,235269854
2024-08-28 09:46:24,45500.0,200,Sell,235269857
2024-08-28 09:46:28,45550.0,100,Buy,235269930
2024-08-28 09:46:46,45550.0,400,Buy,235270325
2024-08-28 09:46:49,45500.0,500,Sell,235270429
2024-08-28 09:46:49,45500.0,100,Sell,235270436
2024-08-28 09:46:54,45550.0,2000,Buy,235270505
2024-08-28 09:47:01,45550.0,300,Buy,235270575
2024-08-28 09:47:04,45500.0,700,Sell,235270639
2024-08-28 09:47:10,45500.0,500,Sell,235270796
2024-08-28 09:47:13,45550.0,300,Buy,235270835
2024-08-28 09:47:25,45550.0,300,Buy,235271065
2024-08-28 09:47:29,45500.0,300,Sell,235271130
2024-08-28 09:47:29,45500.0,1700,Sell,235271131
2024-08-28 09:47:30,45550.0,100,Buy,235271147
2024-08-28 09:47:30,45550.0,600,Buy,235271148
2024-08-28 09:47:38,45550.0,300,Buy,235271356
2024-08-28 09:47:46,45500.0,100,Sell,235271537
2024-08-28 09:47:46,45500.0,500,Sell,235271536
2024-08-28 09:47:46,45500.0,1000,Sell,235271534
2024-08-28 09:47:46,45500.0,3300,Sell,235271533
2024-08-28 09:47:46,45500.0,100,Sell,235271535
2024-08-28 09:47:50,45550.0,3000,Buy,235271687
2024-08-28 09:47:55,45550.0,500,Buy,235271916
2024-08-28 09:47:55,45500.0,100,Sell,235271919
2024-08-28 09:47:55,45500.0,100,Sell,235271920
2024-08-28 09:48:04,45500.0,2000,Sell,235272081
2024-08-28 09:48:04,45500.0,100,Sell,235272080
2024-08-28 09:48:04,45500.0,100,Sell,235272079
2024-08-28 09:48:04,45500.0,400,Sell,235272078
2024-08-28 09:48:04,45500.0,100,Sell,235272076
2024-08-28 09:48:04,45500.0,500,Sell,235272077
2024-08-28 09:48:04,45500.0,300,Sell,235272075
2024-08-28 09:48:08,45550.0,300,Buy,235272164
2024-08-28 09:48:19,45500.0,900,Sell,235272418
2024-08-28 09:48:22,45550.0,300,Buy,235272479
2024-08-28 09:48:28,45500.0,2000,Sell,235272585
2024-08-28 09:48:28,45500.0,400,Sell,235272593
2024-08-28 09:48:28,45500.0,100,Sell,235272592
2024-08-28 09:48:28,45500.0,100,Sell,235272591
2024-08-28 09:48:28,45500.0,1400,Sell,235272590
2024-08-28 09:48:28,45500.0,2100,Sell,235272584
2024-08-28 09:48:28,45500.0,700,Sell,235272588
2024-08-28 09:48:28,45500.0,100,Sell,235272586
2024-08-28 09:48:28,45500.0,100,Sell,235272589
2024-08-28 09:48:28,45500.0,1000,Sell,235272587
2024-08-28 09:48:32,45500.0,100,Sell,235272673
2024-08-28 09:48:36,45500.0,1000,Sell,235272811
2024-08-28 09:48:40,45500.0,1500,Sell,235272886
2024-08-28 09:48:40,45500.0,200,Sell,235272887
2024-08-28 09:48:40,45500.0,100,Sell,235272888
2024-08-28 09:48:40,45500.0,400,Sell,235272889
2024-08-28 09:48:40,45500.0,200,Sell,235272890
2024-08-28 09:48:40,45500.0,2600,Sell,235272891
2024-08-28 09:48:42,45500.0,100,Sell,235272928
2024-08-28 09:48:44,45500.0,1000,Sell,235272999
2024-08-28 09:48:44,45500.0,500,Sell,235272994
2024-08-28 09:48:45,45500.0,200,Sell,235273003
2024-08-28 09:48:45,45500.0,100,Sell,235273004
2024-08-28 09:48:45,45500.0,500,Sell,235273005
2024-08-28 09:48:45,45500.0,400,Sell,235273006
2024-08-28 09:48:45,45450.0,100,Sell,235273007
2024-08-28 09:48:45,45450.0,100,Sell,235273008
2024-08-28 09:48:45,45450.0,100,Sell,235273009
2024-08-28 09:48:45,45450.0,100,Sell,235273010
2024-08-28 09:48:45,45450.0,200,Sell,235273011
2024-08-28 09:48:45,45400.0,400,Sell,235273012
2024-08-28 09:48:45,45500.0,800,Sell,235273002
2024-08-28 09:48:51,45550.0,200,Buy,235273191
2024-08-28 09:48:59,45450.0,300,Sell,235273341
2024-08-28 09:48:59,45450.0,200,Sell,235273340
2024-08-28 09:48:59,45450.0,400,Sell,235273339
2024-08-28 09:49:00,45400.0,400,Sell,235273360
2024-08-28 09:49:00,45400.0,2500,Sell,235273359
2024-08-28 09:49:00,45400.0,100,Sell,235273358
2024-08-28 09:49:00,45500.0,1000,Buy,235273348
2024-08-28 09:49:00,45500.0,600,Buy,235273347
2024-08-28 09:49:00,45450.0,100,Buy,235273346
2024-08-28 09:49:00,45500.0,300,Buy,235273349
2024-08-28 09:49:04,45400.0,500,Sell,235273475
2024-08-28 09:49:04,45400.0,200,Sell,235273476
2024-08-28 09:49:04,45400.0,100,Sell,235273477
2024-08-28 09:49:04,45400.0,1000,Sell,235273478
2024-08-28 09:49:04,45400.0,1000,Sell,235273479
2024-08-28 09:49:04,45400.0,100,Sell,235273480
2024-08-28 09:49:04,45400.0,600,Sell,235273474
2024-08-28 09:49:07,45400.0,200,Buy,235273558
2024-08-28 09:49:09,45400.0,500,Buy,235273642
2024-08-28 09:49:11,45400.0,300,Buy,235273682
2024-08-28 09:49:14,45400.0,400,Sell,235273706
2024-08-28 09:49:23,45400.0,500,Sell,235273899
2024-08-28 09:49:28,45400.0,500,Sell,235273959
2024-08-28 09:49:29,45400.0,600,Sell,235273987
2024-08-28 09:49:33,45400.0,500,Sell,235274047
2024-08-28 09:49:33,45400.0,200,Sell,235274054
2024-08-28 09:49:33,45450.0,1000,Buy,235274057
2024-08-28 09:49:40,45400.0,700,Sell,235274258
2024-08-28 09:49:44,45450.0,200,Buy,235274322
2024-08-28 09:49:50,45400.0,500,Sell,235274409
2024-08-28 09:49:50,45400.0,100,Sell,235274410
2024-08-28 09:49:50,45400.0,200,Sell,235274411
2024-08-28 09:49:50,45400.0,100,Sell,235274412
2024-08-28 09:49:50,45400.0,400,Sell,235274413
2024-08-28 09:49:50,45400.0,100,Sell,235274414
2024-08-28 09:49:50,45400.0,100,Sell,235274415
2024-08-28 09:50:02,45500.0,200,Buy,235274625
2024-08-28 09:50:09,45500.0,300,Buy,235274743
2024-08-28 09:50:14,45400.0,500,Sell,235274831
2024-08-28 09:50:14,45400.0,300,Sell,235274830
2024-08-28 09:50:14,45400.0,100,Sell,235274827
2024-08-28 09:50:14,45400.0,300,Sell,235274828
2024-08-28 09:50:14,45400.0,500,Sell,235274829
2024-08-28 09:50:19,45400.0,2000,Buy,235274912
2024-08-28 09:50:24,45400.0,100,Buy,235275067
2024-08-28 09:50:24,45400.0,400,Buy,235275068
2024-08-28 09:50:27,45350.0,300,Sell,235275165
2024-08-28 09:50:30,45400.0,500,Buy,235275236
2024-08-28 09:50:32,45350.0,2000,Sell,235275252
2024-08-28 09:50:35,45400.0,300,Buy,235275330
2024-08-28 09:50:51,45400.0,100,Buy,235275611
2024-08-28 09:50:51,45400.0,300,Buy,235275612
2024-08-28 09:51:00,45350.0,700,Sell,235275819
2024-08-28 09:51:00,45350.0,100,Sell,235275821
2024-08-28 09:51:00,45350.0,100,Sell,235275822
2024-08-28 09:51:00,45350.0,500,Sell,235275823
2024-08-28 09:51:00,45350.0,200,Sell,235275824
2024-08-28 09:51:03,45350.0,100,Sell,235275893
2024-08-28 09:51:03,45350.0,100,Sell,235275892
2024-08-28 09:51:03,45350.0,300,Sell,235275891
2024-08-28 09:51:09,45300.0,100,Sell,235276028
2024-08-28 09:51:09,45300.0,200,Sell,235276029
2024-08-28 09:51:09,45300.0,3000,Sell,235276030
2024-08-28 09:51:09,45300.0,100,Sell,235276031
2024-08-28 09:51:09,45300.0,100,Sell,235276032
2024-08-28 09:51:09,45300.0,1000,Sell,235276033
2024-08-28 09:51:09,45300.0,100,Sell,235276034
2024-08-28 09:51:09,45300.0,100,Sell,235276035
2024-08-28 09:51:09,45300.0,200,Sell,235276036
2024-08-28 09:51:09,45300.0,100,Sell,235276037
2024-08-28 09:51:09,45300.0,2000,Sell,235276038
2024-08-28 09:51:09,45300.0,1000,Sell,235276039
2024-08-28 09:51:10,45350.0,400,Buy,235276046
2024-08-28 09:51:12,45350.0,1000,Buy,235276124
2024-08-28 09:51:12,45350.0,100,Buy,235276123
2024-08-28 09:51:15,45350.0,3600,Sell,235276182
2024-08-28 09:51:15,45350.0,1400,Sell,235276181
2024-08-28 09:51:17,45350.0,100,Sell,235276239
2024-08-28 09:51:23,45350.0,200,Sell,235276401
2024-08-28 09:51:25,45350.0,100,Sell,235276428
2024-08-28 09:51:34,45400.0,300,Buy,235276558
2024-08-28 09:51:36,45350.0,100,Sell,235276591
2024-08-28 09:51:37,45350.0,100,Sell,235276610
2024-08-28 09:51:39,45350.0,1000,Sell,235276661
2024-08-28 09:51:47,45400.0,400,Buy,235276964
2024-08-28 09:51:52,45350.0,200,Sell,235277097
2024-08-28 09:52:01,45400.0,300,Buy,235277236
2024-08-28 09:52:01,45350.0,100,Sell,235277239
2024-08-28 09:52:12,45400.0,100,Buy,235277421
2024-08-28 09:52:12,45400.0,200,Buy,235277420
2024-08-28 09:52:21,45350.0,400,Sell,235277602
2024-08-28 09:52:25,45350.0,500,Sell,235277692
2024-08-28 09:52:26,45400.0,300,Buy,235277699
2024-08-28 09:52:29,45350.0,2000,Sell,235277735
2024-08-28 09:52:39,45400.0,100,Buy,235277930
2024-08-28 09:52:39,45400.0,200,Buy,235277931
2024-08-28 09:52:50,45400.0,100,Buy,235278167
2024-08-28 09:52:50,45400.0,200,Buy,235278168
2024-08-28 09:53:02,45400.0,300,Buy,235278359
2024-08-28 09:53:07,45350.0,1000,Sell,235278515
2024-08-28 09:53:11,45350.0,3000,Sell,235278604
2024-08-28 09:53:11,45350.0,400,Sell,235278605
2024-08-28 09:53:11,45350.0,300,Sell,235278606
2024-08-28 09:53:11,45350.0,1200,Sell,235278607
2024-08-28 09:53:11,45350.0,100,Sell,235278608
2024-08-28 09:53:14,45350.0,100,Sell,235278670
2024-08-28 09:53:15,45400.0,300,Buy,235278679
2024-08-28 09:53:22,45350.0,100,Sell,235278804
2024-08-28 09:53:22,45350.0,100,Sell,235278803
2024-08-28 09:53:37,45400.0,300,Buy,235279103
2024-08-28 09:53:37,45350.0,200,Sell,235279104
2024-08-28 09:53:45,45350.0,100,Sell,235279284
2024-08-28 09:53:45,45350.0,100,Sell,235279283
2024-08-28 09:53:45,45350.0,100,Sell,235279280
2024-08-28 09:53:45,45350.0,500,Sell,235279281
2024-08-28 09:53:45,45350.0,300,Sell,235279282
2024-08-28 09:53:48,45350.0,200,Buy,235279440
2024-08-28 09:53:56,45300.0,100,Sell,235279599
2024-08-28 09:53:58,45350.0,300,Buy,235279650
2024-08-28 09:54:01,45350.0,100,Buy,235279812
2024-08-28 09:54:07,45350.0,200,Buy,235279904
2024-08-28 09:54:08,45350.0,500,Buy,235279915
2024-08-28 09:54:19,45350.0,5000,Buy,235280121
2024-08-28 09:54:19,45350.0,300,Buy,235280135
2024-08-28 09:54:29,45300.0,100,Sell,235280405
2024-08-28 09:54:29,45300.0,300,Sell,235280406
2024-08-28 09:54:29,45300.0,600,Sell,235280407
2024-08-28 09:54:30,45350.0,300,Buy,235280414
2024-08-28 09:54:41,45350.0,200,Buy,235280699
2024-08-28 09:54:55,45350.0,400,Buy,235280966
2024-08-28 09:54:57,45300.0,300,Sell,235280980
2024-08-28 09:54:57,45350.0,200,Buy,235280982
2024-08-28 09:55:07,45350.0,3000,Buy,235281172
2024-08-28 09:55:11,45350.0,400,Buy,235281221
2024-08-28 09:55:14,45350.0,400,Buy,235281373
2024-08-28 09:55:16,45350.0,600,Buy,235281402
2024-08-28 09:55:23,45350.0,300,Buy,235281559
2024-08-28 09:55:24,45350.0,200,Buy,235281574
2024-08-28 09:55:24,45350.0,100,Buy,235281577
2024-08-28 09:55:24,45350.0,100,Buy,235281575
2024-08-28 09:55:24,45350.0,100,Buy,235281573
2024-08-28 09:55:24,45350.0,100,Buy,235281578
2024-08-28 09:55:24,45350.0,1000,Buy,235281571
2024-08-28 09:55:24,45350.0,200,Buy,235281572
2024-08-28 09:55:24,45350.0,6500,Buy,235281568
2024-08-28 09:55:24,45350.0,300,Buy,235281576
2024-08-28 09:55:24,45350.0,1000,Buy,235281569
2024-08-28 09:55:24,45350.0,1000,Buy,235281570
2024-08-28 09:55:25,45350.0,700,Buy,235281586
2024-08-28 09:55:25,45350.0,6000,Buy,235281587
2024-08-28 09:55:25,45300.0,100,Sell,235281663
2024-08-28 09:55:32,45300.0,400,Sell,235281758
2024-08-28 09:55:32,45300.0,600,Sell,235281759
2024-08-28 09:55:38,45350.0,300,Sell,235281859
2024-08-28 09:55:41,45350.0,800,Sell,235281905
2024-08-28 09:55:41,45400.0,400,Buy,235281901
2024-08-28 09:55:41,45350.0,200,Sell,235281906
2024-08-28 09:55:42,45400.0,1000,Buy,235281908
2024-08-28 09:55:42,45400.0,300,Buy,235281909
2024-08-28 09:55:42,45400.0,1200,Buy,235281910
2024-08-28 09:55:42,45400.0,3800,Buy,235281911
2024-08-28 09:55:45,45400.0,200,Buy,235281946
2024-08-28 09:55:52,45400.0,300,Buy,235282135
2024-08-28 09:55:56,45400.0,200,Buy,235282180
2024-08-28 09:55:56,45400.0,200,Buy,235282177
2024-08-28 09:55:56,45400.0,100,Buy,235282178
2024-08-28 09:55:56,45400.0,100,Buy,235282179
2024-08-28 09:56:03,45400.0,800,Buy,235282354
2024-08-28 09:56:03,45400.0,1000,Buy,235282355
2024-08-28 09:56:03,45400.0,100,Buy,235282356
2024-08-28 09:56:03,45400.0,200,Buy,235282357
2024-08-28 09:56:03,45400.0,100,Sell,235282361
2024-08-28 09:56:07,45450.0,100,Buy,235282454
2024-08-28 09:56:07,45450.0,200,Buy,235282455
2024-08-28 09:56:08,45400.0,800,Sell,235282521
2024-08-28 09:56:08,45400.0,100,Sell,235282522
2024-08-28 09:56:08,45400.0,100,Sell,235282523
2024-08-28 09:56:12,45400.0,1000,Sell,235282606
2024-08-28 09:56:15,45400.0,100,Sell,235282700
2024-08-28 09:56:16,45450.0,200,Buy,235282710
2024-08-28 09:56:18,45450.0,100,Buy,235282816
2024-08-28 09:56:19,45400.0,600,Sell,235282834
2024-08-28 09:56:22,45450.0,1000,Buy,235282931
2024-08-28 09:56:25,45450.0,1100,Buy,235282979
2024-08-28 09:56:26,45450.0,300,Buy,235283015
2024-08-28 09:56:28,45450.0,100,Buy,235283070
2024-08-28 09:56:28,45450.0,100,Buy,235283071
2024-08-28 09:56:32,45450.0,100,Buy,235283171
2024-08-28 09:56:42,45550.0,300,Buy,235283415
2024-08-28 09:56:42,45550.0,1500,Buy,235283416
2024-08-28 09:56:42,45600.0,2900,Buy,235283419
2024-08-28 09:56:42,45600.0,300,Buy,235283420
2024-08-28 09:56:42,45600.0,1200,Buy,235283421
2024-08-28 09:56:42,45600.0,600,Buy,235283422
2024-08-28 09:56:42,45600.0,500,Buy,235283423
2024-08-28 09:56:42,45600.0,100,Buy,235283424
2024-08-28 09:56:42,45600.0,500,Buy,235283425
2024-08-28 09:56:42,45600.0,1000,Buy,235283426
2024-08-28 09:56:42,45600.0,100,Buy,235283428
2024-08-28 09:56:42,45550.0,1000,Buy,235283414
2024-08-28 09:56:42,45600.0,1000,Buy,235283429
2024-08-28 09:56:42,45600.0,200,Buy,235283430
2024-08-28 09:56:42,45600.0,200,Buy,235283431
2024-08-28 09:56:42,45650.0,100,Buy,235283432
2024-08-28 09:56:42,45650.0,1400,Buy,235283433
2024-08-28 09:56:42,45700.0,100,Buy,235283434
2024-08-28 09:56:42,45700.0,400,Buy,235283435
2024-08-28 09:56:42,45700.0,3000,Buy,235283436
2024-08-28 09:56:42,45700.0,7500,Buy,235283437
2024-08-28 09:56:42,45700.0,100,Buy,235283438
2024-08-28 09:56:42,45600.0,700,Buy,235283427
2024-08-28 09:56:42,45550.0,100,Buy,235283413
2024-08-28 09:56:42,45550.0,100,Buy,235283418
2024-08-28 09:56:42,45550.0,700,Buy,235283411
2024-08-28 09:56:42,45450.0,100,Buy,235283385
2024-08-28 09:56:42,45450.0,100,Buy,235283386
2024-08-28 09:56:42,45500.0,700,Buy,235283387
2024-08-28 09:56:42,45500.0,300,Buy,235283388
2024-08-28 09:56:42,45500.0,500,Buy,235283389
2024-08-28 09:56:42,45550.0,500,Buy,235283412
2024-08-28 09:56:42,45500.0,1900,Buy,235283391
2024-08-28 09:56:42,45500.0,1900,Buy,235283392
2024-08-28 09:56:42,45500.0,5700,Buy,235283393
2024-08-28 09:56:42,45500.0,1000,Buy,235283394
2024-08-28 09:56:42,45500.0,500,Buy,235283395
2024-08-28 09:56:42,45500.0,200,Buy,235283396
2024-08-28 09:56:42,45500.0,200,Buy,235283390
2024-08-28 09:56:42,45500.0,100,Buy,235283398
2024-08-28 09:56:42,45500.0,1000,Buy,235283397
2024-08-28 09:56:42,45550.0,1000,Buy,235283410
2024-08-28 09:56:42,45550.0,5000,Buy,235283409
2024-08-28 09:56:42,45550.0,1000,Buy,235283408
2024-08-28 09:56:42,45500.0,100,Buy,235283407
2024-08-28 09:56:42,45550.0,200,Buy,235283417
2024-08-28 09:56:42,45500.0,4000,Buy,235283405
2024-08-28 09:56:42,45500.0,100,Buy,235283406
2024-08-28 09:56:42,45500.0,300,Buy,235283401
2024-08-28 09:56:42,45500.0,500,Buy,235283400
2024-08-28 09:56:42,45500.0,1000,Buy,235283399
2024-08-28 09:56:46,45800.0,200,Buy,235283517
2024-08-28 09:56:46,45750.0,100,Buy,235283515
2024-08-28 09:56:46,45750.0,100,Buy,235283514
2024-08-28 09:56:46,45800.0,100,Buy,235283516
2024-08-28 09:56:53,45700.0,100,Sell,235283650
2024-08-28 09:56:55,45800.0,200,Buy,235283700
2024-08-28 09:57:05,45800.0,300,Buy,235283903
2024-08-28 09:57:13,45800.0,200,Buy,235284034
2024-08-28 09:57:19,45750.0,300,Buy,235284144
2024-08-28 09:57:30,45750.0,100,Buy,235284325
2024-08-28 09:57:30,45750.0,200,Buy,235284326
2024-08-28 09:57:40,45750.0,400,Sell,235284500
2024-08-28 09:57:42,45750.0,100,Buy,235284519
2024-08-28 09:57:50,45750.0,200,Sell,235284714
2024-08-28 09:57:50,45750.0,300,Sell,235284715
2024-08-28 09:57:52,45750.0,2000,Sell,235284731
2024-08-28 09:57:53,45800.0,200,Buy,235284743
2024-08-28 09:58:03,45800.0,300,Buy,235284937
2024-08-28 09:58:15,45800.0,300,Buy,235285137
2024-08-28 09:58:21,45750.0,100,Sell,235285258
2024-08-28 09:58:27,45800.0,400,Buy,235285405
2024-08-28 09:58:27,45800.0,200,Buy,235285404
2024-08-28 09:58:27,45800.0,200,Buy,235285403
2024-08-28 09:58:27,45800.0,100,Buy,235285401
2024-08-28 09:58:27,45800.0,100,Buy,235285400
2024-08-28 09:58:27,45800.0,100,Buy,235285402
2024-08-28 09:58:27,45800.0,500,Buy,235285398
2024-08-28 09:58:27,45800.0,500,Buy,235285397
2024-08-28 09:58:27,45800.0,100,Buy,235285396
2024-08-28 09:58:27,45800.0,1000,Buy,235285395
2024-08-28 09:58:27,45800.0,300,Buy,235285394
2024-08-28 09:58:27,45800.0,500,Buy,235285399
2024-08-28 09:58:28,45800.0,500,Buy,235285443
2024-08-28 09:58:28,45800.0,100,Buy,235285449
2024-08-28 09:58:28,45800.0,600,Buy,235285448
2024-08-28 09:58:28,45800.0,100,Buy,235285447
2024-08-28 09:58:28,45800.0,200,Buy,235285446
2024-08-28 09:58:28,45800.0,100,Buy,235285445
2024-08-28 09:58:28,45800.0,1700,Buy,235285444
2024-08-28 09:58:28,45800.0,500,Buy,235285442
2024-08-28 09:58:28,45800.0,300,Buy,235285435
2024-08-28 09:58:28,45800.0,1000,Buy,235285440
2024-08-28 09:58:28,45800.0,200,Buy,235285439
2024-08-28 09:58:28,45800.0,1000,Buy,235285438
2024-08-28 09:58:28,45800.0,100,Buy,235285437
2024-08-28 09:58:28,45800.0,500,Buy,235285436
2024-08-28 09:58:28,45800.0,1100,Buy,235285433
2024-08-28 09:58:28,45800.0,100,Buy,235285441
2024-08-28 09:58:28,45800.0,500,Buy,235285434
2024-08-28 09:58:31,45850.0,200,Buy,235285487
2024-08-28 09:58:31,45850.0,200,Buy,235285486
2024-08-28 09:58:35,45800.0,1400,Sell,235285524
2024-08-28 09:58:35,45750.0,600,Sell,235285525
2024-08-28 09:58:41,45800.0,100,Buy,235285666
2024-08-28 09:58:41,45850.0,100,Buy,235285667
2024-08-28 09:58:44,45800.0,100,Sell,235285712
2024-08-28 09:58:53,45850.0,300,Buy,235285843
2024-08-28 09:59:02,45800.0,100,Sell,235285964
2024-08-28 09:59:03,45850.0,300,Buy,235286045
2024-08-28 09:59:10,45850.0,2000,Buy,235286202
2024-08-28 09:59:10,45850.0,1000,Buy,235286201
2024-08-28 09:59:10,45850.0,1300,Buy,235286200
2024-08-28 09:59:10,45850.0,100,Buy,235286199
2024-08-28 09:59:10,45850.0,100,Buy,235286198
2024-08-28 09:59:10,45850.0,100,Buy,235286197
2024-08-28 09:59:10,45850.0,100,Buy,235286196
2024-08-28 09:59:10,45850.0,100,Buy,235286194
2024-08-28 09:59:10,45850.0,300,Buy,235286195
2024-08-28 09:59:10,45850.0,100,Buy,235286192
2024-08-28 09:59:10,45850.0,100,Buy,235286191
2024-08-28 09:59:10,45850.0,100,Buy,235286190
2024-08-28 09:59:10,45850.0,100,Buy,235286189
2024-08-28 09:59:10,45850.0,300,Buy,235286188
2024-08-28 09:59:10,45850.0,1000,Buy,235286187
2024-08-28 09:59:10,45850.0,100,Buy,235286186
2024-08-28 09:59:10,45850.0,100,Buy,235286185
2024-08-28 09:59:10,45850.0,100,Buy,235286184
2024-08-28 09:59:10,45850.0,1000,Buy,235286193
2024-08-28 09:59:11,45850.0,1400,Sell,235286233
2024-08-28 09:59:11,45850.0,100,Buy,235286224
2024-08-28 09:59:11,45850.0,100,Buy,235286225
2024-08-28 09:59:11,45850.0,300,Sell,235286232
2024-08-28 09:59:16,45800.0,2000,Sell,235286333
2024-08-28 09:59:18,45850.0,100,Buy,235286347
2024-08-28 09:59:18,45900.0,200,Buy,235286348
2024-08-28 09:59:29,45850.0,100,Buy,235286581
2024-08-28 09:59:36,45800.0,500,Sell,235286735
2024-08-28 09:59:36,45800.0,7800,Sell,235286733
2024-08-28 09:59:36,45800.0,100,Sell,235286734
2024-08-28 09:59:36,45850.0,500,Buy,235286732
2024-08-28 09:59:40,45850.0,1000,Buy,235286807
2024-08-28 09:59:41,45750.0,7900,Sell,235286864
2024-08-28 09:59:41,45750.0,900,Sell,235286865
2024-08-28 09:59:48,45800.0,300,Buy,235287036
2024-08-28 09:59:53,45750.0,1000,Sell,235287138
2024-08-28 10:00:11,45800.0,200,Buy,235287453
2024-08-28 10:00:11,45800.0,300,Buy,235287454
2024-08-28 10:00:12,45750.0,100,Sell,235287471
2024-08-28 10:00:21,45800.0,200,Buy,235287638
2024-08-28 10:00:21,45800.0,100,Buy,235287639
2024-08-28 10:00:33,45800.0,300,Buy,235287839
2024-08-28 10:00:48,45800.0,100,Buy,235288120
2024-08-28 10:00:48,45800.0,100,Buy,235288121
2024-08-28 10:00:48,45800.0,300,Buy,235288122
2024-08-28 10:00:50,45800.0,200,Buy,235288231
2024-08-28 10:00:50,45800.0,200,Buy,235288230
2024-08-28 10:00:52,45800.0,200,Buy,235288297
2024-08-28 10:00:52,45750.0,2000,Sell,235288300
2024-08-28 10:00:58,45800.0,600,Buy,235288401
2024-08-28 10:01:02,45800.0,300,Buy,235288456
2024-08-28 10:01:13,45800.0,200,Buy,235288672
2024-08-28 10:01:24,45750.0,300,Sell,235288915
2024-08-28 10:01:25,45800.0,300,Buy,235288924
2024-08-28 10:01:33,45750.0,10000,Sell,235289002
2024-08-28 10:01:38,45800.0,400,Buy,235289060
2024-08-28 10:01:40,45750.0,200,Sell,235289104
2024-08-28 10:01:45,45750.0,200,Sell,235289182
2024-08-28 10:01:49,45800.0,200,Buy,235289288
2024-08-28 10:01:49,45750.0,200,Sell,235289280
2024-08-28 10:01:50,45750.0,200,Sell,235289300
2024-08-28 10:02:01,45800.0,100,Buy,235289450
2024-08-28 10:02:01,45800.0,200,Buy,235289451
2024-08-28 10:02:02,45750.0,200,Sell,235289458
2024-08-28 10:02:11,45750.0,300,Sell,235289722
2024-08-28 10:02:12,45800.0,300,Buy,235289754
2024-08-28 10:02:14,45750.0,500,Sell,235289799
2024-08-28 10:02:15,45750.0,1000,Sell,235289816
2024-08-28 10:02:15,45750.0,500,Sell,235289817
2024-08-28 10:02:26,45750.0,300,Buy,235290074
2024-08-28 10:02:32,45700.0,100,Sell,235290204
2024-08-28 10:02:32,45750.0,2100,Buy,235290208
2024-08-28 10:02:38,45750.0,300,Buy,235290504
2024-08-28 10:02:50,45750.0,300,Buy,235290743
2024-08-28 10:02:54,45700.0,100,Sell,235290829
2024-08-28 10:02:54,45700.0,200,Sell,235290830
2024-08-28 10:02:55,45700.0,500,Sell,235290854
2024-08-28 10:03:13,45700.0,300,Sell,235291104
2024-08-28 10:03:13,45750.0,200,Buy,235291109
2024-08-28 10:03:14,45700.0,100,Sell,235291128
2024-08-28 10:03:14,45700.0,400,Sell,235291129
2024-08-28 10:03:24,45700.0,300,Buy,235291290
2024-08-28 10:03:37,45700.0,100,Buy,235291600
2024-08-28 10:03:37,45700.0,200,Buy,235291599
2024-08-28 10:03:47,45700.0,100,Buy,235291790
2024-08-28 10:03:47,45700.0,100,Buy,235291791
2024-08-28 10:03:54,45700.0,100,Buy,235291956
2024-08-28 10:04:08,45700.0,200,Buy,235292210
2024-08-28 10:04:08,45700.0,100,Buy,235292211
2024-08-28 10:04:08,45700.0,100,Buy,235292212
2024-08-28 10:04:08,45700.0,100,Buy,235292213
2024-08-28 10:04:22,45700.0,400,Buy,235292431
2024-08-28 10:04:35,45700.0,100,Buy,235292667
2024-08-28 10:04:35,45700.0,200,Buy,235292668
2024-08-28 10:04:59,45750.0,1900,Buy,235293028
2024-08-28 10:04:59,45750.0,500,Buy,235293029
2024-08-28 10:04:59,45750.0,6300,Buy,235293027
2024-08-28 10:04:59,45750.0,1200,Buy,235293031
2024-08-28 10:04:59,45750.0,600,Buy,235293034
2024-08-28 10:04:59,45750.0,100,Buy,235293030
2024-08-28 10:04:59,45700.0,300,Buy,235293026
2024-08-28 10:04:59,45700.0,2000,Buy,235293022
2024-08-28 10:04:59,45700.0,800,Buy,235293024
2024-08-28 10:04:59,45700.0,100,Buy,235293017
2024-08-28 10:04:59,45700.0,500,Buy,235293018
2024-08-28 10:04:59,45700.0,3000,Buy,235293019
2024-08-28 10:04:59,45700.0,2000,Buy,235293025
2024-08-28 10:04:59,45700.0,1000,Buy,235293021
2024-08-28 10:04:59,45700.0,200,Buy,235293020
2024-08-28 10:04:59,45700.0,100,Buy,235293023
2024-08-28 10:05:10,45700.0,300,Buy,235293175
2024-08-28 10:05:25,45700.0,300,Buy,235293465
2024-08-28 10:05:50,45600.0,100,Sell,235293945
2024-08-28 10:05:50,45600.0,400,Sell,235293946
2024-08-28 10:06:21,45650.0,100,Buy,235294478
2024-08-28 10:06:21,45650.0,100,Buy,235294479
2024-08-28 10:06:21,45650.0,100,Buy,235294480
2024-08-28 10:06:38,45650.0,100,Buy,235294757
2024-08-28 10:06:54,45650.0,200,Buy,235295070
2024-08-28 10:06:54,45650.0,200,Buy,235295071
2024-08-28 10:06:56,45600.0,100,Sell,235295080
2024-08-28 10:06:56,45650.0,200,Buy,235295083
2024-08-28 10:07:01,45650.0,7800,Buy,235295131
2024-08-28 10:07:04,45650.0,300,Buy,235295171
2024-08-28 10:07:07,45600.0,100,Sell,235295193
2024-08-28 10:07:08,45650.0,100,Buy,235295199
2024-08-28 10:07:09,45600.0,200,Sell,235295212
2024-08-28 10:07:09,45600.0,300,Sell,235295213
2024-08-28 10:07:09,45600.0,400,Sell,235295214
2024-08-28 10:07:09,45600.0,400,Sell,235295215
2024-08-28 10:07:09,45600.0,1700,Sell,235295216
2024-08-28 10:07:13,45600.0,300,Sell,235295288
2024-08-28 10:07:15,45600.0,100,Buy,235295341
2024-08-28 10:07:15,45650.0,100,Buy,235295344
2024-08-28 10:07:22,45650.0,1900,Buy,235295477
2024-08-28 10:07:26,45650.0,300,Buy,235295561
2024-08-28 10:07:38,45650.0,300,Buy,235295779
2024-08-28 10:07:44,45500.0,900,Sell,235295881
2024-08-28 10:07:44,45500.0,500,Sell,235295880
2024-08-28 10:07:44,45500.0,300,Sell,235295879
2024-08-28 10:07:44,45500.0,500,Sell,235295878
2024-08-28 10:07:44,45550.0,300,Sell,235295876
2024-08-28 10:07:44,45500.0,3000,Sell,235295877
2024-08-28 10:07:44,45550.0,2000,Sell,235295875
2024-08-28 10:07:48,45650.0,100,Buy,235295940
2024-08-28 10:07:52,45650.0,300,Buy,235296029
2024-08-28 10:08:02,45650.0,300,Buy,235296269
2024-08-28 10:08:12,45650.0,200,Buy,235296475
2024-08-28 10:08:25,45650.0,100,Buy,235296768
2024-08-28 10:08:25,45650.0,200,Buy,235296769
2024-08-28 10:08:33,45600.0,100,Buy,235296912
2024-08-28 10:08:33,45650.0,200,Buy,235296913
2024-08-28 10:08:44,45600.0,200,Buy,235297078
2024-08-28 10:08:51,45600.0,300,Buy,235297292
2024-08-28 10:08:59,45600.0,2500,Buy,235297459
2024-08-28 10:09:13,45650.0,200,Buy,235297751
2024-08-28 10:09:22,45600.0,500,Sell,235298009
2024-08-28 10:09:22,45600.0,1000,Sell,235298008
2024-08-28 10:09:26,45600.0,300,Buy,235298051
2024-08-28 10:09:37,45600.0,200,Buy,235298312
2024-08-28 10:09:37,45650.0,100,Buy,235298313
2024-08-28 10:09:51,45600.0,400,Buy,235298540
2024-08-28 10:10:02,45600.0,200,Buy,235298721
2024-08-28 10:10:17,45600.0,400,Buy,235299072
2024-08-28 10:10:29,45600.0,300,Buy,235299351
2024-08-28 10:10:39,45600.0,200,Buy,235299505
2024-08-28 10:10:53,45550.0,5000,Sell,235299794
2024-08-28 10:10:54,45600.0,400,Buy,235299805
2024-08-28 10:10:54,45550.0,14000,Sell,235299806
2024-08-28 10:10:54,45550.0,100,Sell,235299807
2024-08-28 10:11:01,45500.0,100,Sell,235299905
2024-08-28 10:11:07,45550.0,500,Buy,235299999
2024-08-28 10:11:09,45550.0,400,Buy,235300038
2024-08-28 10:11:15,45500.0,2000,Sell,235300191
2024-08-28 10:11:15,45500.0,4000,Sell,235300158
2024-08-28 10:11:30,45500.0,200,Sell,235300440
2024-08-28 10:11:30,45500.0,100,Sell,235300441
2024-08-28 10:11:30,45500.0,200,Sell,235300442
2024-08-28 10:11:30,45500.0,200,Sell,235300443
2024-08-28 10:11:30,45450.0,1300,Sell,235300444
2024-08-28 10:11:30,45500.0,3000,Sell,235300439
2024-08-28 10:11:44,45500.0,200,Sell,235300747
2024-08-28 10:11:48,45500.0,400,Sell,235300871
2024-08-28 10:11:49,45500.0,100,Buy,235300885
2024-08-28 10:12:02,45500.0,2200,Sell,235301168
2024-08-28 10:12:02,45500.0,300,Sell,235301169
2024-08-28 10:12:09,45500.0,400,Buy,235301317
2024-08-28 10:12:24,45500.0,300,Buy,235301636
2024-08-28 10:12:35,45450.0,1000,Sell,235301822
2024-08-28 10:12:35,45500.0,300,Buy,235301831
2024-08-28 10:12:39,45500.0,400,Buy,235301997
2024-08-28 10:12:39,45500.0,1500,Buy,235301995
2024-08-28 10:12:39,45500.0,5000,Buy,235301996
2024-08-28 10:12:49,45550.0,300,Buy,235302203
2024-08-28 10:12:49,45500.0,2100,Sell,235302202
2024-08-28 10:12:50,45500.0,1000,Sell,235302218
2024-08-28 10:12:55,45550.0,3500,Buy,235302376
2024-08-28 10:12:55,45550.0,300,Buy,235302377
2024-08-28 10:12:55,45550.0,100,Buy,235302378
2024-08-28 10:12:55,45550.0,1500,Buy,235302379
2024-08-28 10:12:58,45600.0,300,Buy,235302454
2024-08-28 10:13:05,45550.0,1000,Sell,235302562
2024-08-28 10:13:08,45600.0,200,Buy,235302617
2024-08-28 10:13:18,45600.0,200,Buy,235302895
2024-08-28 10:13:30,45600.0,300,Buy,235303133
2024-08-28 10:13:39,45600.0,600,Buy,235303319
2024-08-28 10:13:39,45600.0,2900,Buy,235303321
2024-08-28 10:13:39,45600.0,300,Buy,235303320
2024-08-28 10:13:39,45600.0,1000,Buy,235303318
2024-08-28 10:13:39,45600.0,3000,Buy,235303316
2024-08-28 10:13:39,45600.0,2100,Buy,235303315
2024-08-28 10:13:39,45600.0,100,Buy,235303317
2024-08-28 10:13:42,45600.0,100,Buy,235303431
2024-08-28 10:13:42,45600.0,200,Buy,235303432
2024-08-28 10:13:43,45600.0,1000,Buy,235303472
2024-08-28 10:13:50,45600.0,200,Buy,235303613
2024-08-28 10:14:02,45600.0,300,Buy,235303846
2024-08-28 10:14:07,45600.0,200,Buy,235303943
2024-08-28 10:14:09,45700.0,100,Buy,235304030
2024-08-28 10:14:09,45700.0,2600,Buy,235304029
2024-08-28 10:14:09,45700.0,100,Buy,235304020
2024-08-28 10:14:09,45700.0,200,Buy,235304026
2024-08-28 10:14:09,45700.0,17000,Buy,235304022
2024-08-28 10:14:09,45700.0,1000,Buy,235304024
2024-08-28 10:14:09,45700.0,100,Buy,235304023
2024-08-28 10:14:09,45750.0,2200,Buy,235304031
2024-08-28 10:14:09,45700.0,100,Buy,235304021
2024-08-28 10:14:09,45700.0,100,Buy,235304025
2024-08-28 10:14:09,45750.0,500,Buy,235304032
2024-08-28 10:14:09,45750.0,500,Buy,235304036
2024-08-28 10:14:09,45750.0,1000,Buy,235304034
2024-08-28 10:14:09,45750.0,100,Buy,235304035
2024-08-28 10:14:09,45750.0,500,Buy,235304037
2024-08-28 10:14:09,45750.0,100,Buy,235304038
2024-08-28 10:14:09,45750.0,200,Buy,235304039
2024-08-28 10:14:09,45800.0,2200,Buy,235304040
2024-08-28 10:14:09,45800.0,1000,Buy,235304041
2024-08-28 10:14:09,45800.0,100,Buy,235304042
2024-08-28 10:14:09,45800.0,100,Buy,235304043
2024-08-28 10:14:09,45800.0,200,Buy,235304044
2024-08-28 10:14:09,45750.0,100,Buy,235304033
2024-08-28 10:14:09,45700.0,200,Buy,235304019
2024-08-28 10:14:09,45700.0,500,Buy,235304028
2024-08-28 10:14:09,45700.0,100,Buy,235304017
2024-08-28 10:14:09,45700.0,1000,Buy,235304018
2024-08-28 10:14:09,45600.0,100,Buy,235303993
2024-08-28 10:14:09,45600.0,100,Buy,235303994
2024-08-28 10:14:09,45600.0,1000,Buy,235303995
2024-08-28 10:14:09,45600.0,100,Buy,235303996
2024-08-28 10:14:09,45600.0,200,Buy,235303997
2024-08-28 10:14:09,45600.0,2100,Buy,235303998
2024-08-28 10:14:09,45600.0,500,Buy,235303999
2024-08-28 10:14:09,45600.0,300,Buy,235304000
2024-08-28 10:14:09,45650.0,1300,Buy,235304001
2024-08-28 10:14:09,45650.0,1900,Buy,235304002
2024-08-28 10:14:09,45650.0,100,Buy,235304003
2024-08-28 10:14:09,45650.0,300,Buy,235304004
2024-08-28 10:14:09,45700.0,200,Buy,235304027
2024-08-28 10:14:09,45650.0,5000,Buy,235304006
2024-08-28 10:14:09,45700.0,300,Buy,235304015
2024-08-28 10:14:09,45700.0,500,Buy,235304014
2024-08-28 10:14:09,45700.0,2000,Buy,235304013
2024-08-28 10:14:09,45700.0,500,Buy,235304012
2024-08-28 10:14:09,45650.0,1900,Buy,235304011
2024-08-28 10:14:09,45700.0,200,Buy,235304016
2024-08-28 10:14:09,45650.0,200,Buy,235304005
2024-08-28 10:14:09,45650.0,100,Buy,235304007
2024-08-28 10:14:09,45650.0,100,Buy,235304010
2024-08-28 10:14:09,45650.0,100,Buy,235304009
2024-08-28 10:14:09,45650.0,2000,Buy,235304008
2024-08-28 10:14:14,45600.0,500,Buy,235304131
2024-08-28 10:14:16,45550.0,9500,Sell,235304180
2024-08-28 10:14:18,45600.0,400,Buy,235304227
2024-08-28 10:14:27,45600.0,100,Buy,235304434
2024-08-28 10:14:27,45750.0,300,Buy,235304435
2024-08-28 10:14:33,45600.0,100,Buy,235304560
2024-08-28 10:14:33,45750.0,300,Buy,235304561
2024-08-28 10:14:43,45750.0,200,Buy,235304694
2024-08-28 10:14:53,45600.0,300,Buy,235304830
2024-08-28 10:14:56,45600.0,100,Buy,235304924
2024-08-28 10:15:02,45600.0,200,Buy,235305007
2024-08-28 10:15:12,45600.0,300,Buy,235305244
2024-08-28 10:15:24,45600.0,200,Buy,235305461
2024-08-28 10:15:29,45600.0,100,Buy,235305535
2024-08-28 10:15:30,45600.0,1200,Buy,235305560
2024-08-28 10:15:30,45600.0,800,Buy,235305559
2024-08-28 10:15:32,45600.0,300,Buy,235305583
2024-08-28 10:15:37,45600.0,400,Buy,235305679
2024-08-28 10:15:53,45600.0,100,Buy,235305988
2024-08-28 10:15:53,45600.0,100,Buy,235305989
2024-08-28 10:15:53,45600.0,200,Buy,235305990
2024-08-28 10:16:03,45550.0,100,Sell,235306181
2024-08-28 10:16:04,45600.0,200,Buy,235306204
2024-08-28 10:16:14,45600.0,300,Buy,235306483
2024-08-28 10:16:27,45600.0,300,Buy,235306758
2024-08-28 10:16:29,45600.0,500,Buy,235306801
2024-08-28 10:16:40,45600.0,300,Buy,235307035
2024-08-28 10:16:58,45600.0,100,Buy,235307342
2024-08-28 10:16:58,45600.0,200,Buy,235307339
2024-08-28 10:16:58,45600.0,100,Buy,235307341
2024-08-28 10:16:58,45600.0,1000,Buy,235307340
2024-08-28 10:16:58,45600.0,200,Buy,235307336
2024-08-28 10:16:58,45600.0,100,Buy,235307338
2024-08-28 10:16:58,45600.0,500,Buy,235307337
2024-08-28 10:17:00,45650.0,200,Buy,235307362
2024-08-28 10:17:00,45650.0,300,Buy,235307363
2024-08-28 10:17:01,45600.0,1200,Sell,235307380
2024-08-28 10:17:12,45650.0,200,Buy,235307588
2024-08-28 10:17:12,45650.0,100,Buy,235307589
2024-08-28 10:17:24,45650.0,100,Buy,235307884
2024-08-28 10:17:27,45650.0,200,Buy,235307952
2024-08-28 10:17:27,45700.0,100,Buy,235307953
2024-08-28 10:17:27,45700.0,100,Buy,235307954
2024-08-28 10:17:45,45700.0,100,Buy,235308244
2024-08-28 10:17:45,45700.0,100,Buy,235308245
2024-08-28 10:17:45,45700.0,200,Buy,235308246
2024-08-28 10:17:58,45700.0,300,Buy,235308458
2024-08-28 10:18:12,45600.0,2000,Sell,235308732
2024-08-28 10:18:15,45700.0,400,Buy,235308757
2024-08-28 10:18:18,45700.0,100,Buy,235308787
2024-08-28 10:18:18,45700.0,100,Buy,235308788
2024-08-28 10:18:18,45700.0,100,Buy,235308789
2024-08-28 10:18:19,45700.0,1000,Buy,235308800
2024-08-28 10:18:24,45700.0,900,Buy,235308876
2024-08-28 10:18:24,45700.0,300,Buy,235308877
2024-08-28 10:18:24,45700.0,200,Buy,235308878
2024-08-28 10:18:25,45750.0,200,Buy,235308905
2024-08-28 10:18:25,45750.0,100,Buy,235308906
2024-08-28 10:18:29,45700.0,500,Sell,235308970
2024-08-28 10:18:33,45700.0,700,Sell,235309020
2024-08-28 10:18:38,45700.0,200,Sell,235309108
2024-08-28 10:18:38,45700.0,300,Sell,235309109
2024-08-28 10:18:45,45700.0,500,Buy,235309260
2024-08-28 10:18:46,45700.0,300,Sell,235309268
2024-08-28 10:18:46,45700.0,2000,Buy,235309267
2024-08-28 10:18:48,45750.0,100,Buy,235309301
2024-08-28 10:18:48,45750.0,100,Buy,235309302
2024-08-28 10:18:56,45700.0,5000,Sell,235309412
2024-08-28 10:18:57,45700.0,100,Sell,235309426
2024-08-28 10:19:01,45750.0,200,Buy,235309533
2024-08-28 10:19:01,45750.0,200,Buy,235309534
2024-08-28 10:19:09,45700.0,1000,Sell,235309794
2024-08-28 10:19:12,45750.0,200,Buy,235309830
2024-08-28 10:19:26,45700.0,100,Sell,235310013
2024-08-28 10:19:27,45750.0,400,Buy,235310036
2024-08-28 10:19:38,45700.0,100,Sell,235310174
2024-08-28 10:19:39,45750.0,300,Buy,235310180
2024-08-28 10:19:41,45700.0,100,Sell,235310203
2024-08-28 10:19:43,45700.0,100,Sell,235310238
2024-08-28 10:19:45,45700.0,5400,Sell,235310297
2024-08-28 10:19:52,45750.0,100,Buy,235310390
2024-08-28 10:19:52,45750.0,100,Buy,235310388
2024-08-28 10:19:52,45750.0,100,Buy,235310389
2024-08-28 10:20:02,45700.0,1000,Sell,235310573
2024-08-28 10:20:10,45750.0,100,Buy,235310652
2024-08-28 10:20:10,45750.0,100,Buy,235310653
2024-08-28 10:20:10,45750.0,200,Buy,235310654
2024-08-28 10:20:14,45700.0,100,Sell,235310705
2024-08-28 10:20:24,45750.0,300,Buy,235310858
2024-08-28 10:20:24,45750.0,100,Buy,235310859
2024-08-28 10:20:24,45750.0,100,Buy,235310861
2024-08-28 10:20:26,45700.0,300,Sell,235310887
2024-08-28 10:20:38,45700.0,1000,Sell,235311013
2024-08-28 10:20:39,45750.0,200,Buy,235311019
2024-08-28 10:20:39,45750.0,100,Buy,235311020
2024-08-28 10:20:39,45750.0,100,Buy,235311021
2024-08-28 10:20:43,45700.0,5100,Sell,235311083
2024-08-28 10:20:43,45700.0,1900,Sell,235311081
2024-08-28 10:20:43,45700.0,1000,Sell,235311082
2024-08-28 10:20:49,45700.0,200,Sell,235311138
2024-08-28 10:20:53,45750.0,300,Buy,235311216
2024-08-28 10:20:59,45700.0,100,Sell,235311349
2024-08-28 10:21:01,45750.0,200,Buy,235311372
2024-08-28 10:21:02,45700.0,100,Sell,235311378
2024-08-28 10:21:12,45750.0,300,Buy,235311521
2024-08-28 10:21:22,45750.0,200,Buy,235311652
2024-08-28 10:21:34,45750.0,300,Buy,235311826
2024-08-28 10:21:36,45700.0,100,Sell,235311846
2024-08-28 10:21:41,45750.0,1200,Buy,235311993
2024-08-28 10:21:41,45750.0,700,Buy,235311994
2024-08-28 10:21:41,45750.0,300,Buy,235311999
2024-08-28 10:21:41,45750.0,1600,Buy,235312000
2024-08-28 10:21:50,45750.0,400,Buy,235312172
2024-08-28 10:22:07,45750.0,400,Buy,235312480
2024-08-28 10:22:09,45700.0,3600,Sell,235312518
2024-08-28 10:22:10,45750.0,500,Buy,235312547
2024-08-28 10:22:10,45750.0,100,Buy,235312548
2024-08-28 10:22:10,45750.0,6400,Buy,235312549
2024-08-28 10:22:10,45750.0,600,Buy,235312546
2024-08-28 10:22:16,45750.0,300,Buy,235312666
2024-08-28 10:22:20,45700.0,200,Sell,235312742
2024-08-28 10:22:29,45750.0,300,Buy,235312857
2024-08-28 10:22:34,45700.0,2000,Sell,235312952
2024-08-28 10:22:36,45700.0,1200,Sell,235312972
2024-08-28 10:22:36,45700.0,7000,Sell,235312973
2024-08-28 10:22:36,45700.0,200,Sell,235312974
2024-08-28 10:22:42,45700.0,300,Buy,235313062
2024-08-28 10:22:55,45700.0,1300,Buy,235313248
2024-08-28 10:22:58,45700.0,400,Buy,235313275
2024-08-28 10:23:07,45700.0,100,Buy,235313373
2024-08-28 10:23:11,45700.0,300,Buy,235313506
2024-08-28 10:23:16,45700.0,500,Buy,235313596
2024-08-28 10:23:19,45600.0,300,Sell,235313636
2024-08-28 10:23:27,45700.0,400,Buy,235313751
2024-08-28 10:23:38,45700.0,300,Buy,235313901
2024-08-28 10:23:48,45700.0,200,Buy,235314054
2024-08-28 10:23:50,45600.0,1000,Sell,235314149
2024-08-28 10:23:50,45600.0,500,Sell,235314148
2024-08-28 10:23:50,45600.0,300,Sell,235314145
2024-08-28 10:23:50,45600.0,7000,Sell,235314146
2024-08-28 10:23:50,45600.0,200,Sell,235314147
2024-08-28 10:23:59,45600.0,100,Sell,235314288
2024-08-28 10:24:00,45700.0,1300,Buy,235314295
2024-08-28 10:24:12,45700.0,300,Buy,235314435
2024-08-28 10:24:13,45700.0,200,Buy,235314478
2024-08-28 10:24:24,45600.0,100,Sell,235314617
2024-08-28 10:24:24,45600.0,500,Sell,235314618
2024-08-28 10:24:24,45600.0,300,Sell,235314619
2024-08-28 10:24:24,45600.0,1100,Sell,235314620
2024-08-28 10:24:34,45600.0,500,Sell,235314774
2024-08-28 10:24:38,45650.0,200,Buy,235314860
2024-08-28 10:24:53,45600.0,200,Sell,235315130
2024-08-28 10:24:55,45600.0,100,Sell,235315162
2024-08-28 10:25:03,45650.0,200,Buy,235315347
2024-08-28 10:25:06,45600.0,100,Sell,235315405
2024-08-28 10:25:06,45600.0,300,Sell,235315399
2024-08-28 10:25:06,45600.0,400,Sell,235315397
2024-08-28 10:25:06,45600.0,200,Sell,235315398
2024-08-28 10:25:06,45600.0,100,Sell,235315396
2024-08-28 10:25:14,45650.0,300,Buy,235315521
2024-08-28 10:25:25,45600.0,100,Buy,235315787
2024-08-28 10:25:25,45650.0,200,Buy,235315788
2024-08-28 10:25:27,45550.0,2000,Sell,235315827
2024-08-28 10:25:40,45550.0,100,Buy,235316286
2024-08-28 10:25:40,45550.0,100,Buy,235316287
2024-08-28 10:25:40,45600.0,100,Buy,235316288
2024-08-28 10:25:44,45500.0,100,Sell,235316358
2024-08-28 10:25:44,45500.0,2000,Sell,235316342
2024-08-28 10:25:44,45500.0,400,Sell,235316357
2024-08-28 10:25:54,45600.0,100,Buy,235316501
2024-08-28 10:25:54,45600.0,300,Buy,235316502
2024-08-28 10:26:06,45600.0,100,Buy,235316718
2024-08-28 10:26:06,45650.0,200,Buy,235316719
2024-08-28 10:26:17,45650.0,300,Buy,235316905
2024-08-28 10:26:25,45550.0,1000,Sell,235317119
2024-08-28 10:26:25,45500.0,100,Sell,235317120
2024-08-28 10:26:25,45500.0,2500,Sell,235317121
2024-08-28 10:26:25,45500.0,200,Sell,235317122
2024-08-28 10:26:25,45500.0,100,Sell,235317123
2024-08-28 10:26:25,45450.0,100,Sell,235317124
2024-08-28 10:26:30,45650.0,300,Buy,235317174
2024-08-28 10:26:43,45500.0,300,Buy,235317376
2024-08-28 10:26:53,45450.0,12600,Sell,235317504
2024-08-28 10:26:53,45450.0,100,Sell,235317505
2024-08-28 10:26:53,45450.0,1100,Sell,235317506
2024-08-28 10:26:53,45450.0,1200,Sell,235317507
2024-08-28 10:26:56,45500.0,300,Buy,235317542
2024-08-28 10:26:58,45500.0,14600,Buy,235317552
2024-08-28 10:27:00,45450.0,800,Sell,235317573
2024-08-28 10:27:00,45450.0,200,Sell,235317574
2024-08-28 10:27:00,45450.0,2000,Sell,235317575
2024-08-28 10:27:00,45450.0,1000,Sell,235317576
2024-08-28 10:27:00,45400.0,14300,Sell,235317577
2024-08-28 10:27:07,45500.0,300,Buy,235317701
2024-08-28 10:27:22,45500.0,400,Buy,235317900
2024-08-28 10:27:37,45500.0,300,Buy,235318248
2024-08-28 10:27:47,45450.0,700,Sell,235318365
2024-08-28 10:27:48,45500.0,300,Buy,235318375
2024-08-28 10:27:49,45450.0,1300,Sell,235318392
2024-08-28 10:27:49,45400.0,700,Sell,235318393
2024-08-28 10:27:57,45500.0,200,Buy,235318500
2024-08-28 10:28:16,45500.0,500,Buy,235318839
2024-08-28 10:28:28,45500.0,300,Buy,235319008
2024-08-28 10:28:43,45500.0,300,Buy,235319270
2024-08-28 10:28:46,45500.0,400,Buy,235319331
2024-08-28 10:28:59,45450.0,100,Sell,235319534
2024-08-28 10:29:27,45500.0,300,Buy,235319891
2024-08-28 10:29:35,45500.0,200,Buy,235320034
2024-08-28 10:29:50,45500.0,2500,Buy,235320243
2024-08-28 10:29:50,45500.0,100,Buy,235320244
2024-08-28 10:29:50,45500.0,1000,Buy,235320245
2024-08-28 10:29:50,45500.0,1000,Buy,235320246
2024-08-28 10:29:50,45500.0,100,Buy,235320248
2024-08-28 10:29:50,45500.0,100,Buy,235320249
2024-08-28 10:29:50,45500.0,400,Buy,235320271
2024-08-28 10:29:50,45500.0,200,Buy,235320247
2024-08-28 10:30:09,45500.0,500,Buy,235320631
2024-08-28 10:30:23,45500.0,300,Buy,235320820
2024-08-28 10:30:36,45500.0,300,Buy,235321020
2024-08-28 10:30:37,45450.0,200,Sell,235321036
2024-08-28 10:30:37,45450.0,300,Sell,235321035
2024-08-28 10:30:37,45450.0,100,Sell,235321033
2024-08-28 10:30:37,45450.0,400,Sell,235321034
2024-08-28 10:30:38,45450.0,2000,Sell,235321059
2024-08-28 10:30:45,45500.0,300,Buy,235321130
2024-08-28 10:30:55,45500.0,200,Buy,235321222
2024-08-28 10:30:58,45450.0,200,Sell,235321239
2024-08-28 10:30:58,45450.0,1800,Sell,235321247
2024-08-28 10:30:59,45450.0,800,Sell,235321254
2024-08-28 10:30:59,45450.0,900,Sell,235321255
2024-08-28 10:31:05,45500.0,200,Buy,235321414
2024-08-28 10:31:07,45450.0,300,Sell,235321445
2024-08-28 10:31:08,45450.0,800,Sell,235321458
2024-08-28 10:31:08,45450.0,300,Sell,235321459
2024-08-28 10:31:08,45450.0,1900,Sell,235321460
2024-08-28 10:31:15,45450.0,300,Buy,235321587
2024-08-28 10:31:28,45450.0,300,Buy,235321792
2024-08-28 10:31:40,45450.0,300,Buy,235321989
2024-08-28 10:31:43,45450.0,1000,Sell,235322021
2024-08-28 10:31:43,45450.0,100,Buy,235322010
2024-08-28 10:31:43,45450.0,100,Buy,235322011
2024-08-28 10:31:43,45450.0,500,Buy,235322012
2024-08-28 10:32:06,45500.0,100,Buy,235322311
2024-08-28 10:32:06,45500.0,200,Buy,235322312
2024-08-28 10:32:32,45500.0,300,Buy,235322699
2024-08-28 10:32:50,45500.0,400,Buy,235322997
2024-08-28 10:33:06,45450.0,300,Sell,235323159
2024-08-28 10:33:06,45450.0,300,Sell,235323160
2024-08-28 10:33:18,45500.0,200,Buy,235323305
2024-08-28 10:33:29,45500.0,300,Buy,235323487
2024-08-28 10:33:32,45450.0,200,Sell,235323523
2024-08-28 10:33:32,45450.0,300,Sell,235323524
2024-08-28 10:33:32,45450.0,400,Sell,235323525
2024-08-28 10:33:32,45450.0,500,Sell,235323526
2024-08-28 10:33:43,45450.0,200,Buy,235323687
2024-08-28 10:33:43,45450.0,300,Buy,235323688
2024-08-28 10:33:44,45400.0,500,Sell,235323708
2024-08-28 10:33:57,45450.0,300,Buy,235323848
2024-08-28 10:34:06,45450.0,300,Buy,235324030
2024-08-28 10:34:16,45400.0,1000,Sell,235324159
2024-08-28 10:34:19,45500.0,300,Buy,235324235
2024-08-28 10:34:30,45500.0,300,Buy,235324374
2024-08-28 10:34:40,45500.0,200,Buy,235324536
2024-08-28 10:34:42,45500.0,200,Buy,235324576
2024-08-28 10:34:46,45450.0,100,Buy,235324619
2024-08-28 10:34:56,45500.0,400,Buy,235324793
2024-08-28 10:34:59,45500.0,100,Buy,235324858
2024-08-28 10:34:59,45500.0,100,Buy,235324859
2024-08-28 10:35:06,45500.0,200,Buy,235324958
2024-08-28 10:35:16,45500.0,300,Buy,235325151
2024-08-28 10:35:25,45500.0,200,Buy,235325350
2024-08-28 10:35:35,45500.0,300,Buy,235325599
2024-08-28 10:35:47,45500.0,300,Buy,235325822
2024-08-28 10:35:53,45500.0,2100,Buy,235325898
2024-08-28 10:35:56,45500.0,200,Buy,235325974
2024-08-28 10:36:08,45500.0,300,Buy,235326148
2024-08-28 10:36:29,45450.0,400,Sell,235326542
2024-08-28 10:36:38,45500.0,300,Buy,235327126
2024-08-28 10:36:44,45450.0,100,Sell,235327208
2024-08-28 10:36:51,45450.0,100,Sell,235327339
2024-08-28 10:36:58,45450.0,200,Sell,235327458
2024-08-28 10:36:58,45450.0,400,Sell,235327456
2024-08-28 10:36:58,45450.0,400,Sell,235327457
2024-08-28 10:37:03,45450.0,100,Sell,235327683
2024-08-28 10:37:03,45450.0,1900,Sell,235327684
2024-08-28 10:37:16,45500.0,300,Buy,235327909
2024-08-28 10:37:24,45450.0,100,Sell,235328027
2024-08-28 10:37:29,45500.0,400,Buy,235328093
2024-08-28 10:37:34,45450.0,200,Sell,235328155
2024-08-28 10:37:38,45500.0,200,Buy,235328233
2024-08-28 10:37:41,45450.0,100,Sell,235328256
2024-08-28 10:37:48,45500.0,200,Buy,235328382
2024-08-28 10:38:01,45500.0,300,Buy,235328584
2024-08-28 10:38:03,45500.0,300,Buy,235328639
2024-08-28 10:38:06,45450.0,200,Sell,235328771
2024-08-28 10:38:20,45500.0,500,Buy,235329076
2024-08-28 10:38:30,45450.0,100,Sell,235329285
2024-08-28 10:38:33,45500.0,300,Buy,235329317
2024-08-28 10:38:38,45450.0,2000,Sell,235329391
2024-08-28 10:38:39,45450.0,3000,Sell,235329403
2024-08-28 10:38:46,45500.0,300,Buy,235329481
2024-08-28 10:38:48,45450.0,1000,Sell,235329514
2024-08-28 10:38:49,45450.0,500,Sell,235329534
2024-08-28 10:38:53,45450.0,100,Sell,235329568
2024-08-28 10:38:54,45450.0,200,Sell,235329588
2024-08-28 10:38:55,45500.0,300,Buy,235329595
2024-08-28 10:39:01,45450.0,100,Sell,235329703
2024-08-28 10:39:09,45500.0,600,Buy,235329827
2024-08-28 10:39:10,45500.0,300,Buy,235329832
2024-08-28 10:39:13,45450.0,100,Sell,235329920
2024-08-28 10:39:21,45500.0,300,Buy,235330013
2024-08-28 10:39:34,45500.0,300,Buy,235330382
2024-08-28 10:39:43,45450.0,100,Sell,235330525
2024-08-28 10:39:49,45500.0,400,Buy,235330584
2024-08-28 10:39:56,45500.0,3700,Buy,235330713
2024-08-28 10:39:56,45500.0,200,Buy,235330714
2024-08-28 10:39:56,45500.0,1800,Buy,235330715
2024-08-28 10:40:03,45500.0,300,Buy,235330831
2024-08-28 10:40:18,45500.0,200,Buy,235331048
2024-08-28 10:40:18,45500.0,200,Buy,235331047
2024-08-28 10:40:20,45500.0,100,Buy,235331067
2024-08-28 10:40:37,45500.0,500,Buy,235331360
2024-08-28 10:40:49,45500.0,300,Buy,235331604
2024-08-28 10:41:03,45500.0,200,Buy,235331822
2024-08-28 10:41:03,45500.0,100,Buy,235331823
2024-08-28 10:41:12,45500.0,100,Buy,235332023
2024-08-28 10:41:12,45500.0,100,Buy,235332024
2024-08-28 10:41:24,45500.0,300,Buy,235332228
2024-08-28 10:41:36,45500.0,300,Buy,235332434
2024-08-28 10:41:47,45450.0,100,Sell,235332629
2024-08-28 10:41:54,45500.0,500,Buy,235332688
2024-08-28 10:42:08,45500.0,300,Buy,235332867
2024-08-28 10:42:20,45500.0,300,Buy,235332994
2024-08-28 10:42:32,45500.0,200,Buy,235333110
2024-08-28 10:42:32,45500.0,100,Buy,235333111
2024-08-28 10:42:36,45450.0,200,Sell,235333181
2024-08-28 10:42:42,45500.0,200,Buy,235333296
2024-08-28 10:42:54,45500.0,300,Buy,235333458
2024-08-28 10:42:54,45450.0,200,Sell,235333459
2024-08-28 10:42:57,45500.0,200,Buy,235333501
2024-08-28 10:42:57,45500.0,100,Buy,235333509
2024-08-28 10:42:57,45500.0,1000,Buy,235333510
2024-08-28 10:42:57,45500.0,100,Buy,235333511
2024-08-28 10:42:57,45500.0,4300,Buy,235333512
2024-08-28 10:42:58,45500.0,700,Buy,235333564
2024-08-28 10:42:58,45500.0,1200,Buy,235333565
2024-08-28 10:43:06,45500.0,300,Buy,235333704
2024-08-28 10:43:12,45450.0,100,Sell,235333787
2024-08-28 10:43:17,45450.0,700,Sell,235333864
2024-08-28 10:43:19,45500.0,400,Buy,235333995
2024-08-28 10:43:23,45500.0,100,Buy,235334035
2024-08-28 10:43:29,45450.0,100,Sell,235334127
2024-08-28 10:43:29,45450.0,200,Sell,235334126
2024-08-28 10:43:30,45500.0,200,Buy,235334146
2024-08-28 10:43:34,45450.0,100,Sell,235334206
2024-08-28 10:43:43,45500.0,300,Buy,235334342
2024-08-28 10:43:57,45500.0,400,Buy,235334570
2024-08-28 10:44:09,45500.0,300,Buy,235334754
