time,price,volume,match_type,id
2024-08-19 09:14:37,41300.0,6400,ATO/ATC,232510253
2024-08-19 09:14:39,41350.0,4400,Buy,232510562
2024-08-19 09:14:47,41350.0,500,Buy,232510938
2024-08-19 09:14:54,41350.0,100,Buy,232511127
2024-08-19 09:15:05,41350.0,200,Sell,232511490
2024-08-19 09:15:43,41350.0,100,Sell,232513103
2024-08-19 09:15:48,41300.0,500,Sell,232513338
2024-08-19 09:15:48,41300.0,800,Sell,232513337
2024-08-19 09:16:06,41300.0,200,Sell,232514346
2024-08-19 09:16:08,41300.0,300,Sell,232514438
2024-08-19 09:16:12,41250.0,100,Sell,232514744
2024-08-19 09:16:12,41250.0,100,Sell,232514745
2024-08-19 09:16:12,41250.0,200,Sell,232514746
2024-08-19 09:16:12,41200.0,100,Sell,232514747
2024-08-19 09:16:12,41200.0,1100,Sell,232514748
2024-08-19 09:16:12,41200.0,700,Sell,232514749
2024-08-19 09:16:12,41200.0,1000,Sell,232514750
2024-08-19 09:16:12,41250.0,300,Sell,232514743
2024-08-19 09:16:14,41300.0,200,Buy,232514903
2024-08-19 09:16:21,41300.0,300,Sell,232515260
2024-08-19 09:16:21,41300.0,100,Sell,232515261
2024-08-19 09:16:27,41150.0,2600,Sell,232515598
2024-08-19 09:16:27,41150.0,100,Sell,232515597
2024-08-19 09:16:27,41150.0,200,Sell,232515594
2024-08-19 09:16:27,41150.0,100,Sell,232515593
2024-08-19 09:16:27,41150.0,500,Sell,232515596
2024-08-19 09:16:27,41150.0,100,Sell,232515591
2024-08-19 09:16:27,41150.0,100,Sell,232515592
2024-08-19 09:16:27,41200.0,100,Sell,232515587
2024-08-19 09:16:27,41200.0,100,Sell,232515588
2024-08-19 09:16:27,41150.0,100,Sell,232515595
2024-08-19 09:16:27,41150.0,100,Sell,232515590
2024-08-19 09:16:27,41200.0,100,Sell,232515589
2024-08-19 09:16:29,41300.0,1000,Buy,232515696
2024-08-19 09:16:43,41200.0,1900,Sell,232516441
2024-08-19 09:16:43,41200.0,1500,Sell,232516463
2024-08-19 09:16:46,41300.0,100,Buy,232516676
2024-08-19 09:16:59,41200.0,3300,Sell,232517439
2024-08-19 09:16:59,41250.0,500,Sell,232517438
2024-08-19 09:17:24,41300.0,1300,Buy,232518733
2024-08-19 09:17:24,41300.0,100,Buy,232518732
2024-08-19 09:17:24,41300.0,500,Buy,232518731
2024-08-19 09:17:45,41300.0,400,Buy,232519826
2024-08-19 09:17:54,41300.0,1300,Buy,232520256
2024-08-19 09:17:54,41300.0,100,Buy,232520257
2024-08-19 09:17:54,41300.0,500,Buy,232520258
2024-08-19 09:18:15,41300.0,100,Buy,232521442
2024-08-19 09:18:16,41300.0,700,Buy,232521517
2024-08-19 09:18:28,41200.0,2600,Sell,232522240
2024-08-19 09:18:28,41250.0,300,Sell,232522238
2024-08-19 09:18:28,41250.0,500,Sell,232522237
2024-08-19 09:18:28,41250.0,500,Sell,232522239
2024-08-19 09:18:44,41250.0,400,Buy,232523118
2024-08-19 09:18:46,41200.0,2900,Sell,232523208
2024-08-19 09:18:50,41250.0,300,Buy,232523528
2024-08-19 09:19:08,41250.0,100,Buy,232524336
2024-08-19 09:19:46,41300.0,400,Buy,232525993
2024-08-19 09:20:03,41300.0,300,Buy,232526720
2024-08-19 09:20:06,41300.0,500,Buy,232526855
2024-08-19 09:20:11,41300.0,100,Buy,232526994
2024-08-19 09:20:14,41250.0,2000,Sell,232527119
2024-08-19 09:20:14,41250.0,1200,Sell,232527118
2024-08-19 09:20:14,41250.0,1900,Sell,232527117
2024-08-19 09:20:14,41250.0,1000,Sell,232527116
2024-08-19 09:20:14,41250.0,2200,Sell,232527120
2024-08-19 09:20:14,41250.0,500,Sell,232527114
2024-08-19 09:20:14,41250.0,200,Sell,232527113
2024-08-19 09:20:14,41250.0,100,Sell,232527112
2024-08-19 09:20:14,41250.0,400,Sell,232527111
2024-08-19 09:20:14,41250.0,300,Sell,232527110
2024-08-19 09:20:14,41250.0,200,Sell,232527115
2024-08-19 09:20:18,41300.0,400,Buy,232527375
2024-08-19 09:20:18,41300.0,1600,Buy,232527376
2024-08-19 09:20:28,41300.0,500,Buy,232527828
2024-08-19 09:20:28,41300.0,500,Buy,232527829
2024-08-19 09:20:34,41250.0,700,Sell,232528129
2024-08-19 09:21:16,41300.0,100,Buy,232529857
2024-08-19 09:21:18,41250.0,600,Sell,232529986
2024-08-19 09:21:18,41250.0,1000,Sell,232529985
2024-08-19 09:21:18,41250.0,100,Sell,232529981
2024-08-19 09:21:18,41250.0,100,Sell,232529983
2024-08-19 09:21:18,41250.0,2900,Sell,232529982
2024-08-19 09:21:18,41250.0,1000,Sell,232529984
2024-08-19 09:22:00,41300.0,100,Buy,232531549
2024-08-19 09:22:52,41250.0,100,Sell,232533304
2024-08-19 09:23:13,41250.0,3700,Sell,232534372
2024-08-19 09:23:13,41250.0,100,Sell,232534371
2024-08-19 09:23:13,41250.0,1800,Sell,232534370
2024-08-19 09:23:13,41250.0,500,Sell,232534369
2024-08-19 09:23:13,41250.0,100,Sell,232534368
2024-08-19 09:23:13,41250.0,2000,Sell,232534366
2024-08-19 09:23:13,41250.0,300,Sell,232534363
2024-08-19 09:23:13,41250.0,300,Sell,232534367
2024-08-19 09:23:13,41250.0,300,Sell,232534365
2024-08-19 09:23:13,41250.0,100,Sell,232534364
2024-08-19 09:23:15,41250.0,300,Buy,232534448
2024-08-19 09:23:28,41250.0,200,Sell,232534977
2024-08-19 09:24:09,41250.0,200,Buy,232536670
2024-08-19 09:24:13,41250.0,1000,Buy,232536804
2024-08-19 09:24:15,41250.0,3700,Buy,232536889
2024-08-19 09:24:21,41250.0,700,Buy,232537092
2024-08-19 09:25:07,41250.0,1500,Buy,232538907
2024-08-19 09:25:12,41250.0,2200,Buy,232539141
2024-08-19 09:25:12,41250.0,300,Buy,232539142
2024-08-19 09:25:30,41250.0,400,Sell,232539782
2024-08-19 09:26:03,41250.0,2300,Sell,232541129
2024-08-19 09:26:13,41250.0,400,Buy,232541581
2024-08-19 09:26:37,41300.0,1200,Buy,232542475
2024-08-19 09:26:37,41250.0,4400,Buy,232542471
2024-08-19 09:26:37,41250.0,100,Buy,232542472
2024-08-19 09:26:37,41300.0,300,Buy,232542473
2024-08-19 09:26:37,41300.0,4000,Buy,232542474
2024-08-19 09:26:45,41300.0,2800,Buy,232542865
2024-08-19 09:26:45,41300.0,800,Buy,232542863
2024-08-19 09:26:45,41300.0,100,Buy,232542864
2024-08-19 09:27:24,41300.0,300,Buy,232544575
2024-08-19 09:27:40,41250.0,100,Sell,232545213
2024-08-19 09:27:52,41250.0,100,Sell,232545656
2024-08-19 09:28:03,41250.0,100,Sell,232546092
2024-08-19 09:28:03,41250.0,1000,Sell,232546093
2024-08-19 09:28:03,41250.0,8900,Sell,232546094
2024-08-19 09:28:17,41300.0,100,Buy,232546595
2024-08-19 09:28:17,41300.0,100,Buy,232546594
2024-08-19 09:28:17,41300.0,2000,Buy,232546593
2024-08-19 09:28:17,41300.0,400,Buy,232546591
2024-08-19 09:28:17,41300.0,100,Buy,232546589
2024-08-19 09:28:17,41300.0,900,Buy,232546588
2024-08-19 09:28:17,41300.0,500,Buy,232546592
2024-08-19 09:28:17,41300.0,5000,Buy,232546590
2024-08-19 09:28:20,41300.0,1000,Sell,232546731
2024-08-19 09:28:21,41300.0,4000,Sell,232546786
2024-08-19 09:28:40,41300.0,1000,Sell,232547456
2024-08-19 09:28:52,41300.0,500,Sell,232547741
2024-08-19 09:28:58,41300.0,1000,Sell,232548014
2024-08-19 09:29:45,41300.0,500,Sell,232549718
2024-08-19 09:30:11,41300.0,100,Sell,232550539
2024-08-19 09:30:11,41300.0,6900,Sell,232550538
2024-08-19 09:30:11,41300.0,500,Sell,232550540
2024-08-19 09:30:22,41300.0,1000,Buy,232551080
2024-08-19 09:30:45,41250.0,10000,Sell,232551752
2024-08-19 09:32:15,41250.0,100,Sell,232554725
2024-08-19 09:32:31,41250.0,500,Sell,232555278
2024-08-19 09:32:56,41250.0,500,Sell,232556126
2024-08-19 09:34:18,41250.0,200,Sell,232558560
2024-08-19 09:34:18,41250.0,400,Sell,232558561
2024-08-19 09:34:20,41300.0,400,Buy,232558623
2024-08-19 09:34:23,41300.0,100,Buy,232558720
2024-08-19 09:34:29,41250.0,100,Sell,232558863
2024-08-19 09:34:53,41250.0,600,Sell,232559695
2024-08-19 09:34:53,41250.0,500,Sell,232559696
2024-08-19 09:34:53,41250.0,2100,Sell,232559697
2024-08-19 09:35:19,41250.0,300,Sell,232560276
2024-08-19 09:36:31,41250.0,200,Sell,232562873
2024-08-19 09:38:42,41300.0,1000,Buy,232568132
2024-08-19 09:38:43,41300.0,100,Buy,232568134
2024-08-19 09:38:43,41300.0,3000,Buy,232568133
2024-08-19 09:39:09,41300.0,800,Buy,232569272
2024-08-19 09:39:12,41300.0,5100,Buy,232569436
2024-08-19 09:39:12,41300.0,1900,Buy,232569437
2024-08-19 09:39:12,41300.0,3000,Buy,232569438
2024-08-19 09:39:34,41300.0,500,Buy,232570242
2024-08-19 09:39:37,41300.0,600,Buy,232570352
2024-08-19 09:39:41,41300.0,200,Buy,232570508
2024-08-19 09:39:43,41250.0,100,Sell,232570621
2024-08-19 09:39:47,41300.0,300,Buy,232570810
2024-08-19 09:39:47,41300.0,700,Buy,232570809
2024-08-19 09:40:03,41300.0,300,Buy,232571423
2024-08-19 09:40:21,41300.0,1300,Buy,232572229
2024-08-19 09:40:21,41300.0,200,Buy,232572230
2024-08-19 09:40:21,41300.0,300,Buy,232572231
2024-08-19 09:40:21,41300.0,200,Buy,232572232
2024-08-19 09:40:33,41300.0,300,Buy,232572787
2024-08-19 09:40:33,41300.0,1900,Buy,232572786
2024-08-19 09:40:33,41300.0,100,Buy,232572784
2024-08-19 09:40:33,41300.0,100,Buy,232572783
2024-08-19 09:40:33,41300.0,500,Buy,232572785
2024-08-19 09:40:33,41300.0,800,Buy,232572782
2024-08-19 09:40:49,41300.0,100,Buy,232573535
2024-08-19 09:41:00,41300.0,100,Buy,232574216
2024-08-19 09:41:00,41300.0,600,Buy,232574215
2024-08-19 09:41:09,41300.0,5000,Buy,232574539
2024-08-19 09:41:10,41300.0,1300,Buy,232574574
2024-08-19 09:41:11,41300.0,600,Buy,232574612
2024-08-19 09:41:11,41300.0,2000,Buy,232574613
2024-08-19 09:41:11,41300.0,5000,Buy,232574614
2024-08-19 09:41:11,41300.0,500,Buy,232574615
2024-08-19 09:41:11,41300.0,100,Buy,232574616
2024-08-19 09:41:11,41300.0,1400,Buy,232574617
2024-08-19 09:41:33,41300.0,100,Sell,232575396
2024-08-19 09:42:19,41300.0,200,Sell,232576839
2024-08-19 09:42:38,41300.0,100,Sell,232577446
2024-08-19 09:42:45,41350.0,700,Buy,232577703
2024-08-19 09:42:50,41350.0,200,Buy,232577871
2024-08-19 09:42:50,41350.0,100,Buy,232577872
2024-08-19 09:42:52,41350.0,3700,Buy,232577940
2024-08-19 09:43:05,41350.0,1900,Buy,232578382
2024-08-19 09:43:05,41350.0,500,Buy,232578381
2024-08-19 09:43:05,41350.0,400,Buy,232578380
2024-08-19 09:43:05,41350.0,1000,Buy,232578379
2024-08-19 09:43:05,41350.0,100,Buy,232578376
2024-08-19 09:43:05,41350.0,1200,Buy,232578377
2024-08-19 09:43:05,41350.0,11200,Buy,232578374
2024-08-19 09:43:05,41350.0,100,Buy,232578378
2024-08-19 09:43:05,41350.0,200,Buy,232578375
2024-08-19 09:43:11,41350.0,3000,Sell,232578748
2024-08-19 09:43:49,41350.0,200,Sell,232580294
2024-08-19 09:44:13,41400.0,1000,Buy,232581199
2024-08-19 09:44:13,41400.0,19000,Buy,232581200
2024-08-19 09:44:19,41400.0,1500,Buy,232581340
2024-08-19 09:44:35,41400.0,1100,Buy,232581817
2024-08-19 09:44:35,41400.0,500,Buy,232581818
2024-08-19 09:44:35,41400.0,500,Buy,232581819
2024-08-19 09:44:40,41400.0,100,Buy,232581973
2024-08-19 09:44:42,41400.0,500,Sell,232582083
2024-08-19 09:44:50,41400.0,100,Sell,232582330
2024-08-19 09:44:52,41450.0,600,Buy,232582377
2024-08-19 09:44:52,41450.0,300,Buy,232582376
2024-08-19 09:44:52,41450.0,1000,Buy,232582374
2024-08-19 09:44:52,41450.0,100,Buy,232582375
2024-08-19 09:44:54,41350.0,200,Sell,232582530
2024-08-19 09:44:54,41350.0,4400,Sell,232582532
2024-08-19 09:44:54,41400.0,700,Sell,232582529
2024-08-19 09:44:54,41350.0,400,Sell,232582531
2024-08-19 09:44:57,41450.0,2000,Buy,232582676
2024-08-19 09:45:11,41450.0,3400,Buy,232583138
2024-08-19 09:45:11,41450.0,300,Buy,232583139
2024-08-19 09:45:11,41450.0,200,Buy,232583148
2024-08-19 09:45:11,41450.0,200,Buy,232583149
2024-08-19 09:45:11,41450.0,500,Buy,232583150
2024-08-19 09:45:24,41450.0,500,Sell,232583504
2024-08-19 09:45:31,41450.0,2000,Sell,232583737
2024-08-19 09:45:34,41450.0,300,Sell,232583840
2024-08-19 09:45:34,41450.0,200,Sell,232583841
2024-08-19 09:45:39,41500.0,1000,Buy,232583958
2024-08-19 09:45:39,41500.0,500,Buy,232583961
2024-08-19 09:45:39,41500.0,800,Buy,232583960
2024-08-19 09:45:39,41500.0,500,Buy,232583959
2024-08-19 09:45:39,41500.0,2000,Buy,232583957
2024-08-19 09:45:39,41500.0,1000,Buy,232583955
2024-08-19 09:45:39,41500.0,1000,Buy,232583951
2024-08-19 09:45:39,41500.0,1000,Buy,232583952
2024-08-19 09:45:39,41500.0,100,Buy,232583956
2024-08-19 09:45:39,41500.0,100,Buy,232583954
2024-08-19 09:45:39,41500.0,700,Buy,232583953
2024-08-19 09:45:43,41500.0,100,Sell,232584027
2024-08-19 09:45:50,41500.0,1200,Sell,232584262
2024-08-19 09:45:50,41450.0,100,Sell,232584263
2024-08-19 09:45:56,41450.0,1000,Buy,232584455
2024-08-19 09:45:58,41450.0,400,Buy,232584536
2024-08-19 09:45:59,41450.0,1500,Buy,232584589
2024-08-19 09:46:03,41450.0,800,Buy,232584699
2024-08-19 09:46:09,41500.0,200,Sell,232584824
2024-08-19 09:46:28,41500.0,500,Buy,232585394
2024-08-19 09:46:28,41500.0,500,Buy,232585395
2024-08-19 09:46:33,41500.0,1000,Sell,232585691
2024-08-19 09:46:49,41500.0,100,Sell,232586443
2024-08-19 09:46:49,41500.0,3700,Sell,232586444
2024-08-19 09:46:51,41500.0,1000,Buy,232586652
2024-08-19 09:47:11,41500.0,100,Buy,232587289
2024-08-19 09:47:17,41500.0,100,Buy,232587505
2024-08-19 09:47:17,41500.0,100,Buy,232587504
2024-08-19 09:47:18,41500.0,1000,Buy,232587550
2024-08-19 09:47:18,41500.0,100,Buy,232587551
2024-08-19 09:47:18,41500.0,500,Buy,232587552
2024-08-19 09:47:18,41500.0,1000,Buy,232587553
2024-08-19 09:47:18,41500.0,100,Buy,232587549
2024-08-19 09:47:33,41500.0,100,Sell,232588218
2024-08-19 09:47:34,41500.0,100,Sell,232588283
2024-08-19 09:47:51,41500.0,2700,Sell,232588897
2024-08-19 09:47:51,41500.0,200,Sell,232588899
2024-08-19 09:47:51,41450.0,300,Sell,232588900
2024-08-19 09:47:51,41450.0,800,Sell,232588901
2024-08-19 09:47:54,41550.0,500,Buy,232589054
2024-08-19 09:47:54,41550.0,500,Buy,232589053
2024-08-19 09:47:54,41550.0,2000,Buy,232589052
2024-08-19 09:47:54,41550.0,800,Buy,232589055
2024-08-19 09:47:54,41550.0,100,Buy,232589050
2024-08-19 09:47:54,41550.0,500,Buy,232589049
2024-08-19 09:47:54,41550.0,500,Buy,232589048
2024-08-19 09:47:54,41550.0,100,Buy,232589051
2024-08-19 09:47:54,41550.0,1000,Buy,232589047
2024-08-19 09:48:17,41500.0,1000,Buy,232589756
2024-08-19 09:48:17,41500.0,1000,Buy,232589757
2024-08-19 09:48:20,41500.0,1000,Buy,232589835
2024-08-19 09:48:20,41500.0,500,Buy,232589836
2024-08-19 09:48:20,41550.0,500,Buy,232589837
2024-08-19 09:49:08,41500.0,100,Sell,232591665
2024-08-19 09:49:10,41500.0,100,Sell,232591731
2024-08-19 09:49:27,41500.0,100,Sell,232592343
2024-08-19 09:49:27,41500.0,100,Sell,232592344
2024-08-19 09:49:28,41500.0,900,Buy,232592370
2024-08-19 09:49:30,41500.0,3000,Sell,232592467
2024-08-19 09:49:52,41500.0,2000,Sell,232593375
2024-08-19 09:50:16,41500.0,100,Sell,232594088
2024-08-19 09:50:30,41500.0,100,Sell,232594475
2024-08-19 09:50:35,41550.0,100,Buy,232594665
2024-08-19 09:50:35,41500.0,200,Sell,232594666
2024-08-19 09:50:35,41500.0,200,Sell,232594667
2024-08-19 09:50:36,41500.0,600,Buy,232594703
2024-08-19 09:50:40,41500.0,100,Sell,232594819
2024-08-19 09:50:50,41500.0,3000,Sell,232595143
2024-08-19 09:51:12,41500.0,400,Buy,232595973
2024-08-19 09:51:22,41500.0,200,Buy,232596375
2024-08-19 09:51:25,41500.0,200,Buy,232596457
2024-08-19 09:51:25,41500.0,100,Buy,232596458
2024-08-19 09:51:25,41500.0,100,Buy,232596459
2024-08-19 09:51:25,41500.0,1900,Buy,232596456
2024-08-19 09:52:03,41500.0,200,Sell,232597829
2024-08-19 09:52:06,41550.0,400,Buy,232597940
2024-08-19 09:52:15,41550.0,400,Buy,232598337
2024-08-19 09:52:15,41550.0,100,Buy,232598334
2024-08-19 09:52:15,41550.0,3000,Buy,232598335
2024-08-19 09:52:15,41550.0,200,Buy,232598336
2024-08-19 09:52:18,41550.0,400,Buy,232598431
2024-08-19 09:52:25,41500.0,300,Sell,232598627
2024-08-19 09:52:25,41500.0,200,Sell,232598628
2024-08-19 09:52:38,41500.0,5300,Sell,232599114
2024-08-19 09:52:38,41500.0,400,Sell,232599115
2024-08-19 09:52:47,41550.0,100,Buy,232599482
2024-08-19 09:53:10,41550.0,1000,Buy,232600191
2024-08-19 09:54:13,41500.0,100,Sell,232602259
2024-08-19 09:54:13,41500.0,1000,Sell,232602257
2024-08-19 09:54:13,41500.0,5000,Sell,232602256
2024-08-19 09:54:13,41500.0,2500,Sell,232602258
2024-08-19 09:55:53,41450.0,200,Sell,232605536
2024-08-19 09:55:53,41450.0,300,Sell,232605537
2024-08-19 09:55:53,41450.0,200,Sell,232605538
2024-08-19 09:55:53,41450.0,200,Sell,232605539
2024-08-19 09:56:00,41450.0,100,Buy,232605735
2024-08-19 09:56:15,41450.0,900,Buy,232606226
2024-08-19 09:56:20,41450.0,3600,Buy,232606358
2024-08-19 09:56:20,41450.0,100,Buy,232606359
2024-08-19 09:56:21,41450.0,1000,Sell,232606429
2024-08-19 09:56:28,41500.0,1000,Buy,232606664
2024-08-19 09:57:01,41450.0,100,Sell,232607671
2024-08-19 09:57:14,41450.0,100,Sell,232608199
2024-08-19 09:57:20,41450.0,100,Sell,232608366
2024-08-19 09:57:21,41450.0,100,Sell,232608418
2024-08-19 09:57:25,41450.0,500,Buy,232608573
2024-08-19 09:58:06,41400.0,1800,Sell,232609731
2024-08-19 09:58:06,41400.0,100,Sell,232609730
2024-08-19 09:58:06,41400.0,200,Sell,232609729
2024-08-19 09:58:06,41400.0,500,Sell,232609727
2024-08-19 09:58:06,41400.0,100,Sell,232609725
2024-08-19 09:58:06,41400.0,200,Sell,232609728
2024-08-19 09:58:06,41400.0,100,Sell,232609726
2024-08-19 09:58:21,41450.0,400,Buy,232610203
2024-08-19 09:58:21,41450.0,100,Buy,232610204
2024-08-19 09:58:42,41400.0,500,Sell,232610794
2024-08-19 09:58:51,41400.0,200,Sell,232611050
2024-08-19 09:59:20,41400.0,100,Sell,232611803
2024-08-19 09:59:22,41350.0,100,Sell,232611906
2024-08-19 09:59:22,41400.0,900,Sell,232611905
2024-08-19 10:00:06,41350.0,200,Sell,232613349
2024-08-19 10:01:22,41400.0,200,Buy,232615549
2024-08-19 10:01:22,41400.0,200,Buy,232615550
2024-08-19 10:01:22,41400.0,1000,Buy,232615551
2024-08-19 10:01:46,41400.0,100,Buy,232616174
2024-08-19 10:02:37,41400.0,300,Sell,232617412
2024-08-19 10:03:05,41400.0,100,Sell,232618051
2024-08-19 10:03:12,41400.0,300,Sell,232618186
2024-08-19 10:03:14,41400.0,100,Sell,232618209
2024-08-19 10:03:14,41400.0,100,Sell,232618210
2024-08-19 10:03:14,41400.0,100,Sell,232618211
2024-08-19 10:03:14,41400.0,1200,Sell,232618212
2024-08-19 10:03:31,41450.0,100,Buy,232618523
2024-08-19 10:05:26,41400.0,300,Sell,232621353
2024-08-19 10:05:26,41400.0,1200,Sell,232621354
2024-08-19 10:05:49,41400.0,200,Sell,232621910
2024-08-19 10:05:49,41400.0,300,Sell,232621909
2024-08-19 10:07:09,41400.0,300,Sell,232623521
2024-08-19 10:07:09,41400.0,300,Sell,232623522
2024-08-19 10:07:09,41400.0,1400,Sell,232623523
2024-08-19 10:07:19,41400.0,300,Sell,232623765
2024-08-19 10:07:35,41400.0,200,Sell,232624071
2024-08-19 10:08:06,41400.0,3500,Buy,232624707
2024-08-19 10:08:30,41400.0,400,Buy,232625193
2024-08-19 10:08:36,41350.0,900,Sell,232625330
2024-08-19 10:08:51,41400.0,1000,Buy,232625727
2024-08-19 10:09:47,41350.0,200,Sell,232626731
2024-08-19 10:09:52,41400.0,500,Buy,232626861
2024-08-19 10:10:42,41400.0,100,Buy,232627753
2024-08-19 10:11:24,41350.0,100,Sell,232628532
2024-08-19 10:11:41,41350.0,1900,Sell,232628780
2024-08-19 10:11:41,41350.0,400,Sell,232628779
2024-08-19 10:11:41,41350.0,1900,Sell,232628778
2024-08-19 10:11:41,41350.0,100,Sell,232628777
2024-08-19 10:11:41,41350.0,400,Sell,232628776
2024-08-19 10:11:41,41350.0,100,Sell,232628775
2024-08-19 10:11:41,41350.0,500,Sell,232628773
2024-08-19 10:11:41,41350.0,100,Sell,232628772
2024-08-19 10:11:41,41350.0,100,Sell,232628771
2024-08-19 10:11:41,41350.0,200,Sell,232628770
2024-08-19 10:11:41,41350.0,100,Sell,232628769
2024-08-19 10:11:41,41350.0,200,Sell,232628768
2024-08-19 10:11:41,41350.0,400,Sell,232628774
2024-08-19 10:12:31,41350.0,200,Buy,232629707
2024-08-19 10:13:21,41350.0,200,Buy,232630509
2024-08-19 10:14:05,41300.0,300,Sell,232631226
2024-08-19 10:14:05,41300.0,100,Sell,232631227
2024-08-19 10:14:58,41350.0,100,Buy,232632201
2024-08-19 10:15:07,41350.0,1900,Buy,232632407
2024-08-19 10:16:09,41350.0,600,Buy,232633815
2024-08-19 10:16:09,41350.0,1200,Buy,232633814
2024-08-19 10:16:10,41300.0,400,Sell,232633824
2024-08-19 10:17:48,41300.0,400,Sell,232635354
2024-08-19 10:17:48,41300.0,1900,Sell,232635353
2024-08-19 10:17:48,41300.0,3000,Sell,232635352
2024-08-19 10:17:48,41300.0,100,Sell,232635344
2024-08-19 10:17:48,41300.0,6500,Sell,232635343
2024-08-19 10:17:48,41300.0,400,Sell,232635342
2024-08-19 10:17:48,41300.0,2000,Sell,232635339
2024-08-19 10:17:48,41300.0,400,Sell,232635340
2024-08-19 10:17:48,41300.0,500,Sell,232635338
2024-08-19 10:17:48,41300.0,100,Sell,232635337
2024-08-19 10:17:48,41300.0,100,Sell,232635336
2024-08-19 10:17:48,41300.0,500,Sell,232635335
2024-08-19 10:17:48,41300.0,200,Sell,232635341
2024-08-19 10:18:08,41250.0,300,Sell,232636029
2024-08-19 10:18:08,41250.0,1000,Sell,232636030
2024-08-19 10:18:08,41250.0,600,Sell,232636031
2024-08-19 10:18:08,41250.0,100,Sell,232636032
2024-08-19 10:18:16,41250.0,100,Sell,232636148
2024-08-19 10:18:38,41300.0,3200,Buy,232636608
2024-08-19 10:18:42,41300.0,2000,Buy,232636696
2024-08-19 10:19:13,41300.0,100,Buy,232637452
2024-08-19 10:19:28,41300.0,100,Buy,232637757
2024-08-19 10:19:52,41250.0,3200,Sell,232638227
2024-08-19 10:19:52,41250.0,1000,Sell,232638226
2024-08-19 10:19:52,41250.0,800,Sell,232638225
2024-08-19 10:20:09,41250.0,1800,Sell,232638626
2024-08-19 10:20:09,41250.0,400,Sell,232638627
2024-08-19 10:20:22,41250.0,700,Sell,232638887
2024-08-19 10:20:22,41250.0,1000,Sell,232638886
2024-08-19 10:20:22,41250.0,500,Sell,232638885
2024-08-19 10:20:22,41250.0,1000,Sell,232638884
2024-08-19 10:20:22,41250.0,100,Sell,232638879
2024-08-19 10:20:22,41250.0,600,Sell,232638882
2024-08-19 10:20:22,41250.0,100,Sell,232638881
2024-08-19 10:20:22,41250.0,1000,Sell,232638880
2024-08-19 10:20:22,41250.0,5000,Sell,232638883
2024-08-19 10:20:37,41250.0,3000,Sell,232639135
2024-08-19 10:21:31,41250.0,1300,Sell,232640166
2024-08-19 10:21:31,41250.0,100,Sell,232640167
2024-08-19 10:22:16,41250.0,600,Sell,232641220
2024-08-19 10:22:56,41250.0,1300,Sell,232642180
2024-08-19 10:22:56,41250.0,300,Sell,232642181
2024-08-19 10:22:56,41250.0,2000,Sell,232642182
2024-08-19 10:22:56,41250.0,30000,Sell,232642183
2024-08-19 10:23:56,41250.0,400,Buy,232643685
2024-08-19 10:24:12,41250.0,400,Buy,232644171
2024-08-19 10:24:17,41250.0,900,Buy,232644289
2024-08-19 10:24:32,41250.0,2000,Buy,232644591
2024-08-19 10:25:05,41250.0,100,Buy,232645353
2024-08-19 10:25:12,41250.0,500,Buy,232645538
2024-08-19 10:25:12,41250.0,2100,Buy,232645545
2024-08-19 10:25:12,41250.0,1000,Buy,232645546
2024-08-19 10:25:12,41250.0,100,Buy,232645547
2024-08-19 10:25:12,41250.0,300,Buy,232645548
2024-08-19 10:25:12,41250.0,100,Buy,232645549
2024-08-19 10:25:12,41250.0,500,Buy,232645550
2024-08-19 10:25:16,41250.0,100,Sell,232645630
2024-08-19 10:25:33,41250.0,400,Sell,232646034
2024-08-19 10:25:33,41250.0,100,Sell,232646035
2024-08-19 10:25:33,41250.0,800,Sell,232646033
2024-08-19 10:26:38,41250.0,100,Sell,232647241
2024-08-19 10:26:38,41250.0,100,Sell,232647242
2024-08-19 10:26:38,41250.0,900,Sell,232647243
2024-08-19 10:26:42,41250.0,300,Sell,232647328
2024-08-19 10:26:43,41250.0,700,Sell,232647334
2024-08-19 10:26:46,41250.0,100,Buy,232647414
2024-08-19 10:27:56,41250.0,200,Buy,232648854
2024-08-19 10:27:56,41250.0,100,Buy,232648855
2024-08-19 10:27:58,41250.0,400,Buy,232648933
2024-08-19 10:27:58,41250.0,1500,Buy,232648934
2024-08-19 10:29:20,41250.0,2000,Buy,232650741
2024-08-19 10:29:28,41250.0,100,Buy,232650844
2024-08-19 10:30:07,41250.0,1000,Buy,232651663
2024-08-19 10:31:02,41250.0,1900,Buy,232652592
2024-08-19 10:31:04,41250.0,1900,Buy,232652682
2024-08-19 10:31:11,41250.0,1000,Buy,232652832
2024-08-19 10:31:12,41250.0,600,Buy,232652857
2024-08-19 10:32:01,41250.0,100,Sell,232653849
2024-08-19 10:32:24,41250.0,2000,Sell,232654237
2024-08-19 10:32:52,41250.0,700,Sell,232654683
2024-08-19 10:32:52,41250.0,300,Sell,232654681
2024-08-19 10:32:52,41250.0,1000,Sell,232654682
2024-08-19 10:32:54,41250.0,300,Sell,232654705
2024-08-19 10:33:53,41250.0,100,Buy,232655608
2024-08-19 10:34:15,41250.0,200,Sell,232656145
2024-08-19 10:34:44,41200.0,200,Sell,232656696
2024-08-19 10:34:44,41200.0,1000,Sell,232656707
2024-08-19 10:34:44,41200.0,1000,Sell,232656706
2024-08-19 10:34:44,41200.0,300,Sell,232656702
2024-08-19 10:34:44,41200.0,500,Sell,232656701
2024-08-19 10:34:44,41200.0,300,Sell,232656700
2024-08-19 10:34:44,41200.0,2000,Sell,232656699
2024-08-19 10:34:44,41200.0,100,Sell,232656698
2024-08-19 10:34:44,41200.0,8700,Sell,232656697
2024-08-19 10:34:44,41200.0,1000,Sell,232656695
2024-08-19 10:34:44,41200.0,3600,Sell,232656686
2024-08-19 10:34:44,41200.0,100,Sell,232656693
2024-08-19 10:34:44,41200.0,1000,Sell,232656692
2024-08-19 10:34:44,41200.0,100,Sell,232656691
2024-08-19 10:34:44,41200.0,500,Sell,232656690
2024-08-19 10:34:44,41200.0,100,Sell,232656689
2024-08-19 10:34:44,41200.0,200,Sell,232656688
2024-08-19 10:34:44,41200.0,2000,Sell,232656687
2024-08-19 10:34:44,41250.0,100,Sell,232656685
2024-08-19 10:34:44,41250.0,3800,Sell,232656684
2024-08-19 10:34:44,41250.0,100,Sell,232656683
2024-08-19 10:34:44,41200.0,2000,Sell,232656694
2024-08-19 10:34:44,41200.0,100,Sell,232656708
2024-08-19 10:35:09,41250.0,300,Sell,232657108
2024-08-19 10:35:28,41250.0,2000,Sell,232657452
2024-08-19 10:36:33,41250.0,500,Sell,232658519
2024-08-19 10:38:07,41250.0,2000,Buy,232660271
2024-08-19 10:38:33,41250.0,100,Sell,232660930
2024-08-19 10:38:33,41250.0,1000,Sell,232660928
2024-08-19 10:38:33,41250.0,1600,Sell,232660929
2024-08-19 10:38:51,41250.0,1900,Buy,232661383
2024-08-19 10:39:01,41250.0,200,Buy,232661602
2024-08-19 10:39:07,41250.0,100,Buy,232661719
2024-08-19 10:39:07,41250.0,200,Buy,232661720
2024-08-19 10:39:07,41250.0,100,Buy,232661721
2024-08-19 10:39:56,41250.0,100,Buy,232662618
2024-08-19 10:40:23,41250.0,2100,Buy,232663234
2024-08-19 10:40:23,41250.0,1900,Buy,232663235
2024-08-19 10:40:30,41250.0,1000,Buy,232663352
2024-08-19 10:41:34,41250.0,100,Buy,232664556
2024-08-19 10:41:34,41250.0,100,Buy,232664557
2024-08-19 10:41:43,41250.0,1000,Buy,232664808
2024-08-19 10:42:03,41200.0,100,Sell,232665282
2024-08-19 10:42:08,41250.0,6000,Buy,232665370
2024-08-19 10:42:09,41250.0,700,Sell,232665403
2024-08-19 10:42:34,41250.0,500,Sell,232665857
2024-08-19 10:43:01,41250.0,500,Sell,232666362
2024-08-19 10:43:04,41250.0,100,Sell,232666409
2024-08-19 10:43:04,41250.0,1000,Sell,232666408
2024-08-19 10:43:47,41250.0,200,Buy,232667168
2024-08-19 10:43:49,41250.0,2200,Buy,232667200
2024-08-19 10:44:05,41250.0,1500,Sell,232667443
2024-08-19 10:44:05,41250.0,300,Buy,232667444
2024-08-19 10:44:40,41250.0,200,Buy,232668038
2024-08-19 10:44:40,41250.0,100,Buy,232668039
2024-08-19 10:45:07,41250.0,700,Sell,232668477
2024-08-19 10:45:07,41250.0,800,Sell,232668478
2024-08-19 10:45:11,41250.0,1000,Buy,232668533
2024-08-19 10:45:30,41250.0,500,Buy,232668953
2024-08-19 10:45:44,41250.0,200,Sell,232669174
2024-08-19 10:45:59,41250.0,3000,Sell,232669451
2024-08-19 10:46:05,41250.0,100,Sell,232669547
2024-08-19 10:46:22,41250.0,100,Buy,232669939
2024-08-19 10:47:01,41250.0,1000,Buy,232670690
2024-08-19 10:48:07,41250.0,1000,Buy,232671729
2024-08-19 10:48:12,41250.0,2800,Buy,232671811
2024-08-19 10:48:12,41250.0,1000,Buy,232671812
2024-08-19 10:50:41,41300.0,3500,Buy,232675084
2024-08-19 10:50:41,41300.0,100,Buy,232675082
2024-08-19 10:50:41,41300.0,200,Buy,232675083
2024-08-19 10:51:12,41250.0,500,Sell,232675794
2024-08-19 10:51:12,41250.0,1700,Sell,232675795
2024-08-19 10:51:12,41250.0,800,Sell,232675796
2024-08-19 10:51:12,41250.0,500,Sell,232675793
2024-08-19 10:51:26,41300.0,1500,Buy,232676170
2024-08-19 10:51:26,41300.0,2000,Buy,232676171
2024-08-19 10:51:26,41300.0,300,Buy,232676172
2024-08-19 10:51:26,41300.0,3900,Buy,232676173
2024-08-19 10:51:26,41300.0,700,Buy,232676174
2024-08-19 10:51:26,41300.0,5000,Buy,232676175
2024-08-19 10:51:26,41300.0,5000,Buy,232676176
2024-08-19 10:51:26,41300.0,100,Buy,232676177
2024-08-19 10:51:31,41300.0,500,Sell,232676407
2024-08-19 10:52:11,41350.0,1000,Buy,232677237
2024-08-19 10:52:11,41350.0,500,Buy,232677236
2024-08-19 10:52:11,41350.0,1900,Buy,232677238
2024-08-19 10:52:11,41350.0,500,Buy,232677234
2024-08-19 10:52:11,41350.0,5000,Buy,232677233
2024-08-19 10:52:11,41350.0,6100,Buy,232677235
2024-08-19 10:52:11,41350.0,5000,Buy,232677232
2024-08-19 10:52:13,41300.0,1000,Sell,232677256
2024-08-19 10:52:42,41300.0,100,Sell,232677759
2024-08-19 10:53:22,41300.0,900,Sell,232678635
2024-08-19 10:53:22,41300.0,1900,Sell,232678636
2024-08-19 10:54:37,41300.0,2000,Buy,232679885
2024-08-19 10:54:45,41300.0,2300,Buy,232680035
2024-08-19 10:54:45,41300.0,1000,Buy,232680036
2024-08-19 10:55:01,41300.0,100,Sell,232680263
2024-08-19 10:55:23,41300.0,200,Buy,232680604
2024-08-19 10:57:09,41300.0,4900,Buy,232682569
2024-08-19 10:57:09,41300.0,600,Buy,232682567
2024-08-19 10:57:09,41300.0,1500,Buy,232682568
2024-08-19 10:57:13,41300.0,100,Buy,232682749
2024-08-19 10:57:25,41300.0,400,Sell,232682948
2024-08-19 10:57:25,41300.0,4600,Sell,232682949
2024-08-19 10:57:55,41300.0,100,Sell,232683530
2024-08-19 10:58:12,41300.0,1000,Sell,232683872
2024-08-19 10:58:12,41300.0,1000,Sell,232683873
2024-08-19 10:59:42,41250.0,100,Sell,232685230
2024-08-19 10:59:51,41300.0,100,Buy,232685389
2024-08-19 10:59:55,41300.0,14900,Buy,232685462
2024-08-19 11:00:49,41300.0,400,Sell,232686345
2024-08-19 11:00:49,41300.0,100,Sell,232686342
2024-08-19 11:00:49,41300.0,5000,Sell,232686343
2024-08-19 11:00:49,41300.0,1900,Sell,232686344
2024-08-19 11:01:35,41300.0,8000,Buy,232687045
2024-08-19 11:01:45,41250.0,100,Sell,232687182
2024-08-19 11:01:45,41250.0,4100,Sell,232687183
2024-08-19 11:02:48,41250.0,900,Sell,232688282
2024-08-19 11:03:35,41250.0,100,Sell,232689064
2024-08-19 11:03:46,41300.0,200,Buy,232689301
2024-08-19 11:03:46,41300.0,500,Buy,232689302
2024-08-19 11:03:48,41300.0,600,Buy,232689335
2024-08-19 11:07:25,41200.0,100,Sell,232692515
2024-08-19 11:07:25,41200.0,100,Sell,232692516
2024-08-19 11:07:25,41200.0,100,Sell,232692517
2024-08-19 11:07:25,41200.0,500,Sell,232692518
2024-08-19 11:07:25,41200.0,2000,Sell,232692519
2024-08-19 11:07:25,41200.0,100,Sell,232692522
2024-08-19 11:07:25,41200.0,1000,Sell,232692514
2024-08-19 11:07:25,41200.0,1200,Sell,232692523
2024-08-19 11:07:25,41150.0,300,Sell,232692528
2024-08-19 11:07:25,41150.0,400,Sell,232692525
2024-08-19 11:07:25,41150.0,200,Sell,232692526
2024-08-19 11:07:25,41150.0,500,Sell,232692527
2024-08-19 11:07:25,41200.0,100,Sell,232692513
2024-08-19 11:07:25,41150.0,200,Sell,232692529
2024-08-19 11:07:25,41150.0,4500,Sell,232692530
2024-08-19 11:07:25,41150.0,1000,Sell,232692531
2024-08-19 11:07:25,41150.0,200,Sell,232692532
2024-08-19 11:07:25,41150.0,7500,Sell,232692533
2024-08-19 11:07:25,41200.0,200,Sell,232692524
2024-08-19 11:07:25,41200.0,100,Sell,232692512
2024-08-19 11:07:25,41200.0,500,Sell,232692521
2024-08-19 11:07:25,41200.0,500,Sell,232692510
2024-08-19 11:07:25,41200.0,100,Sell,232692511
2024-08-19 11:07:25,41250.0,5200,Sell,232692491
2024-08-19 11:07:25,41250.0,100,Sell,232692492
2024-08-19 11:07:25,41250.0,400,Sell,232692493
2024-08-19 11:07:25,41250.0,400,Sell,232692494
2024-08-19 11:07:25,41250.0,10000,Sell,232692495
2024-08-19 11:07:25,41250.0,100,Sell,232692496
2024-08-19 11:07:25,41250.0,100,Sell,232692497
2024-08-19 11:07:25,41200.0,200,Sell,232692498
2024-08-19 11:07:25,41200.0,1100,Sell,232692499
2024-08-19 11:07:25,41200.0,2000,Sell,232692520
2024-08-19 11:07:25,41200.0,1100,Sell,232692501
2024-08-19 11:07:25,41200.0,1000,Sell,232692502
2024-08-19 11:07:25,41200.0,500,Sell,232692503
2024-08-19 11:07:25,41200.0,100,Sell,232692500
2024-08-19 11:07:25,41200.0,500,Sell,232692504
2024-08-19 11:07:25,41200.0,200,Sell,232692505
2024-08-19 11:07:25,41200.0,100,Sell,232692506
2024-08-19 11:07:25,41200.0,14000,Sell,232692507
2024-08-19 11:07:25,41200.0,400,Sell,232692508
2024-08-19 11:07:25,41200.0,4100,Sell,232692509
2024-08-19 11:07:55,41250.0,1900,Sell,232692990
2024-08-19 11:08:01,41250.0,100,Sell,232693163
2024-08-19 11:08:23,41250.0,1000,Sell,232693455
2024-08-19 11:08:55,41200.0,200,Sell,232693897
2024-08-19 11:08:55,41200.0,1000,Sell,232693893
2024-08-19 11:08:55,41200.0,100,Sell,232693896
2024-08-19 11:09:00,41200.0,1000,Sell,232693973
2024-08-19 11:09:00,41200.0,3000,Sell,232693974
2024-08-19 11:09:00,41200.0,1000,Sell,232693975
2024-08-19 11:09:22,41200.0,700,Sell,232694294
2024-08-19 11:09:22,41200.0,200,Sell,232694292
2024-08-19 11:09:22,41200.0,100,Sell,232694293
2024-08-19 11:09:26,41200.0,300,Sell,232694366
2024-08-19 11:10:08,41200.0,900,Sell,232694921
2024-08-19 11:10:08,41200.0,5700,Sell,232694922
2024-08-19 11:10:08,41200.0,300,Sell,232694923
2024-08-19 11:10:48,41200.0,4800,Sell,232695498
2024-08-19 11:10:48,41200.0,200,Sell,232695497
2024-08-19 11:11:35,41200.0,200,Sell,232696066
2024-08-19 11:11:35,41200.0,400,Sell,232696067
2024-08-19 11:12:03,41200.0,700,Sell,232696458
2024-08-19 11:12:11,41200.0,8700,Sell,232696544
2024-08-19 11:12:38,41200.0,200,Sell,232696951
2024-08-19 11:12:38,41200.0,100,Sell,232696952
2024-08-19 11:12:38,41200.0,400,Sell,232696953
2024-08-19 11:12:39,41200.0,4800,Buy,232696985
2024-08-19 11:12:50,41200.0,9100,Buy,232697152
2024-08-19 11:13:03,41200.0,200,Buy,232697318
2024-08-19 11:13:17,41150.0,2000,Sell,232697486
2024-08-19 11:13:50,41150.0,8100,Sell,232697985
2024-08-19 11:13:50,41150.0,100,Sell,232697984
2024-08-19 11:13:50,41150.0,300,Sell,232697983
2024-08-19 11:13:50,41150.0,200,Sell,232697982
2024-08-19 11:13:50,41150.0,500,Sell,232697977
2024-08-19 11:13:50,41150.0,500,Sell,232697980
2024-08-19 11:13:50,41150.0,200,Sell,232697978
2024-08-19 11:13:50,41150.0,100,Sell,232697981
2024-08-19 11:13:50,41150.0,1000,Sell,232697979
2024-08-19 11:14:17,41200.0,100,Buy,232698322
2024-08-19 11:14:26,41200.0,100,Buy,232698475
2024-08-19 11:14:40,41200.0,900,Buy,232698649
2024-08-19 11:14:47,41200.0,100,Buy,232698739
2024-08-19 11:14:47,41200.0,500,Buy,232698740
2024-08-19 11:15:53,41200.0,100,Sell,232699680
2024-08-19 11:15:53,41200.0,100,Sell,232699681
2024-08-19 11:15:53,41200.0,100,Sell,232699682
2024-08-19 11:16:16,41200.0,1000,Buy,232700015
2024-08-19 11:16:16,41200.0,1000,Buy,232700014
2024-08-19 11:16:20,41200.0,3600,Sell,232700085
2024-08-19 11:16:31,41200.0,4000,Sell,232700232
2024-08-19 11:16:33,41200.0,400,Sell,232700263
2024-08-19 11:16:41,41200.0,300,Buy,232700365
2024-08-19 11:16:58,41200.0,1900,Buy,232700602
2024-08-19 11:17:03,41200.0,6900,Buy,232700639
2024-08-19 11:17:13,41200.0,3000,Sell,232700752
2024-08-19 11:19:38,41250.0,300,Buy,232702644
2024-08-19 11:19:38,41250.0,300,Buy,232702643
2024-08-19 11:19:38,41250.0,700,Buy,232702641
2024-08-19 11:19:38,41250.0,100,Buy,232702640
2024-08-19 11:19:38,41250.0,500,Buy,232702642
2024-08-19 11:20:41,41250.0,5000,Buy,232703400
2024-08-19 11:20:43,41250.0,1900,Buy,232703460
2024-08-19 11:20:51,41250.0,1000,Buy,232703564
2024-08-19 11:21:20,41250.0,1600,Buy,232703858
2024-08-19 11:23:19,41250.0,200,Buy,232705340
2024-08-19 11:23:19,41250.0,100,Buy,232705341
2024-08-19 11:24:50,41250.0,100,Buy,232706351
2024-08-19 11:25:12,41250.0,200,Buy,232706656
2024-08-19 11:28:13,41250.0,300,Buy,232709254
2024-08-19 11:29:22,41250.0,1400,Buy,232710218
2024-08-19 12:59:40,41250.0,100,Buy,232710834
2024-08-19 12:59:40,41200.0,100,Sell,232710835
2024-08-19 12:59:40,41250.0,100,Buy,232710836
2024-08-19 12:59:40,41250.0,300,Buy,232710959
2024-08-19 12:59:41,41250.0,800,Buy,232711403
2024-08-19 12:59:41,41250.0,800,Buy,232711511
2024-08-19 12:59:41,41250.0,100,Buy,232711512
2024-08-19 12:59:41,41250.0,600,Buy,232711513
2024-08-19 12:59:42,41250.0,500,Buy,232711933
2024-08-19 12:59:45,41250.0,300,Buy,232713045
2024-08-19 12:59:47,41250.0,100,Buy,232713512
2024-08-19 12:59:53,41250.0,500,Buy,232714713
2024-08-19 12:59:53,41250.0,200,Buy,232714714
2024-08-19 12:59:57,41250.0,200,Buy,232715027
2024-08-19 12:59:59,41250.0,500,Buy,232715231
2024-08-19 12:59:59,41250.0,200,Buy,232715232
2024-08-19 12:59:59,41250.0,100,Buy,232715233
2024-08-19 12:59:59,41250.0,200,Buy,232715234
2024-08-19 13:00:02,41150.0,6400,Sell,232715447
2024-08-19 13:00:02,41150.0,1000,Sell,232715446
2024-08-19 13:00:02,41150.0,3900,Sell,232715445
2024-08-19 13:00:02,41200.0,100,Sell,232715444
2024-08-19 13:00:02,41200.0,100,Sell,232715443
2024-08-19 13:00:02,41200.0,500,Sell,232715439
2024-08-19 13:00:02,41200.0,100,Sell,232715441
2024-08-19 13:00:02,41200.0,10000,Sell,232715440
2024-08-19 13:00:02,41200.0,100,Sell,232715438
2024-08-19 13:00:02,41200.0,100,Sell,232715437
2024-08-19 13:00:02,41200.0,5700,Sell,232715430
2024-08-19 13:00:02,41200.0,1000,Sell,232715442
2024-08-19 13:00:38,41200.0,1200,Sell,232716497
2024-08-19 13:00:45,41200.0,100,Sell,232716664
2024-08-19 13:00:45,41200.0,800,Sell,232716662
2024-08-19 13:00:45,41200.0,100,Sell,232716663
2024-08-19 13:00:51,41200.0,2300,Buy,232716806
2024-08-19 13:01:34,41200.0,100,Buy,232717914
2024-08-19 13:01:48,41150.0,1300,Sell,232718258
2024-08-19 13:02:00,41150.0,1300,Sell,232718537
2024-08-19 13:02:13,41150.0,1300,Sell,232719086
2024-08-19 13:02:41,41150.0,900,Sell,232719868
2024-08-19 13:02:45,41150.0,300,Sell,232719982
2024-08-19 13:03:13,41150.0,3700,Sell,232720801
2024-08-19 13:03:34,41150.0,100,Sell,232721408
2024-08-19 13:04:11,41150.0,1000,Sell,232722540
2024-08-19 13:04:11,41150.0,300,Sell,232722541
2024-08-19 13:04:11,41150.0,100,Sell,232722542
2024-08-19 13:04:11,41150.0,1000,Sell,232722539
2024-08-19 13:04:11,41150.0,100,Sell,232722544
2024-08-19 13:04:11,41150.0,1000,Sell,232722545
2024-08-19 13:04:11,41150.0,100,Sell,232722546
2024-08-19 13:04:11,41150.0,100,Sell,232722543
2024-08-19 13:04:11,41150.0,200,Sell,232722538
2024-08-19 13:04:11,41150.0,100,Sell,232722529
2024-08-19 13:04:11,41150.0,500,Sell,232722536
2024-08-19 13:04:11,41150.0,4700,Sell,232722528
2024-08-19 13:04:11,41150.0,1000,Sell,232722530
2024-08-19 13:04:11,41150.0,100,Sell,232722531
2024-08-19 13:04:11,41150.0,100,Sell,232722537
2024-08-19 13:04:11,41150.0,300,Sell,232722533
2024-08-19 13:04:11,41150.0,400,Sell,232722534
2024-08-19 13:04:11,41150.0,500,Sell,232722535
2024-08-19 13:04:11,41150.0,200,Sell,232722532
2024-08-19 13:04:15,41150.0,200,Sell,232722666
2024-08-19 13:04:15,41150.0,200,Sell,232722667
2024-08-19 13:04:15,41150.0,100,Sell,232722668
2024-08-19 13:04:15,41150.0,300,Sell,232722669
2024-08-19 13:04:15,41150.0,100,Sell,232722670
2024-08-19 13:04:15,41150.0,300,Sell,232722671
2024-08-19 13:04:15,41150.0,1900,Sell,232722672
2024-08-19 13:04:16,41150.0,1900,Buy,232722690
2024-08-19 13:04:59,41150.0,100,Sell,232723943
2024-08-19 13:04:59,41150.0,100,Sell,232723944
2024-08-19 13:04:59,41150.0,3000,Sell,232723942
2024-08-19 13:04:59,41150.0,200,Sell,232723941
2024-08-19 13:05:08,41100.0,200,Sell,232724161
2024-08-19 13:05:08,41100.0,200,Sell,232724162
2024-08-19 13:05:19,41100.0,2800,Sell,232724405
2024-08-19 13:05:19,41100.0,1000,Sell,232724406
2024-08-19 13:05:19,41100.0,200,Sell,232724407
2024-08-19 13:05:19,41100.0,500,Sell,232724408
2024-08-19 13:05:19,41100.0,100,Sell,232724409
2024-08-19 13:05:19,41100.0,100,Sell,232724410
2024-08-19 13:05:19,41100.0,100,Sell,232724411
2024-08-19 13:05:19,41100.0,100,Sell,232724412
2024-08-19 13:05:19,41100.0,100,Sell,232724413
2024-08-19 13:05:50,41100.0,100,Sell,232725319
2024-08-19 13:05:59,41100.0,700,Sell,232725630
2024-08-19 13:05:59,41100.0,100,Sell,232725629
2024-08-19 13:05:59,41100.0,1000,Sell,232725627
2024-08-19 13:05:59,41100.0,100,Sell,232725626
2024-08-19 13:05:59,41100.0,100,Sell,232725628
2024-08-19 13:06:04,41100.0,300,Sell,232725802
2024-08-19 13:06:08,41100.0,100,Sell,232725914
2024-08-19 13:06:08,41100.0,200,Sell,232725913
2024-08-19 13:06:08,41100.0,500,Sell,232725911
2024-08-19 13:06:08,41100.0,100,Sell,232725910
2024-08-19 13:06:08,41100.0,200,Sell,232725909
2024-08-19 13:06:08,41100.0,100,Sell,232725908
2024-08-19 13:06:08,41100.0,100,Sell,232725907
2024-08-19 13:06:08,41100.0,2400,Sell,232725912
2024-08-19 13:06:08,41100.0,100,Sell,232725905
2024-08-19 13:06:08,41100.0,100,Sell,232725904
2024-08-19 13:06:08,41100.0,100,Sell,232725903
2024-08-19 13:06:08,41100.0,100,Sell,232725902
2024-08-19 13:06:08,41100.0,500,Sell,232725901
2024-08-19 13:06:08,41100.0,1000,Sell,232725900
2024-08-19 13:06:08,41100.0,100,Sell,232725899
2024-08-19 13:06:08,41100.0,100,Sell,232725898
2024-08-19 13:06:08,41100.0,200,Sell,232725906
2024-08-19 13:06:51,41100.0,900,Sell,232727122
2024-08-19 13:06:51,41100.0,500,Sell,232727123
2024-08-19 13:06:51,41100.0,2300,Sell,232727124
2024-08-19 13:07:04,41100.0,500,Sell,232727584
2024-08-19 13:07:04,41100.0,2700,Sell,232727582
2024-08-19 13:07:04,41100.0,200,Sell,232727583
2024-08-19 13:07:15,41100.0,500,Sell,232727837
2024-08-19 13:07:15,41100.0,100,Sell,232727838
2024-08-19 13:07:15,41100.0,100,Sell,232727839
2024-08-19 13:07:15,41100.0,100,Sell,232727840
2024-08-19 13:07:15,41100.0,100,Sell,232727841
2024-08-19 13:07:15,41100.0,300,Sell,232727842
2024-08-19 13:08:31,41100.0,100,Sell,232730283
2024-08-19 13:08:41,41100.0,300,Sell,232730561
2024-08-19 13:08:41,41100.0,100,Sell,232730560
2024-08-19 13:08:41,41100.0,2300,Sell,232730562
2024-08-19 13:08:41,41100.0,3800,Sell,232730558
2024-08-19 13:08:41,41100.0,500,Sell,232730557
2024-08-19 13:08:41,41100.0,1000,Sell,232730559
2024-08-19 13:08:41,41100.0,600,Sell,232730556
2024-08-19 13:10:13,41150.0,100,Buy,232732827
2024-08-19 13:10:17,41150.0,400,Buy,232732933
2024-08-19 13:10:17,41150.0,600,Buy,232732932
2024-08-19 13:10:19,41150.0,4600,Buy,232732982
2024-08-19 13:10:22,41100.0,200,Sell,232733092
2024-08-19 13:10:22,41150.0,1100,Sell,232733091
2024-08-19 13:10:30,41100.0,500,Sell,232733370
2024-08-19 13:10:30,41100.0,1500,Sell,232733371
2024-08-19 13:10:30,41100.0,500,Sell,232733372
2024-08-19 13:10:30,41100.0,100,Sell,232733373
2024-08-19 13:10:30,41100.0,1100,Sell,232733374
2024-08-19 13:10:49,41100.0,700,Sell,232733927
2024-08-19 13:10:50,41100.0,1300,Sell,232734011
2024-08-19 13:11:06,41100.0,1300,Sell,232734455
2024-08-19 13:11:18,41100.0,500,Sell,232734770
2024-08-19 13:11:18,41100.0,800,Sell,232734774
2024-08-19 13:11:18,41100.0,200,Sell,232734775
2024-08-19 13:11:18,41100.0,300,Sell,232734776
2024-08-19 13:11:28,41100.0,200,Sell,232734999
2024-08-19 13:11:28,41100.0,100,Sell,232735000
2024-08-19 13:11:28,41100.0,100,Sell,232734997
2024-08-19 13:11:28,41100.0,300,Sell,232734998
2024-08-19 13:11:28,41100.0,600,Sell,232734996
2024-08-19 13:11:29,41100.0,100,Sell,232735021
2024-08-19 13:11:39,41100.0,100,Sell,232735289
2024-08-19 13:11:39,41100.0,100,Sell,232735290
2024-08-19 13:11:39,41100.0,500,Sell,232735291
2024-08-19 13:11:39,41100.0,100,Sell,232735292
2024-08-19 13:11:39,41100.0,500,Sell,232735288
2024-08-19 13:11:49,41100.0,100,Sell,232735593
2024-08-19 13:11:49,41100.0,1300,Sell,232735594
2024-08-19 13:11:58,41100.0,1300,Sell,232735911
2024-08-19 13:12:06,41100.0,500,Sell,232736160
2024-08-19 13:12:06,41100.0,200,Sell,232736161
2024-08-19 13:12:06,41100.0,1900,Sell,232736162
2024-08-19 13:12:06,41100.0,100,Sell,232736163
2024-08-19 13:12:06,41100.0,500,Sell,232736164
2024-08-19 13:12:06,41100.0,2400,Sell,232736165
2024-08-19 13:12:06,41100.0,9000,Sell,232736158
2024-08-19 13:12:06,41100.0,100,Sell,232736159
2024-08-19 13:12:12,41100.0,1300,Sell,232736354
2024-08-19 13:12:16,41100.0,500,Sell,232736526
2024-08-19 13:12:25,41100.0,200,Sell,232736786
2024-08-19 13:12:25,41050.0,1200,Sell,232736789
2024-08-19 13:12:25,41100.0,400,Sell,232736785
2024-08-19 13:12:25,41100.0,100,Sell,232736788
2024-08-19 13:13:01,41100.0,100,Buy,232737807
2024-08-19 13:13:02,41050.0,2000,Sell,232737841
2024-08-19 13:13:03,41100.0,100,Buy,232737850
2024-08-19 13:13:22,41100.0,400,Sell,232738424
2024-08-19 13:13:22,41100.0,600,Sell,232738425
2024-08-19 13:13:29,41100.0,1600,Sell,232738626
2024-08-19 13:13:29,41100.0,400,Sell,232738625
2024-08-19 13:14:06,41100.0,300,Sell,232739604
2024-08-19 13:14:06,41100.0,100,Sell,232739605
2024-08-19 13:14:06,41100.0,300,Sell,232739606
2024-08-19 13:14:06,41100.0,3000,Sell,232739607
2024-08-19 13:14:30,41100.0,100,Sell,232740241
2024-08-19 13:14:40,41100.0,100,Sell,232740458
2024-08-19 13:15:24,41100.0,1300,Sell,232741629
2024-08-19 13:15:33,41100.0,100,Sell,232741857
2024-08-19 13:15:33,41100.0,1200,Sell,232741856
2024-08-19 13:15:41,41100.0,900,Sell,232742116
2024-08-19 13:15:41,41100.0,600,Sell,232742117
2024-08-19 13:15:41,41100.0,700,Sell,232742118
2024-08-19 13:15:41,41100.0,500,Sell,232742119
2024-08-19 13:15:41,41100.0,200,Sell,232742120
2024-08-19 13:15:41,41100.0,100,Sell,232742121
2024-08-19 13:15:45,41100.0,100,Sell,232742335
2024-08-19 13:15:45,41050.0,1200,Sell,232742339
2024-08-19 13:15:55,41050.0,1300,Sell,232742635
2024-08-19 13:16:04,41050.0,1300,Sell,232742853
2024-08-19 13:16:08,41050.0,100,Sell,232743031
2024-08-19 13:16:16,41050.0,1300,Sell,232743276
2024-08-19 13:16:28,41100.0,500,Sell,232743560
2024-08-19 13:16:44,41100.0,1500,Sell,232743950
2024-08-19 13:16:57,41100.0,100,Sell,232744300
2024-08-19 13:17:14,41100.0,100,Sell,232744712
2024-08-19 13:17:44,41100.0,1000,Sell,232745418
2024-08-19 13:17:44,41100.0,200,Sell,232745416
2024-08-19 13:17:44,41100.0,100,Sell,232745417
2024-08-19 13:17:44,41100.0,100,Sell,232745414
2024-08-19 13:17:44,41100.0,2000,Sell,232745415
2024-08-19 13:17:44,41100.0,100,Sell,232745413
2024-08-19 13:17:44,41100.0,200,Sell,232745412
2024-08-19 13:17:58,41100.0,1000,Sell,232745709
2024-08-19 13:18:02,41100.0,500,Sell,232745841
2024-08-19 13:18:04,41100.0,200,Sell,232745897
2024-08-19 13:18:06,41100.0,3000,Sell,232745999
2024-08-19 13:18:59,41150.0,100,Buy,232747512
2024-08-19 13:19:04,41150.0,200,Buy,232747680
2024-08-19 13:19:11,41150.0,100,Buy,232747885
2024-08-19 13:19:15,41150.0,300,Buy,232748044
2024-08-19 13:19:18,41150.0,100,Buy,232748095
2024-08-19 13:19:19,41150.0,100,Buy,232748122
2024-08-19 13:19:19,41150.0,500,Buy,232748123
2024-08-19 13:19:19,41150.0,5200,Buy,232748120
2024-08-19 13:19:19,41150.0,1000,Buy,232748121
2024-08-19 13:20:05,41150.0,100,Sell,232749053
2024-08-19 13:20:10,41150.0,100,Sell,232749158
2024-08-19 13:20:10,41150.0,400,Sell,232749159
2024-08-19 13:20:39,41200.0,600,Buy,232749985
2024-08-19 13:21:03,41200.0,5400,Buy,232750675
2024-08-19 13:21:03,41200.0,300,Buy,232750676
2024-08-19 13:21:17,41200.0,400,Buy,232750988
2024-08-19 13:21:17,41200.0,1400,Buy,232750986
2024-08-19 13:21:17,41200.0,100,Buy,232750987
2024-08-19 13:21:21,41200.0,3700,Sell,232751090
2024-08-19 13:21:28,41200.0,1800,Sell,232751330
2024-08-19 13:21:39,41200.0,1000,Sell,232751652
2024-08-19 13:21:45,41200.0,100,Sell,232751773
2024-08-19 13:22:26,41200.0,100,Buy,232752916
2024-08-19 13:22:47,41200.0,100,Buy,232753417
2024-08-19 13:24:17,41200.0,600,Buy,232755955
2024-08-19 13:24:37,41200.0,100,Buy,232756824
2024-08-19 13:24:44,41200.0,200,Buy,232757015
2024-08-19 13:24:44,41200.0,200,Buy,232757014
2024-08-19 13:24:44,41200.0,1500,Buy,232757012
2024-08-19 13:24:44,41200.0,200,Buy,232757013
2024-08-19 13:25:39,41200.0,1000,Buy,232758602
2024-08-19 13:26:02,41200.0,800,Buy,232759190
2024-08-19 13:26:31,41200.0,100,Buy,232759846
2024-08-19 13:26:55,41200.0,200,Buy,232760328
2024-08-19 13:27:04,41200.0,1600,Buy,232760516
2024-08-19 13:27:04,41200.0,2900,Buy,232760517
2024-08-19 13:27:40,41150.0,500,Sell,232761306
2024-08-19 13:27:40,41150.0,100,Sell,232761307
2024-08-19 13:27:40,41150.0,600,Sell,232761304
2024-08-19 13:27:40,41150.0,100,Sell,232761305
2024-08-19 13:27:52,41150.0,200,Sell,232761600
2024-08-19 13:27:52,41150.0,500,Sell,232761601
2024-08-19 13:27:52,41150.0,200,Sell,232761602
2024-08-19 13:27:52,41150.0,100,Sell,232761599
2024-08-19 13:28:16,41150.0,300,Sell,232762221
2024-08-19 13:28:16,41150.0,1000,Sell,232762222
2024-08-19 13:28:19,41150.0,100,Sell,232762338
2024-08-19 13:28:35,41150.0,600,Sell,232762643
2024-08-19 13:28:35,41150.0,9900,Sell,232762641
2024-08-19 13:28:35,41150.0,500,Sell,232762642
2024-08-19 13:28:43,41150.0,500,Sell,232762774
2024-08-19 13:28:43,41150.0,300,Sell,232762775
2024-08-19 13:28:43,41150.0,200,Sell,232762773
2024-08-19 13:28:47,41150.0,300,Sell,232762891
2024-08-19 13:28:48,41150.0,2300,Buy,232762912
2024-08-19 13:28:52,41150.0,1100,Buy,232763000
2024-08-19 13:30:50,41150.0,100,Sell,232765712
2024-08-19 13:30:51,41150.0,500,Sell,232765743
2024-08-19 13:30:51,41150.0,1000,Sell,232765744
2024-08-19 13:30:51,41150.0,700,Sell,232765741
2024-08-19 13:30:51,41150.0,200,Sell,232765740
2024-08-19 13:30:51,41150.0,200,Sell,232765739
2024-08-19 13:30:51,41150.0,1000,Sell,232765742
2024-08-19 13:30:58,41150.0,500,Sell,232765905
2024-08-19 13:31:03,41200.0,2100,Buy,232765981
2024-08-19 13:31:03,41200.0,100,Buy,232765982
2024-08-19 13:31:03,41200.0,100,Buy,232765983
2024-08-19 13:31:03,41200.0,1700,Buy,232765984
2024-08-19 13:31:06,41150.0,200,Sell,232766076
2024-08-19 13:31:54,41200.0,500,Buy,232767011
2024-08-19 13:31:55,41200.0,100,Buy,232767027
2024-08-19 13:32:06,41150.0,5000,Sell,232767256
2024-08-19 13:32:14,41150.0,1900,Sell,232767591
2024-08-19 13:32:14,41150.0,100,Sell,232767592
2024-08-19 13:32:14,41150.0,200,Sell,232767593
2024-08-19 13:32:32,41150.0,1500,Buy,232767943
2024-08-19 13:32:32,41150.0,300,Buy,232767944
2024-08-19 13:32:53,41200.0,100,Buy,232768450
2024-08-19 13:32:58,41150.0,2200,Sell,232768625
2024-08-19 13:33:22,41150.0,1000,Sell,232769307
2024-08-19 13:33:40,41150.0,300,Sell,232769742
2024-08-19 13:33:40,41150.0,700,Sell,232769741
2024-08-19 13:33:56,41200.0,100,Buy,232770104
2024-08-19 13:37:34,41150.0,100,Sell,232776108
2024-08-19 13:38:28,41200.0,100,Buy,232777434
2024-08-19 13:39:10,41200.0,1800,Buy,232778577
2024-08-19 13:39:45,41200.0,1600,Buy,232779563
2024-08-19 13:39:45,41200.0,3000,Buy,232779564
2024-08-19 13:39:45,41200.0,100,Buy,232779565
2024-08-19 13:39:45,41200.0,1000,Buy,232779566
2024-08-19 13:40:35,41150.0,100,Sell,232780680
2024-08-19 13:40:57,41200.0,100,Buy,232781197
2024-08-19 13:41:20,41150.0,500,Sell,232781754
2024-08-19 13:41:20,41150.0,1900,Sell,232781755
2024-08-19 13:41:20,41150.0,100,Sell,232781756
2024-08-19 13:41:20,41150.0,1200,Sell,232781757
2024-08-19 13:41:20,41200.0,900,Buy,232781766
2024-08-19 13:41:49,41200.0,1000,Buy,232782379
2024-08-19 13:41:49,41200.0,200,Buy,232782378
2024-08-19 13:41:49,41200.0,1900,Buy,232782380
2024-08-19 13:41:49,41200.0,100,Buy,232782376
2024-08-19 13:41:49,41200.0,1700,Buy,232782375
2024-08-19 13:41:49,41200.0,100,Buy,232782377
2024-08-19 13:41:53,41200.0,600,Buy,232782523
2024-08-19 13:42:29,41200.0,1200,Buy,232783525
2024-08-19 13:42:29,41200.0,800,Buy,232783526
2024-08-19 13:42:54,41200.0,5100,Buy,232784499
2024-08-19 13:42:54,41200.0,100,Buy,232784500
2024-08-19 13:42:54,41200.0,800,Buy,232784501
2024-08-19 13:44:09,41200.0,200,Buy,232786341
2024-08-19 13:44:09,41200.0,5500,Buy,232786342
2024-08-19 13:44:54,41200.0,500,Buy,232787642
2024-08-19 13:44:54,41200.0,800,Buy,232787643
2024-08-19 13:45:00,41200.0,600,Buy,232787867
2024-08-19 13:45:02,41200.0,1300,Buy,232787967
2024-08-19 13:45:06,41200.0,100,Buy,232788069
2024-08-19 13:45:06,41200.0,1000,Buy,232788070
2024-08-19 13:45:06,41200.0,1000,Buy,232788071
2024-08-19 13:45:06,41200.0,1000,Buy,232788072
2024-08-19 13:45:22,41250.0,100,Buy,232788673
2024-08-19 13:45:22,41250.0,100,Buy,232788674
2024-08-19 13:45:22,41250.0,200,Buy,232788672
2024-08-19 13:45:22,41250.0,100,Buy,232788670
2024-08-19 13:45:22,41250.0,200,Buy,232788671
2024-08-19 13:45:22,41250.0,200,Buy,232788669
2024-08-19 13:45:22,41250.0,100,Buy,232788668
2024-08-19 13:45:22,41250.0,900,Buy,232788667
2024-08-19 13:45:23,41250.0,1900,Buy,232788712
2024-08-19 13:45:24,41250.0,1000,Buy,232788740
2024-08-19 13:45:24,41250.0,900,Buy,232788741
2024-08-19 13:45:30,41250.0,1000,Buy,232788919
2024-08-19 13:45:30,41250.0,800,Buy,232788920
2024-08-19 13:46:04,41250.0,800,Sell,232790055
2024-08-19 13:46:10,41250.0,500,Sell,232790262
2024-08-19 13:46:22,41250.0,400,Sell,232790570
2024-08-19 13:46:28,41250.0,2000,Sell,232790712
2024-08-19 13:46:43,41250.0,200,Sell,232791404
2024-08-19 13:46:43,41250.0,300,Sell,232791405
2024-08-19 13:46:44,41250.0,1900,Buy,232791499
2024-08-19 13:46:45,41250.0,1800,Buy,232791555
2024-08-19 13:46:45,41300.0,100,Buy,232791556
2024-08-19 13:47:55,41250.0,500,Buy,232793856
2024-08-19 13:48:33,41250.0,4500,Buy,232794952
2024-08-19 13:48:39,41250.0,1000,Sell,232795178
2024-08-19 13:48:55,41300.0,100,Buy,232795837
2024-08-19 13:49:11,41300.0,4700,Buy,232796308
2024-08-19 13:49:11,41300.0,1000,Buy,232796309
2024-08-19 13:49:56,41300.0,1400,Buy,232797748
2024-08-19 13:49:57,41300.0,2100,Buy,232797766
2024-08-19 13:50:06,41300.0,100,Buy,232798097
2024-08-19 13:50:15,41300.0,1000,Buy,232798417
2024-08-19 13:50:23,41250.0,100,Sell,232798769
2024-08-19 13:51:18,41300.0,2000,Buy,232800599
2024-08-19 13:52:48,41250.0,100,Sell,232803847
2024-08-19 13:53:13,41300.0,300,Buy,232804763
2024-08-19 13:53:13,41300.0,100,Buy,232804762
2024-08-19 13:53:13,41300.0,100,Buy,232804764
2024-08-19 13:53:13,41300.0,1000,Buy,232804761
2024-08-19 13:53:13,41300.0,100,Buy,232804767
2024-08-19 13:53:13,41300.0,200,Buy,232804768
2024-08-19 13:53:13,41300.0,3700,Buy,232804766
2024-08-19 13:53:13,41300.0,100,Buy,232804760
2024-08-19 13:53:13,41300.0,200,Buy,232804765
2024-08-19 13:53:13,41300.0,100,Buy,232804758
2024-08-19 13:53:13,41300.0,500,Buy,232804751
2024-08-19 13:53:13,41300.0,10000,Buy,232804752
2024-08-19 13:53:13,41300.0,400,Buy,232804753
2024-08-19 13:53:13,41300.0,400,Buy,232804750
2024-08-19 13:53:13,41300.0,200,Buy,232804759
2024-08-19 13:53:13,41300.0,1000,Buy,232804755
2024-08-19 13:53:13,41300.0,1000,Buy,232804757
2024-08-19 13:53:13,41300.0,500,Buy,232804754
2024-08-19 13:53:13,41300.0,100,Buy,232804756
2024-08-19 13:53:19,41300.0,300,Buy,232804931
2024-08-19 13:53:19,41300.0,100,Buy,232804932
2024-08-19 13:53:19,41300.0,5000,Buy,232804933
2024-08-19 13:53:37,41300.0,7000,Buy,232805941
2024-08-19 13:53:54,41300.0,3000,Sell,232806466
2024-08-19 13:53:59,41300.0,700,Sell,232806750
2024-08-19 13:54:06,41300.0,100,Buy,232807049
2024-08-19 13:54:08,41300.0,2900,Buy,232807139
2024-08-19 13:54:47,41350.0,100,Buy,232808691
2024-08-19 13:54:47,41350.0,500,Buy,232808692
2024-08-19 13:55:36,41350.0,1200,Buy,232810282
2024-08-19 13:55:41,41300.0,100,Sell,232810457
2024-08-19 13:56:23,41300.0,500,Sell,232811653
2024-08-19 13:56:26,41300.0,400,Sell,232811725
2024-08-19 13:57:05,41250.0,300,Sell,232812995
2024-08-19 13:57:05,41250.0,4700,Sell,232812996
2024-08-19 13:57:17,41250.0,3000,Sell,232813382
2024-08-19 13:57:36,41250.0,3700,Sell,232813873
2024-08-19 13:57:39,41300.0,100,Buy,232813955
2024-08-19 13:57:44,41250.0,2600,Sell,232814059
2024-08-19 13:57:44,41250.0,900,Sell,232814060
2024-08-19 13:57:44,41250.0,6500,Sell,232814061
2024-08-19 13:57:51,41250.0,400,Sell,232814265
2024-08-19 13:58:23,41250.0,1000,Sell,232815301
2024-08-19 13:58:53,41250.0,2100,Sell,232816284
2024-08-19 13:58:53,41250.0,100,Sell,232816285
2024-08-19 14:00:06,41250.0,500,Buy,232818117
2024-08-19 14:00:27,41250.0,500,Buy,232818652
2024-08-19 14:00:52,41250.0,400,Buy,232819347
2024-08-19 14:00:52,41250.0,300,Buy,232819348
2024-08-19 14:00:52,41250.0,1800,Buy,232819346
2024-08-19 14:01:06,41250.0,5700,Buy,232819752
2024-08-19 14:01:06,41250.0,2500,Buy,232819753
2024-08-19 14:01:06,41250.0,1000,Buy,232819754
2024-08-19 14:01:06,41250.0,800,Buy,232819755
2024-08-19 14:01:11,41250.0,100,Buy,232819853
2024-08-19 14:01:11,41250.0,200,Buy,232819852
2024-08-19 14:01:31,41250.0,100,Buy,232820404
2024-08-19 14:01:39,41250.0,500,Buy,232820606
2024-08-19 14:01:39,41250.0,3600,Buy,232820605
2024-08-19 14:01:52,41200.0,2500,Sell,232820903
2024-08-19 14:01:52,41200.0,500,Sell,232820904
2024-08-19 14:01:52,41200.0,200,Sell,232820905
2024-08-19 14:01:52,41200.0,1000,Sell,232820906
2024-08-19 14:01:52,41200.0,100,Sell,232820907
2024-08-19 14:01:52,41200.0,500,Sell,232820908
2024-08-19 14:01:52,41200.0,1000,Sell,232820909
2024-08-19 14:01:52,41200.0,4200,Sell,232820910
2024-08-19 14:02:52,41200.0,4000,Sell,232822278
2024-08-19 14:02:52,41200.0,100,Sell,232822277
2024-08-19 14:02:52,41200.0,800,Sell,232822275
2024-08-19 14:02:52,41200.0,100,Sell,232822276
2024-08-19 14:03:15,41250.0,2000,Buy,232822832
2024-08-19 14:03:37,41250.0,400,Buy,232823258
2024-08-19 14:03:37,41250.0,4100,Buy,232823259
2024-08-19 14:03:37,41250.0,1200,Buy,232823260
2024-08-19 14:03:45,41250.0,500,Buy,232823413
2024-08-19 14:03:52,41250.0,200,Buy,232823567
2024-08-19 14:04:00,41200.0,1000,Sell,232823761
2024-08-19 14:04:01,41200.0,2400,Sell,232823785
2024-08-19 14:04:13,41200.0,200,Sell,232823962
2024-08-19 14:04:51,41200.0,300,Sell,232824935
2024-08-19 14:04:51,41200.0,2400,Sell,232824933
2024-08-19 14:04:51,41200.0,1000,Sell,232824934
2024-08-19 14:04:54,41200.0,500,Sell,232825020
2024-08-19 14:05:03,41200.0,100,Sell,232825385
2024-08-19 14:05:03,41200.0,100,Sell,232825401
2024-08-19 14:05:59,41200.0,100,Sell,232826842
2024-08-19 14:05:59,41200.0,100,Sell,232826841
2024-08-19 14:05:59,41200.0,1900,Sell,232826840
2024-08-19 14:05:59,41200.0,100,Sell,232826843
2024-08-19 14:05:59,41200.0,100,Sell,232826838
2024-08-19 14:05:59,41200.0,100,Sell,232826837
2024-08-19 14:05:59,41200.0,1900,Sell,232826836
2024-08-19 14:05:59,41200.0,5700,Sell,232826839
2024-08-19 14:06:07,41200.0,100,Sell,232827020
2024-08-19 14:06:07,41200.0,1900,Sell,232827021
2024-08-19 14:06:07,41200.0,700,Sell,232827022
2024-08-19 14:06:32,41200.0,1000,Buy,232827600
2024-08-19 14:06:55,41150.0,5000,Sell,232828195
2024-08-19 14:06:55,41150.0,1400,Sell,232828198
2024-08-19 14:06:55,41150.0,1000,Sell,232828197
2024-08-19 14:06:55,41150.0,200,Sell,232828196
2024-08-19 14:06:55,41150.0,2000,Sell,232828194
2024-08-19 14:06:55,41150.0,8800,Sell,232828188
2024-08-19 14:06:55,41150.0,1000,Sell,232828192
2024-08-19 14:06:55,41150.0,2000,Sell,232828189
2024-08-19 14:06:55,41150.0,1000,Sell,232828193
2024-08-19 14:06:55,41150.0,500,Sell,232828191
2024-08-19 14:06:55,41150.0,100,Sell,232828190
2024-08-19 14:07:37,41150.0,100,Sell,232829394
2024-08-19 14:07:37,41150.0,200,Sell,232829395
2024-08-19 14:07:37,41150.0,100,Sell,232829396
2024-08-19 14:07:37,41150.0,4500,Sell,232829397
2024-08-19 14:07:37,41150.0,100,Sell,232829393
2024-08-19 14:07:44,41150.0,100,Sell,232829614
2024-08-19 14:07:57,41150.0,400,Sell,232829881
2024-08-19 14:07:57,41150.0,100,Sell,232829883
2024-08-19 14:07:57,41150.0,1100,Sell,232829884
2024-08-19 14:07:57,41150.0,300,Sell,232829885
2024-08-19 14:07:57,41150.0,100,Sell,232829886
2024-08-19 14:07:57,41150.0,1600,Sell,232829887
2024-08-19 14:07:57,41150.0,100,Sell,232829882
2024-08-19 14:08:01,41150.0,1300,Buy,232830022
2024-08-19 14:08:14,41200.0,100,Buy,232830376
2024-08-19 14:08:18,41200.0,200,Buy,232830450
2024-08-19 14:08:18,41200.0,800,Buy,232830451
2024-08-19 14:08:42,41150.0,100,Sell,232831099
2024-08-19 14:08:42,41150.0,3300,Sell,232831100
2024-08-19 14:08:42,41150.0,600,Sell,232831101
2024-08-19 14:08:42,41150.0,1000,Sell,232831102
2024-08-19 14:08:42,41150.0,100,Sell,232831103
2024-08-19 14:08:48,41150.0,800,Buy,232831214
2024-08-19 14:08:52,41150.0,3500,Buy,232831280
2024-08-19 14:09:05,41150.0,400,Buy,232831590
2024-08-19 14:09:12,41150.0,200,Buy,232831746
2024-08-19 14:09:46,41150.0,300,Sell,232832549
2024-08-19 14:09:46,41150.0,700,Sell,232832550
2024-08-19 14:10:11,41100.0,2000,Sell,232833278
2024-08-19 14:10:11,41100.0,100,Sell,232833279
2024-08-19 14:10:12,41100.0,400,Sell,232833302
2024-08-19 14:10:41,41150.0,100,Sell,232834222
2024-08-19 14:11:12,41150.0,100,Sell,232835137
2024-08-19 14:11:16,41150.0,100,Sell,232835253
2024-08-19 14:11:29,41150.0,1000,Sell,232835715
2024-08-19 14:11:29,41150.0,100,Sell,232835714
2024-08-19 14:11:29,41150.0,100,Sell,232835712
2024-08-19 14:11:29,41150.0,100,Sell,232835713
2024-08-19 14:11:29,41150.0,200,Sell,232835711
2024-08-19 14:11:32,41150.0,400,Sell,232835814
2024-08-19 14:11:36,41150.0,200,Buy,232835944
2024-08-19 14:11:46,41150.0,900,Buy,232836227
2024-08-19 14:11:46,41150.0,100,Buy,232836228
2024-08-19 14:11:57,41150.0,8800,Sell,232836540
2024-08-19 14:12:05,41150.0,200,Sell,232836790
2024-08-19 14:12:05,41150.0,100,Sell,232836791
2024-08-19 14:12:05,41150.0,500,Sell,232836792
2024-08-19 14:12:09,41150.0,200,Buy,232836910
2024-08-19 14:12:12,41150.0,2700,Buy,232837047
2024-08-19 14:14:05,41150.0,400,Sell,232840371
2024-08-19 14:14:07,41150.0,100,Sell,232840421
2024-08-19 14:14:11,41150.0,100,Sell,232840532
2024-08-19 14:14:34,41200.0,500,Buy,232841110
2024-08-19 14:14:35,41150.0,300,Sell,232841137
2024-08-19 14:15:16,41150.0,2100,Sell,232842363
2024-08-19 14:15:16,41150.0,100,Sell,232842364
2024-08-19 14:15:16,41150.0,1300,Sell,232842365
2024-08-19 14:15:26,41150.0,500,Sell,232842650
2024-08-19 14:15:29,41150.0,400,Sell,232842720
2024-08-19 14:15:44,41150.0,2000,Sell,232843322
2024-08-19 14:15:44,41150.0,1000,Sell,232843323
2024-08-19 14:15:44,41150.0,700,Sell,232843324
2024-08-19 14:15:45,41150.0,1000,Sell,232843383
2024-08-19 14:16:02,41200.0,100,Buy,232843912
2024-08-19 14:16:19,41200.0,4600,Buy,232844567
2024-08-19 14:16:19,41200.0,1100,Buy,232844568
2024-08-19 14:16:23,41150.0,1800,Sell,232844672
2024-08-19 14:16:23,41150.0,100,Sell,232844671
2024-08-19 14:16:23,41150.0,4000,Sell,232844669
2024-08-19 14:16:23,41150.0,100,Sell,232844670
2024-08-19 14:16:57,41150.0,3100,Sell,232845804
2024-08-19 14:17:21,41150.0,100,Sell,232846606
2024-08-19 14:17:21,41150.0,100,Sell,232846607
2024-08-19 14:17:27,41200.0,1900,Buy,232846766
2024-08-19 14:17:27,41200.0,1000,Buy,232846798
2024-08-19 14:17:27,41200.0,900,Buy,232846799
2024-08-19 14:17:29,41200.0,1900,Buy,232846863
2024-08-19 14:18:06,41200.0,3900,Buy,232847940
2024-08-19 14:18:06,41200.0,500,Buy,232847937
2024-08-19 14:18:06,41200.0,200,Buy,232847938
2024-08-19 14:18:06,41200.0,1100,Buy,232847939
2024-08-19 14:18:14,41200.0,200,Buy,232848094
2024-08-19 14:18:28,41200.0,1900,Buy,232848400
2024-08-19 14:18:47,41200.0,500,Buy,232848811
2024-08-19 14:18:54,41200.0,500,Sell,232849014
2024-08-19 14:18:54,41200.0,300,Sell,232849015
2024-08-19 14:19:04,41150.0,200,Sell,232849268
2024-08-19 14:19:33,41200.0,2000,Buy,232849891
2024-08-19 14:20:16,41200.0,1500,Buy,232850989
2024-08-19 14:21:17,41200.0,500,Buy,232852653
2024-08-19 14:21:21,41200.0,1000,Buy,232852766
2024-08-19 14:22:10,41200.0,2000,Buy,232854434
2024-08-19 14:22:40,41200.0,1000,Buy,232855287
2024-08-19 14:22:44,41200.0,200,Buy,232855376
2024-08-19 14:22:44,41200.0,800,Buy,232855377
2024-08-19 14:22:44,41200.0,100,Buy,232855378
2024-08-19 14:22:44,41200.0,400,Buy,232855379
2024-08-19 14:22:51,41200.0,100,Buy,232855582
2024-08-19 14:22:52,41200.0,1000,Buy,232855594
2024-08-19 14:22:53,41200.0,300,Buy,232855610
2024-08-19 14:22:54,41200.0,900,Buy,232855624
2024-08-19 14:23:27,41200.0,200,Sell,232856597
2024-08-19 14:23:27,41200.0,300,Sell,232856596
2024-08-19 14:24:36,41200.0,800,Sell,232858840
2024-08-19 14:24:36,41200.0,100,Sell,232858841
2024-08-19 14:24:41,41200.0,100,Buy,232859005
2024-08-19 14:25:03,41200.0,600,Buy,232859659
2024-08-19 14:25:21,41200.0,3300,Buy,232860295
2024-08-19 14:25:24,41200.0,1000,Buy,232860375
2024-08-19 14:25:31,41200.0,400,Buy,232860686
2024-08-19 14:25:31,41200.0,400,Buy,232860687
2024-08-19 14:25:46,41150.0,4100,Sell,232861123
2024-08-19 14:25:46,41150.0,700,Sell,232861118
2024-08-19 14:25:46,41150.0,100,Sell,232861119
2024-08-19 14:25:46,41150.0,500,Sell,232861120
2024-08-19 14:25:46,41150.0,100,Sell,232861121
2024-08-19 14:25:46,41150.0,500,Sell,232861122
2024-08-19 14:25:59,41200.0,300,Buy,232861659
2024-08-19 14:25:59,41200.0,100,Buy,232861657
2024-08-19 14:25:59,41200.0,100,Buy,232861658
2024-08-19 14:26:05,41200.0,900,Buy,232861847
2024-08-19 14:26:17,41200.0,600,Buy,232862188
2024-08-19 14:26:41,41200.0,1400,Buy,232863102
2024-08-19 14:26:46,41200.0,500,Buy,232863293
2024-08-19 14:26:49,41200.0,300,Buy,232863429
2024-08-19 14:26:50,41200.0,200,Buy,232863490
2024-08-19 14:26:51,41200.0,300,Buy,232863507
2024-08-19 14:26:54,41200.0,500,Buy,232863614
2024-08-19 14:26:54,41200.0,200,Buy,232863612
2024-08-19 14:26:54,41200.0,100,Buy,232863613
2024-08-19 14:26:55,41250.0,200,Buy,232863632
2024-08-19 14:26:55,41200.0,500,Buy,232863631
2024-08-19 14:27:01,41200.0,1000,Sell,232863882
2024-08-19 14:27:25,41250.0,500,Buy,232864834
2024-08-19 14:27:25,41200.0,500,Sell,232864839
2024-08-19 14:27:25,41200.0,100,Sell,232864838
2024-08-19 14:27:25,41250.0,1600,Buy,232864837
2024-08-19 14:27:25,41250.0,900,Buy,232864836
2024-08-19 14:27:25,41250.0,2900,Buy,232864835
2024-08-19 14:27:25,41250.0,200,Buy,232864833
2024-08-19 14:27:25,41250.0,1000,Buy,232864831
2024-08-19 14:27:25,41250.0,2000,Buy,232864830
2024-08-19 14:27:25,41250.0,200,Buy,232864829
2024-08-19 14:27:25,41250.0,200,Buy,232864828
2024-08-19 14:27:25,41250.0,4900,Buy,232864827
2024-08-19 14:27:25,41250.0,600,Buy,232864832
2024-08-19 14:27:45,41200.0,300,Sell,232865624
2024-08-19 14:27:45,41200.0,1700,Sell,232865625
2024-08-19 14:27:49,41150.0,1000,Sell,232865794
2024-08-19 14:27:49,41200.0,4000,Sell,232865792
2024-08-19 14:27:49,41200.0,1000,Sell,232865793
2024-08-19 14:28:16,41200.0,400,Sell,232866699
2024-08-19 14:28:27,41200.0,100,Sell,232867157
2024-08-19 14:28:59,41200.0,500,Sell,232868512
2024-08-19 14:29:12,41250.0,1000,Buy,232869067
2024-08-19 14:29:20,41250.0,2500,Buy,232869462
2024-08-19 14:29:24,41250.0,1000,Buy,232869645
2024-08-19 14:29:28,41250.0,500,Buy,232869766
2024-08-19 14:44:36,41150.0,215800,ATO/ATC,232870818
