time,price,volume,match_type,id
2024-08-23 09:00:11,69500.0,100,Buy,234116759
2024-08-23 09:00:13,69500.0,1000,Buy,234116775
2024-08-23 09:00:16,69300.0,100,ATO/ATC,234116811
2024-08-23 09:00:20,69300.0,100,ATO/ATC,234116849
2024-08-23 09:00:24,69500.0,1000,Buy,234116861
2024-08-23 09:01:24,69500.0,100,Buy,234117010
2024-08-23 09:02:39,69500.0,300,Buy,234117189
2024-08-23 09:03:20,69300.0,100,Sell,234117295
2024-08-23 09:03:46,69300.0,200,Sell,234117368
2024-08-23 09:04:02,69300.0,1100,Buy,234117404
2024-08-23 09:04:14,69200.0,1000,Sell,234117423
2024-08-23 09:04:20,69100.0,100,Sell,234117440
2024-08-23 09:04:21,69100.0,100,Buy,234117444
2024-08-23 09:04:33,69000.0,500,Sell,234117477
2024-08-23 09:04:34,69000.0,1000,Sell,234117481
2024-08-23 09:04:41,69000.0,200,Sell,234117490
2024-08-23 09:05:12,69000.0,100,Sell,234117554
2024-08-23 09:05:13,69000.0,100,Sell,234117556
2024-08-23 09:05:30,69000.0,200,Sell,234117584
2024-08-23 09:05:31,69100.0,500,Buy,234117588
2024-08-23 09:05:36,69100.0,600,Buy,234117601
2024-08-23 09:05:39,69000.0,500,Sell,234117605
2024-08-23 09:06:58,69000.0,1000,Sell,234117770
2024-08-23 09:07:02,69000.0,500,ATO/ATC,234117782
2024-08-23 09:07:09,69000.0,100,Buy,234117795
2024-08-23 09:07:15,69000.0,500,Buy,234117806
2024-08-23 09:08:31,68900.0,200,ATO/ATC,234117970
2024-08-23 09:08:46,68800.0,700,Sell,234118010
2024-08-23 09:08:57,68700.0,500,Sell,234118036
2024-08-23 09:09:14,68700.0,400,Buy,234118070
2024-08-23 09:09:31,68700.0,100,Sell,234118112
2024-08-23 09:09:34,68700.0,200,Sell,234118119
2024-08-23 09:09:47,68600.0,500,Sell,234118155
2024-08-23 09:09:53,68700.0,200,Buy,234118167
2024-08-23 09:10:36,68700.0,100,Sell,234118254
2024-08-23 09:10:43,68700.0,200,Sell,234118270
2024-08-23 09:10:46,68700.0,500,Sell,234118277
2024-08-23 09:10:50,68700.0,500,Sell,234118283
2024-08-23 09:11:01,68700.0,100,Sell,234118303
2024-08-23 09:11:07,68700.0,400,Sell,234118319
2024-08-23 09:12:14,68800.0,500,Buy,234118461
2024-08-23 09:12:21,68900.0,100,Buy,234118472
2024-08-23 09:12:52,68900.0,200,Buy,234118540
2024-08-23 09:13:02,68900.0,100,Buy,234118572
2024-08-23 09:14:42,68900.0,500,Buy,234118791
2024-08-23 09:15:12,68900.0,200,Buy,234119357
2024-08-23 09:15:16,68900.0,100,Buy,234119413
2024-08-23 09:15:47,68800.0,1000,Sell,234119952
2024-08-23 09:15:54,68800.0,600,Sell,234120085
2024-08-23 09:16:26,68800.0,1000,Sell,234120933
2024-08-23 09:16:33,68900.0,100,Buy,234121125
2024-08-23 09:16:50,68900.0,500,Buy,234121587
2024-08-23 09:17:00,68900.0,500,Buy,234121793
2024-08-23 09:17:14,68900.0,100,Buy,234122146
2024-08-23 09:17:33,68800.0,200,Sell,234122555
2024-08-23 09:17:52,68800.0,200,Sell,234123188
2024-08-23 09:17:54,68800.0,1000,Sell,234123228
2024-08-23 09:18:01,68800.0,100,Sell,234123410
2024-08-23 09:18:11,68800.0,100,Sell,234123692
2024-08-23 09:18:17,68800.0,500,Sell,234123860
2024-08-23 09:18:25,68800.0,500,Sell,234124128
2024-08-23 09:18:29,68900.0,600,Buy,234124252
2024-08-23 09:18:33,68800.0,1200,Buy,234124339
2024-08-23 09:18:47,68700.0,500,Sell,234124742
2024-08-23 09:18:56,68700.0,2300,Buy,234124993
2024-08-23 09:19:15,68700.0,200,Buy,234125473
2024-08-23 09:19:59,68700.0,100,Buy,234126653
2024-08-23 09:20:07,68600.0,5000,Sell,234126797
2024-08-23 09:20:11,68700.0,100,Buy,234126896
2024-08-23 09:20:33,68700.0,500,Buy,234127431
2024-08-23 09:20:37,68600.0,700,Sell,234127580
2024-08-23 09:20:55,68600.0,1000,Sell,234127981
2024-08-23 09:21:01,68600.0,2000,Sell,234128110
2024-08-23 09:21:01,68600.0,800,Sell,234128126
2024-08-23 09:21:04,68600.0,100,Sell,234128203
2024-08-23 09:21:07,68600.0,400,Buy,234128258
2024-08-23 09:21:09,68600.0,400,Buy,234128314
2024-08-23 09:21:26,68500.0,200,Sell,234128762
2024-08-23 09:21:27,68500.0,500,Sell,234128827
2024-08-23 09:21:29,68500.0,900,Sell,234128843
2024-08-23 09:21:32,68500.0,3500,Sell,234129001
2024-08-23 09:21:41,68500.0,700,Sell,234129190
2024-08-23 09:21:46,68500.0,500,Sell,234129299
2024-08-23 09:21:46,68500.0,200,ATO/ATC,234129330
2024-08-23 09:21:51,68500.0,100,Sell,234129453
2024-08-23 09:21:56,68500.0,1000,Buy,234129616
2024-08-23 09:21:58,68500.0,2000,Buy,234129663
2024-08-23 09:22:03,68500.0,1000,Buy,234129799
2024-08-23 09:22:17,68500.0,1000,Buy,234130112
2024-08-23 09:22:24,68400.0,1300,Sell,234130305
2024-08-23 09:22:31,68400.0,100,Sell,234130468
2024-08-23 09:22:33,68400.0,100,Sell,234130497
2024-08-23 09:22:33,68400.0,300,Sell,234130513
2024-08-23 09:22:48,68400.0,300,Buy,234130853
2024-08-23 09:22:52,68400.0,100,Buy,234130952
2024-08-23 09:22:55,68300.0,3000,Sell,234131032
2024-08-23 09:23:06,68300.0,700,Sell,234131325
2024-08-23 09:23:08,68300.0,500,Sell,234131403
2024-08-23 09:23:11,68300.0,2100,Sell,234131491
2024-08-23 09:23:24,68300.0,200,Buy,234131741
2024-08-23 09:23:34,68300.0,100,Buy,234132024
2024-08-23 09:23:37,68300.0,200,Buy,234132107
2024-08-23 09:23:43,68200.0,100,Sell,234132221
2024-08-23 09:23:43,68300.0,600,Buy,234132238
2024-08-23 09:23:49,68200.0,200,Sell,234132359
2024-08-23 09:23:57,68300.0,100,Buy,234132573
2024-08-23 09:23:59,68200.0,100,Sell,234132612
2024-08-23 09:24:09,68200.0,300,Sell,234132917
2024-08-23 09:24:11,68200.0,1000,Sell,234132966
2024-08-23 09:24:21,68200.0,100,Sell,234133234
2024-08-23 09:24:25,68200.0,1000,Sell,234133311
2024-08-23 09:24:28,68200.0,300,Sell,234133402
2024-08-23 09:24:31,68200.0,1000,Sell,234133487
2024-08-23 09:24:39,68200.0,100,Sell,234133671
2024-08-23 09:24:46,68300.0,3000,Buy,234133794
2024-08-23 09:24:48,68200.0,1000,Sell,234133825
2024-08-23 09:24:53,68300.0,500,Buy,234133929
2024-08-23 09:24:54,68200.0,100,Sell,234133947
2024-08-23 09:24:59,68300.0,1000,Buy,234134079
2024-08-23 09:25:05,68300.0,300,Buy,234134213
2024-08-23 09:25:08,68300.0,1000,Buy,234134276
2024-08-23 09:25:08,68300.0,3100,Sell,234134308
2024-08-23 09:25:29,68300.0,1000,Sell,234134836
2024-08-23 09:25:36,68400.0,500,Buy,234135015
2024-08-23 09:25:39,68300.0,800,Sell,234135079
2024-08-23 09:25:40,68400.0,1300,Sell,234135104
2024-08-23 09:26:02,68500.0,10000,Buy,234135634
2024-08-23 09:26:03,68400.0,100,Sell,234135650
2024-08-23 09:26:15,68500.0,4400,Sell,234136057
2024-08-23 09:26:16,68400.0,1800,Sell,234136081
2024-08-23 09:26:26,68600.0,600,Buy,234136386
2024-08-23 09:26:35,68600.0,200,Sell,234136626
2024-08-23 09:26:40,68600.0,300,Sell,234136755
2024-08-23 09:26:47,68700.0,1500,Buy,234136935
2024-08-23 09:27:35,68800.0,800,Buy,234138300
2024-08-23 09:27:41,68800.0,100,Buy,234138483
2024-08-23 09:27:43,68800.0,100,Buy,234138526
2024-08-23 09:27:46,68800.0,1000,Sell,234138617
2024-08-23 09:27:54,68800.0,200,Sell,234138894
2024-08-23 09:28:14,68800.0,100,Sell,234139455
2024-08-23 09:28:18,68800.0,1000,Sell,234139585
2024-08-23 09:28:21,68900.0,200,Buy,234139703
2024-08-23 09:28:40,68900.0,100,Buy,234140259
2024-08-23 09:28:43,68900.0,100,Buy,234140335
2024-08-23 09:29:01,68900.0,1100,Buy,234140842
2024-08-23 09:29:04,68900.0,300,Sell,234140938
2024-08-23 09:29:08,68900.0,100,Sell,234141046
2024-08-23 09:29:10,68900.0,300,Sell,234141119
2024-08-23 09:29:47,68900.0,300,Sell,234142261
2024-08-23 09:29:50,68900.0,500,Sell,234142333
2024-08-23 09:29:51,68900.0,300,Sell,234142381
2024-08-23 09:30:32,68900.0,100,Sell,234143783
2024-08-23 09:30:34,68900.0,400,Sell,234143823
2024-08-23 09:30:42,68900.0,300,Sell,234144046
2024-08-23 09:30:47,69000.0,2300,Buy,234144207
2024-08-23 09:31:17,69100.0,300,Buy,234145110
2024-08-23 09:31:24,69100.0,100,Buy,234145366
2024-08-23 09:31:43,69200.0,200,Buy,234145812
2024-08-23 09:31:58,69200.0,100,Buy,234146237
2024-08-23 09:32:01,69200.0,100,Buy,234146361
2024-08-23 09:32:11,69200.0,2000,Sell,234146666
2024-08-23 09:32:23,69100.0,500,Sell,234146962
2024-08-23 09:32:34,69100.0,100,Buy,234147274
2024-08-23 09:32:56,69000.0,300,Sell,234147816
2024-08-23 09:33:03,69100.0,100,Buy,234147971
2024-08-23 09:33:17,69100.0,100,Buy,234148301
2024-08-23 09:33:25,69100.0,1000,Buy,234148442
2024-08-23 09:33:29,69100.0,100,Buy,234148574
2024-08-23 09:34:20,69000.0,2000,Sell,234149789
2024-08-23 09:34:28,69000.0,500,Sell,234149963
2024-08-23 09:34:44,69100.0,900,Buy,234150284
2024-08-23 09:35:00,69200.0,2000,Buy,234150755
2024-08-23 09:35:16,69100.0,100,Sell,234151332
2024-08-23 09:35:42,69000.0,500,Sell,234152018
2024-08-23 09:36:18,69000.0,300,Sell,234152750
2024-08-23 09:36:36,69000.0,500,Sell,234153329
2024-08-23 09:36:40,69000.0,500,Sell,234153431
2024-08-23 09:36:54,69000.0,3500,Sell,234153808
2024-08-23 09:37:00,69000.0,200,Sell,234153939
2024-08-23 09:37:05,69000.0,1000,Sell,234154110
2024-08-23 09:37:11,69000.0,1200,Sell,234154247
2024-08-23 09:37:15,69000.0,3000,Sell,234154345
2024-08-23 09:37:23,69000.0,1000,Sell,234154539
2024-08-23 09:37:24,69000.0,1000,Sell,234154567
2024-08-23 09:37:28,69000.0,500,Sell,234154697
2024-08-23 09:37:31,69000.0,700,Sell,234154748
2024-08-23 09:37:52,69000.0,3000,Buy,234155314
2024-08-23 09:39:10,68900.0,1000,Sell,234157041
2024-08-23 09:39:32,68900.0,200,Sell,234157505
2024-08-23 09:39:50,68900.0,100,Sell,234157833
2024-08-23 09:40:02,69000.0,100,Buy,234158036
2024-08-23 09:40:18,69000.0,100,Buy,234158312
2024-08-23 09:40:41,68900.0,2000,Sell,234158698
2024-08-23 09:40:56,68900.0,500,ATO/ATC,234159062
2024-08-23 09:40:57,68800.0,100,Sell,234159072
2024-08-23 09:42:01,68800.0,400,Sell,234160404
2024-08-23 09:42:24,68800.0,100,Sell,234160920
2024-08-23 09:42:33,68800.0,400,Sell,234161053
2024-08-23 09:42:41,68800.0,1400,Buy,234161187
2024-08-23 09:43:19,68700.0,500,Sell,234161815
2024-08-23 09:43:29,68700.0,400,Sell,234161975
2024-08-23 09:43:37,68700.0,3000,Sell,234162094
2024-08-23 09:43:50,68600.0,400,Sell,234162282
2024-08-23 09:44:00,68600.0,700,Buy,234162502
2024-08-23 09:44:16,68600.0,200,Buy,234162825
2024-08-23 09:44:17,68500.0,100,Sell,234162844
2024-08-23 09:44:52,68500.0,300,Sell,234163469
2024-08-23 09:45:00,68500.0,3800,Buy,234163611
2024-08-23 09:45:01,68500.0,1000,Buy,234163647
2024-08-23 09:45:02,68600.0,500,Buy,234163666
2024-08-23 09:45:11,68500.0,500,Buy,234163834
2024-08-23 09:45:21,68500.0,900,Sell,234164012
2024-08-23 09:45:28,68500.0,200,Sell,234164136
2024-08-23 09:45:36,68500.0,100,Buy,234164318
2024-08-23 09:45:43,68500.0,300,Buy,234164423
2024-08-23 09:45:44,68500.0,200,Sell,234164444
2024-08-23 09:46:18,68500.0,400,Sell,234165032
2024-08-23 09:47:52,68500.0,500,Sell,234166616
2024-08-23 09:47:55,68600.0,100,Buy,234166664
2024-08-23 09:48:23,68600.0,100,Buy,234167245
2024-08-23 09:48:39,68600.0,100,Buy,234167551
2024-08-23 09:48:57,68600.0,200,Buy,234167880
2024-08-23 09:49:41,68600.0,100,Buy,234168581
2024-08-23 09:49:55,68500.0,100,Sell,234168764
2024-08-23 09:50:00,68600.0,200,Buy,234168835
2024-08-23 09:50:25,68500.0,500,Sell,234169373
2024-08-23 09:50:30,68600.0,400,Buy,234169454
2024-08-23 09:50:35,68600.0,100,Buy,234169517
2024-08-23 09:50:51,68600.0,500,Buy,234169860
2024-08-23 09:50:57,68600.0,500,Buy,234169954
2024-08-23 09:51:13,68600.0,700,Buy,234170216
2024-08-23 09:53:08,68600.0,1000,Sell,234172124
2024-08-23 09:53:34,68700.0,1000,Buy,234172576
2024-08-23 09:53:40,68700.0,200,Buy,234172671
2024-08-23 09:53:47,68700.0,1000,Buy,234172805
2024-08-23 09:53:55,68600.0,400,Sell,234172915
2024-08-23 09:54:08,68600.0,500,Sell,234173265
2024-08-23 09:54:39,68600.0,500,Sell,234173805
2024-08-23 09:54:41,68700.0,300,Buy,234173815
2024-08-23 09:54:46,68700.0,100,Buy,234173943
2024-08-23 09:55:16,68700.0,200,Buy,234174610
2024-08-23 09:55:59,68700.0,400,Sell,234175432
2024-08-23 09:56:09,68700.0,100,Sell,234175561
2024-08-23 09:56:22,68700.0,200,Buy,234175793
2024-08-23 09:56:45,68700.0,100,Sell,234176181
2024-08-23 09:57:33,68700.0,700,Sell,234177198
2024-08-23 09:59:02,68600.0,300,Sell,234178853
2024-08-23 09:59:03,68600.0,400,Sell,234178862
2024-08-23 09:59:34,68700.0,200,Buy,234179572
2024-08-23 10:00:21,68700.0,200,Buy,234180860
2024-08-23 10:00:54,68600.0,2600,Sell,234181596
2024-08-23 10:01:36,68600.0,1500,Sell,234182544
2024-08-23 10:01:37,68600.0,800,Sell,234182553
2024-08-23 10:02:16,68600.0,100,Buy,234183384
2024-08-23 10:02:58,68500.0,400,Sell,234184719
2024-08-23 10:03:23,68500.0,100,Sell,234185312
2024-08-23 10:03:35,68500.0,200,Sell,234185702
2024-08-23 10:04:09,68600.0,200,Buy,234186705
2024-08-23 10:04:29,68600.0,100,Buy,234187267
2024-08-23 10:04:39,68600.0,300,Buy,234187514
2024-08-23 10:04:40,68500.0,1000,Sell,234187529
2024-08-23 10:04:44,68500.0,400,Sell,234187602
2024-08-23 10:04:52,68600.0,300,Buy,234187786
2024-08-23 10:04:53,68600.0,500,Buy,234187803
2024-08-23 10:05:36,68600.0,600,Buy,234188947
2024-08-23 10:05:37,68600.0,300,Buy,234188977
2024-08-23 10:05:48,68600.0,300,Sell,234189194
2024-08-23 10:06:11,68600.0,300,Buy,234189597
2024-08-23 10:06:21,68600.0,200,Buy,234189801
2024-08-23 10:06:33,68600.0,500,Buy,234190035
2024-08-23 10:06:44,68500.0,10000,Sell,234190304
2024-08-23 10:06:45,68600.0,400,Sell,234190314
2024-08-23 10:07:01,68600.0,100,ATO/ATC,234190622
2024-08-23 10:08:16,68600.0,100,Buy,234192186
2024-08-23 10:10:34,68600.0,600,Buy,234195266
2024-08-23 10:11:26,68500.0,1500,Sell,234196682
2024-08-23 10:11:42,68400.0,14400,Sell,234197120
2024-08-23 10:11:51,68300.0,7000,Sell,234197320
2024-08-23 10:12:07,68300.0,10000,Sell,234197597
2024-08-23 10:12:34,68400.0,400,Sell,234198352
2024-08-23 10:12:45,68400.0,600,Sell,234198723
2024-08-23 10:12:57,68400.0,500,Buy,234199053
2024-08-23 10:12:59,68300.0,100,Sell,234199122
2024-08-23 10:13:15,68300.0,100,Sell,234199609
2024-08-23 10:13:23,68300.0,400,Sell,234199821
2024-08-23 10:13:24,68400.0,1600,Buy,234199845
2024-08-23 10:13:46,68400.0,900,Sell,234200331
2024-08-23 10:13:57,68400.0,2300,Sell,234200613
2024-08-23 10:14:21,68400.0,300,Buy,234201150
2024-08-23 10:14:25,68400.0,200,Buy,234201234
2024-08-23 10:14:41,68300.0,400,Sell,234201602
2024-08-23 10:14:45,68400.0,500,Buy,234201693
2024-08-23 10:14:52,68400.0,100,Buy,234201850
2024-08-23 10:14:57,68400.0,400,Buy,234201943
2024-08-23 10:15:01,68400.0,1000,ATO/ATC,234202057
2024-08-23 10:15:23,68500.0,100,Buy,234202524
2024-08-23 10:15:42,68500.0,100,Buy,234202876
2024-08-23 10:17:12,68500.0,1000,Buy,234205072
2024-08-23 10:17:42,68500.0,100,Buy,234205742
2024-08-23 10:18:37,68400.0,400,Sell,234206646
2024-08-23 10:19:02,68400.0,200,Sell,234207098
2024-08-23 10:19:12,68400.0,1500,Sell,234207280
2024-08-23 10:19:45,68400.0,400,Sell,234207911
2024-08-23 10:19:58,68500.0,3800,Sell,234208122
2024-08-23 10:20:23,68500.0,200,Buy,234208507
2024-08-23 10:21:41,68500.0,400,Buy,234210059
2024-08-23 10:22:05,68500.0,2200,Buy,234210680
2024-08-23 10:22:09,68500.0,100,Buy,234210772
2024-08-23 10:22:41,68500.0,100,Buy,234211413
2024-08-23 10:22:46,68500.0,1600,Buy,234211493
2024-08-23 10:24:19,68600.0,5300,Sell,234213033
2024-08-23 10:24:22,68500.0,2000,Sell,234213098
2024-08-23 10:24:40,68600.0,500,Buy,234213380
2024-08-23 10:24:49,68600.0,300,Buy,234213500
2024-08-23 10:25:09,68600.0,200,ATO/ATC,234213817
2024-08-23 10:27:11,68700.0,3000,Buy,234216684
2024-08-23 10:27:18,68700.0,100,Buy,234216972
2024-08-23 10:27:22,68600.0,400,Sell,234217047
2024-08-23 10:27:24,68700.0,100,Buy,234217131
2024-08-23 10:28:32,68700.0,100,Buy,234218886
2024-08-23 10:29:13,68700.0,100,Buy,234219760
2024-08-23 10:29:34,68600.0,500,Sell,234220135
2024-08-23 10:29:40,68600.0,400,Sell,234220289
2024-08-23 10:29:41,68700.0,100,Buy,234220312
2024-08-23 10:30:10,68700.0,3400,Buy,234220848
2024-08-23 10:31:59,68700.0,400,Sell,234223042
2024-08-23 10:34:25,68700.0,100,Sell,234225401
2024-08-23 10:34:30,68800.0,200,Buy,234225453
2024-08-23 10:34:37,68700.0,2000,Sell,234225541
2024-08-23 10:35:06,68700.0,100,Sell,234225893
2024-08-23 10:35:09,68700.0,100,Sell,234225939
2024-08-23 10:35:31,68600.0,1000,Sell,234226269
2024-08-23 10:36:05,68600.0,400,Sell,234226765
2024-08-23 10:36:10,68600.0,400,Sell,234226844
2024-08-23 10:36:38,68600.0,100,Sell,234227288
2024-08-23 10:37:58,68600.0,400,Sell,234228663
2024-08-23 10:38:03,68700.0,700,Buy,234228731
2024-08-23 10:38:07,68600.0,800,Sell,234228796
2024-08-23 10:39:12,68600.0,500,Sell,234229748
2024-08-23 10:39:27,68600.0,300,Sell,234229938
2024-08-23 10:39:32,68600.0,1500,Sell,234230012
2024-08-23 10:39:35,68600.0,300,Sell,234230041
2024-08-23 10:39:37,68700.0,100,Buy,234230070
2024-08-23 10:40:26,68700.0,100,Buy,234230666
2024-08-23 10:41:06,68700.0,500,Buy,234231356
2024-08-23 10:41:54,68600.0,800,Sell,234232015
2024-08-23 10:42:17,68600.0,800,Sell,234232287
2024-08-23 10:42:23,68600.0,400,Sell,234232366
2024-08-23 10:43:34,68500.0,1600,Sell,234233344
2024-08-23 10:44:19,68500.0,300,Sell,234233903
2024-08-23 10:44:50,68500.0,400,Sell,234234328
2024-08-23 10:45:10,68500.0,1600,Sell,234234525
2024-08-23 10:45:50,68500.0,100,Sell,234235084
2024-08-23 10:46:25,68400.0,1600,Sell,234235550
2024-08-23 10:46:31,68400.0,900,Sell,234235655
2024-08-23 10:47:04,68400.0,100,Sell,234236043
2024-08-23 10:47:05,68400.0,500,Sell,234236051
2024-08-23 10:47:21,68400.0,1600,Sell,234236217
2024-08-23 10:47:45,68400.0,100,Sell,234237068
2024-08-23 10:48:22,68400.0,1600,Sell,234237664
2024-08-23 10:48:24,68400.0,100,Sell,234237719
2024-08-23 10:48:40,68400.0,1600,Sell,234237917
2024-08-23 10:49:14,68400.0,200,Sell,234238325
2024-08-23 10:49:15,68400.0,1600,Sell,234238332
2024-08-23 10:49:37,68400.0,2000,Sell,234238637
2024-08-23 10:49:47,68400.0,1600,Buy,234238755
2024-08-23 10:49:58,68400.0,100,Buy,234238884
2024-08-23 10:50:03,68400.0,1000,Buy,234238984
2024-08-23 10:50:58,68400.0,500,Buy,234239607
2024-08-23 10:51:15,68300.0,3200,Sell,234239850
2024-08-23 10:51:16,68400.0,600,Buy,234239870
2024-08-23 10:51:32,68400.0,500,Buy,234240048
2024-08-23 10:51:38,68300.0,8300,Sell,234240126
2024-08-23 10:52:03,68300.0,700,Sell,234240473
2024-08-23 10:52:41,68400.0,200,Buy,234241017
2024-08-23 10:52:46,68300.0,200,Sell,234241073
2024-08-23 10:52:51,68300.0,1600,Sell,234241108
2024-08-23 10:52:56,68400.0,500,Buy,234241213
2024-08-23 10:53:00,68300.0,1000,Sell,234241298
2024-08-23 10:53:06,68400.0,3300,Buy,234241357
2024-08-23 10:53:16,68400.0,1000,Buy,234241437
2024-08-23 10:53:51,68300.0,100,Sell,234241841
2024-08-23 10:54:08,68300.0,500,Sell,234242036
2024-08-23 10:54:41,68300.0,3200,Sell,234242386
2024-08-23 10:55:12,68300.0,500,Sell,234242757
2024-08-23 10:55:24,68300.0,200,Sell,234242965
2024-08-23 10:55:42,68300.0,3200,Sell,234243206
2024-08-23 10:55:45,68300.0,1000,Sell,234243236
2024-08-23 10:56:36,68300.0,200,Sell,234243882
2024-08-23 10:57:13,68300.0,3200,Sell,234244297
2024-08-23 10:57:44,68400.0,3000,Buy,234244732
2024-08-23 10:58:09,68300.0,2000,Sell,234245079
2024-08-23 10:58:18,68300.0,3000,Sell,234245189
2024-08-23 10:58:23,68400.0,100,Buy,234245251
2024-08-23 10:58:27,68300.0,3200,Sell,234245318
2024-08-23 10:59:26,68300.0,2000,Sell,234246240
2024-08-23 10:59:51,68300.0,1000,Sell,234246545
2024-08-23 11:00:55,68300.0,3200,Sell,234247313
2024-08-23 11:01:06,68300.0,10000,Sell,234247606
2024-08-23 11:01:25,68300.0,2200,Buy,234247917
2024-08-23 11:01:30,68300.0,800,Sell,234247972
2024-08-23 11:01:44,68300.0,1600,Sell,234248114
2024-08-23 11:01:45,68300.0,1000,Sell,234248122
2024-08-23 11:02:06,68300.0,800,Sell,234248369
2024-08-23 11:02:15,68300.0,100,Buy,234248484
2024-08-23 11:02:16,68300.0,100,Sell,234248499
2024-08-23 11:02:34,68300.0,500,Sell,234248710
2024-08-23 11:03:20,68400.0,100,Buy,234249239
2024-08-23 11:03:22,68300.0,200,Sell,234249289
2024-08-23 11:03:40,68300.0,500,Sell,234249575
2024-08-23 11:04:53,68400.0,100,Buy,234250750
2024-08-23 11:05:07,68400.0,300,Buy,234250919
2024-08-23 11:05:10,68300.0,3200,Sell,234250951
2024-08-23 11:05:14,68400.0,900,Buy,234250976
2024-08-23 11:05:28,68300.0,600,Buy,234251130
2024-08-23 11:05:29,68300.0,200,Buy,234251137
2024-08-23 11:05:39,68300.0,300,Sell,234251274
2024-08-23 11:06:43,68300.0,100,Buy,234252287
2024-08-23 11:06:44,68300.0,1000,Buy,234252305
2024-08-23 11:06:53,68300.0,1000,Buy,234252466
2024-08-23 11:07:45,68300.0,1000,Buy,234253635
2024-08-23 11:08:02,68300.0,900,Buy,234253939
2024-08-23 11:08:03,68300.0,100,Buy,234253952
2024-08-23 11:08:05,68300.0,200,Buy,234253987
2024-08-23 11:08:17,68200.0,3200,Sell,234254160
2024-08-23 11:08:45,68300.0,200,Buy,234254658
2024-08-23 11:08:49,68200.0,600,Sell,234254769
2024-08-23 11:09:57,68200.0,3200,Sell,234255964
2024-08-23 11:09:59,68300.0,100,Buy,234256034
2024-08-23 11:11:37,68200.0,3200,Sell,234257775
2024-08-23 11:11:38,68300.0,100,Buy,234257789
2024-08-23 11:11:41,68200.0,400,Sell,234257846
2024-08-23 11:12:41,68200.0,100,Sell,234258825
2024-08-23 11:12:58,68200.0,3000,Sell,234259155
2024-08-23 11:13:08,68200.0,2000,Sell,234259375
2024-08-23 11:13:17,68200.0,1000,Sell,234259588
2024-08-23 11:13:55,68200.0,200,Sell,234260290
2024-08-23 11:14:14,68200.0,100,Sell,234260760
2024-08-23 11:14:17,68200.0,3200,Sell,234260793
2024-08-23 11:14:28,68200.0,5000,Sell,234261068
2024-08-23 11:14:32,68200.0,100,Sell,234261182
2024-08-23 11:14:45,68200.0,3000,Sell,234261401
2024-08-23 11:14:47,68200.0,1000,Sell,234261517
2024-08-23 11:14:52,68200.0,13900,Sell,234261609
2024-08-23 11:15:07,68100.0,1600,Sell,234261879
2024-08-23 11:16:11,68200.0,100,Buy,234263458
2024-08-23 11:16:12,68100.0,200,Sell,234263467
2024-08-23 11:16:20,68200.0,500,Buy,234263708
2024-08-23 11:16:27,68100.0,7300,Sell,234263853
2024-08-23 11:16:55,68100.0,3600,Sell,234264830
2024-08-23 11:17:00,68100.0,3000,Sell,234264937
2024-08-23 11:17:39,68100.0,800,Sell,234265869
2024-08-23 11:17:41,68100.0,300,Sell,234265899
2024-08-23 11:17:58,68100.0,2000,Sell,234266288
2024-08-23 11:18:21,68100.0,400,Sell,234266773
2024-08-23 11:18:33,68100.0,500,Sell,234267058
2024-08-23 11:18:53,68100.0,500,Sell,234267484
2024-08-23 11:18:58,68100.0,100,Sell,234267583
2024-08-23 11:19:00,68100.0,100,Sell,234267634
2024-08-23 11:19:08,68100.0,800,Sell,234267733
2024-08-23 11:19:12,68100.0,400,Sell,234267834
2024-08-23 11:19:25,68100.0,400,Sell,234268098
2024-08-23 11:19:30,68100.0,400,Sell,234268228
2024-08-23 11:19:41,68100.0,1200,Sell,234268451
2024-08-23 11:20:05,68100.0,100,Sell,234268923
2024-08-23 11:20:06,68100.0,1000,Sell,234268941
2024-08-23 11:20:30,68100.0,6000,Sell,234269372
2024-08-23 11:20:38,68200.0,200,Buy,234269581
2024-08-23 11:20:44,68100.0,500,Sell,234269669
2024-08-23 11:21:17,68100.0,2300,Sell,234270409
2024-08-23 11:21:33,68100.0,700,Sell,234270794
2024-08-23 11:21:49,68100.0,400,Sell,234271202
2024-08-23 11:21:58,68200.0,100,Buy,234271455
2024-08-23 11:22:01,68100.0,100,Sell,234271525
2024-08-23 11:22:05,68200.0,100,Buy,234271620
2024-08-23 11:22:18,68200.0,3000,Buy,234272034
2024-08-23 11:22:35,68200.0,2100,Buy,234272449
2024-08-23 11:22:39,68200.0,500,Buy,234272535
2024-08-23 11:22:54,68200.0,200,Buy,234272872
2024-08-23 11:23:04,68200.0,100,Buy,234273135
2024-08-23 11:23:09,68200.0,200,Buy,234273274
2024-08-23 11:23:31,68200.0,1000,Buy,234273864
2024-08-23 11:23:38,68200.0,100,Buy,234273994
2024-08-23 11:23:39,68200.0,300,Buy,234274020
2024-08-23 11:23:42,68200.0,100,Buy,234274181
2024-08-23 11:23:48,68200.0,300,Buy,234274376
2024-08-23 11:24:02,68200.0,100,Buy,234274884
2024-08-23 11:24:03,68200.0,100,Buy,234274892
2024-08-23 11:24:13,68200.0,100,Buy,234275102
2024-08-23 11:24:16,68200.0,100,Buy,234275152
2024-08-23 11:24:29,68200.0,200,Buy,234275362
2024-08-23 11:24:34,68200.0,100,Buy,234275440
2024-08-23 11:24:37,68200.0,500,Buy,234275508
2024-08-23 11:24:42,68200.0,100,Buy,234275592
2024-08-23 11:25:10,68200.0,100,Buy,234276378
2024-08-23 11:25:13,68200.0,200,Buy,234276452
2024-08-23 11:26:11,68100.0,100,Sell,234277592
2024-08-23 11:26:25,68100.0,100,Sell,234277840
2024-08-23 11:26:50,68200.0,100,Buy,234278443
2024-08-23 11:27:24,68200.0,2000,Buy,234279606
2024-08-23 11:27:32,68100.0,100,Sell,234279741
2024-08-23 11:27:36,68200.0,500,Buy,234279807
2024-08-23 11:27:50,68200.0,100,Buy,234280087
2024-08-23 11:27:53,68200.0,200,Buy,234280203
2024-08-23 11:28:04,68200.0,100,Buy,234280402
2024-08-23 11:28:48,68200.0,300,Buy,234281315
2024-08-23 11:29:14,68200.0,100,Buy,234281799
2024-08-23 11:29:19,68200.0,500,Buy,234282095
2024-08-23 11:29:27,68200.0,100,Buy,234282268
2024-08-23 11:29:33,68200.0,500,Buy,234282414
2024-08-23 12:59:58,68100.0,5000,Sell,234284414
2024-08-23 13:00:00,68100.0,3500,Sell,234285071
2024-08-23 13:00:03,68000.0,14500,Sell,234285726
2024-08-23 13:00:05,68100.0,4600,Buy,234285953
2024-08-23 13:00:08,68100.0,1000,Buy,234286567
2024-08-23 13:00:35,68000.0,10000,Sell,234288673
2024-08-23 13:00:39,68000.0,900,Sell,234288895
2024-08-23 13:00:40,68100.0,1000,Buy,234288973
2024-08-23 13:00:42,68000.0,300,Sell,234289114
2024-08-23 13:00:50,68000.0,200,Sell,234289299
2024-08-23 13:00:55,68000.0,100,Sell,234289558
2024-08-23 13:01:01,68000.0,2000,Sell,234289800
2024-08-23 13:01:02,68000.0,6500,Sell,234289822
2024-08-23 13:01:18,68000.0,1600,Sell,234290269
2024-08-23 13:01:19,68000.0,200,Sell,234290358
2024-08-23 13:01:22,68000.0,1600,Sell,234290425
2024-08-23 13:01:23,68000.0,600,Sell,234290457
2024-08-23 13:01:24,68000.0,500,Sell,234290488
2024-08-23 13:01:35,68000.0,700,Sell,234290965
2024-08-23 13:01:39,68100.0,200,Buy,234291109
2024-08-23 13:01:52,68100.0,500,Buy,234291583
2024-08-23 13:01:58,68100.0,500,Buy,234291776
2024-08-23 13:02:08,68000.0,200,Sell,234292008
2024-08-23 13:02:33,68000.0,500,Sell,234292687
2024-08-23 13:02:38,68000.0,700,Sell,234292814
2024-08-23 13:02:39,68100.0,4000,Buy,234292828
2024-08-23 13:02:54,68000.0,5000,Sell,234293226
2024-08-23 13:03:00,68100.0,100,Buy,234293352
2024-08-23 13:03:18,68100.0,2000,Buy,234293842
2024-08-23 13:03:23,68100.0,500,Buy,234293964
2024-08-23 13:03:31,68100.0,200,Buy,234294256
2024-08-23 13:03:33,68000.0,100,Sell,234294301
2024-08-23 13:03:40,68100.0,500,Buy,234294539
2024-08-23 13:03:58,68000.0,3900,Sell,234295051
2024-08-23 13:04:03,68000.0,100,Sell,234295165
2024-08-23 13:04:13,68000.0,200,Sell,234295435
2024-08-23 13:04:14,68000.0,100,Sell,234295452
2024-08-23 13:04:20,68000.0,700,Sell,234295648
2024-08-23 13:04:25,68000.0,2000,Sell,234295793
2024-08-23 13:04:27,68100.0,200,Buy,234295831
2024-08-23 13:04:28,68000.0,400,Sell,234295857
2024-08-23 13:04:29,68000.0,4400,Sell,234295911
2024-08-23 13:04:32,68000.0,1000,Sell,234295996
2024-08-23 13:04:33,68000.0,3500,Sell,234296051
2024-08-23 13:04:36,68000.0,1500,Sell,234296226
2024-08-23 13:04:38,68000.0,6500,Sell,234296282
2024-08-23 13:04:42,68000.0,4500,Sell,234296428
2024-08-23 13:04:43,68000.0,500,Sell,234296459
2024-08-23 13:04:46,68000.0,3000,Sell,234296558
2024-08-23 13:04:54,68000.0,500,Sell,234296913
2024-08-23 13:04:58,68100.0,1500,Buy,234297033
2024-08-23 13:05:00,68000.0,200,Sell,234297072
2024-08-23 13:05:03,68000.0,1500,Buy,234297135
2024-08-23 13:05:05,68000.0,1000,Sell,234297195
2024-08-23 13:05:16,68000.0,100,Sell,234297824
2024-08-23 13:05:19,68000.0,500,Sell,234297892
2024-08-23 13:05:27,68000.0,100,Sell,234298216
2024-08-23 13:05:46,68000.0,1000,Sell,234299014
2024-08-23 13:05:51,68000.0,2000,Sell,234299176
2024-08-23 13:05:56,68100.0,1500,Buy,234299327
2024-08-23 13:06:06,68100.0,500,Buy,234299678
2024-08-23 13:06:16,68100.0,500,Buy,234300105
2024-08-23 13:06:30,68000.0,4500,Sell,234300563
2024-08-23 13:06:33,68000.0,700,Sell,234300611
2024-08-23 13:06:35,68000.0,1100,Sell,234300671
2024-08-23 13:06:42,68100.0,300,Buy,234300994
2024-08-23 13:06:50,68000.0,300,Sell,234301231
2024-08-23 13:06:51,68100.0,100,Buy,234301257
2024-08-23 13:07:05,68000.0,5400,Sell,234301725
2024-08-23 13:07:06,68100.0,1100,Buy,234301738
2024-08-23 13:07:12,68100.0,300,Buy,234301942
2024-08-23 13:07:14,68100.0,300,Buy,234301990
2024-08-23 13:07:16,68000.0,1000,Sell,234302056
2024-08-23 13:07:21,68100.0,100,Buy,234302230
2024-08-23 13:07:24,68100.0,100,Buy,234302316
2024-08-23 13:07:25,68000.0,2300,Sell,234302338
2024-08-23 13:07:33,68000.0,100,Sell,234302531
2024-08-23 13:07:35,68100.0,200,Buy,234302622
2024-08-23 13:07:43,68100.0,2000,Buy,234302863
2024-08-23 13:08:23,68200.0,100,Buy,234304007
2024-08-23 13:08:59,68100.0,1000,Sell,234305567
2024-08-23 13:09:03,68200.0,1300,Buy,234305663
2024-08-23 13:09:06,68200.0,1000,Buy,234305806
2024-08-23 13:09:07,68100.0,700,Sell,234305877
2024-08-23 13:09:12,68200.0,2000,Buy,234306208
2024-08-23 13:09:14,68100.0,700,Sell,234306272
2024-08-23 13:09:46,68200.0,200,Buy,234307548
2024-08-23 13:09:58,68200.0,300,Buy,234308021
2024-08-23 13:10:04,68200.0,1000,Buy,234308227
2024-08-23 13:10:08,68100.0,700,Sell,234308357
2024-08-23 13:10:10,68200.0,3300,Sell,234308426
2024-08-23 13:10:21,68200.0,2500,Sell,234308827
2024-08-23 13:10:22,68300.0,100,Buy,234308870
2024-08-23 13:10:55,68200.0,600,Sell,234310577
2024-08-23 13:11:10,68200.0,3300,Buy,234311370
2024-08-23 13:11:18,68200.0,200,Buy,234311766
2024-08-23 13:11:22,68200.0,100,Buy,234311930
2024-08-23 13:11:27,68100.0,100,Sell,234312125
2024-08-23 13:11:37,68200.0,300,Buy,234312526
2024-08-23 13:11:47,68200.0,100,Buy,234312914
2024-08-23 13:12:02,68100.0,3000,Sell,234313420
2024-08-23 13:12:03,68100.0,700,Sell,234313437
2024-08-23 13:12:09,68100.0,500,Sell,234313712
2024-08-23 13:12:22,68200.0,1000,Buy,234314230
2024-08-23 13:12:26,68100.0,200,Sell,234314380
2024-08-23 13:12:35,68100.0,6700,Sell,234314652
2024-08-23 13:12:58,68000.0,7600,Sell,234315355
2024-08-23 13:13:01,68100.0,100,Buy,234315465
2024-08-23 13:13:05,68100.0,200,Sell,234315578
2024-08-23 13:13:13,68100.0,500,Sell,234315789
2024-08-23 13:13:37,68100.0,100,Sell,234316459
2024-08-23 13:13:41,68100.0,700,Sell,234316618
2024-08-23 13:14:31,68200.0,3600,Buy,234318357
2024-08-23 13:14:36,68200.0,200,Buy,234318556
2024-08-23 13:14:47,68100.0,700,Sell,234319117
2024-08-23 13:14:53,68200.0,300,Buy,234319273
2024-08-23 13:15:05,68100.0,500,Sell,234319716
2024-08-23 13:15:12,68100.0,300,Sell,234319935
2024-08-23 13:15:22,68100.0,700,Sell,234320258
2024-08-23 13:15:49,68100.0,100,Sell,234321109
2024-08-23 13:15:56,68100.0,100,Sell,234321296
2024-08-23 13:16:53,68100.0,700,Sell,234322955
2024-08-23 13:17:04,68100.0,1000,Sell,234323255
2024-08-23 13:17:06,68200.0,100,Buy,234323306
2024-08-23 13:17:24,68200.0,600,Buy,234323851
2024-08-23 13:17:30,68200.0,100,Buy,234324010
2024-08-23 13:17:39,68200.0,1400,Sell,234324194
2024-08-23 13:17:57,68300.0,100,Buy,234324612
2024-08-23 13:18:14,68300.0,100,Buy,234325025
2024-08-23 13:18:23,68200.0,700,Sell,234325275
2024-08-23 13:19:17,68200.0,100,Sell,234326829
2024-08-23 13:19:56,68200.0,700,Sell,234327985
2024-08-23 13:19:58,68300.0,1000,Buy,234328051
2024-08-23 13:20:17,68300.0,1000,Buy,234328574
2024-08-23 13:20:18,68300.0,200,Buy,234328587
2024-08-23 13:20:24,68300.0,300,Buy,234328739
2024-08-23 13:20:25,68300.0,100,Buy,234328771
2024-08-23 13:20:39,68300.0,800,Buy,234329131
2024-08-23 13:21:01,68300.0,2900,Sell,234329778
2024-08-23 13:21:26,68200.0,700,Sell,234330485
2024-08-23 13:22:03,68200.0,300,Sell,234331651
2024-08-23 13:22:05,68200.0,1000,Sell,234331780
2024-08-23 13:22:19,68300.0,1000,Sell,234332074
2024-08-23 13:22:25,68300.0,700,Sell,234332210
2024-08-23 13:23:03,68300.0,1000,Buy,234333308
2024-08-23 13:23:43,68300.0,1000,Buy,234334392
2024-08-23 13:23:49,68300.0,200,Buy,234334499
2024-08-23 13:23:51,68200.0,100,Sell,234334819
2024-08-23 13:24:02,68200.0,700,Sell,234335150
2024-08-23 13:24:10,68300.0,400,Buy,234335469
2024-08-23 13:24:35,68300.0,100,Buy,234336253
2024-08-23 13:24:45,68300.0,500,Buy,234336527
2024-08-23 13:25:07,68200.0,700,Sell,234337221
2024-08-23 13:25:12,68300.0,100,Buy,234337352
2024-08-23 13:25:48,68300.0,1800,Buy,234338302
2024-08-23 13:25:52,68300.0,500,Buy,234338436
2024-08-23 13:26:01,68300.0,1300,Sell,234338680
2024-08-23 13:26:32,68300.0,1500,Sell,234339579
2024-08-23 13:26:40,68200.0,700,Sell,234339731
2024-08-23 13:26:54,68300.0,1000,Buy,234340071
2024-08-23 13:27:59,68200.0,100,Sell,234341631
2024-08-23 13:28:12,68200.0,700,Sell,234341928
2024-08-23 13:28:41,68200.0,100,Sell,234342707
2024-08-23 13:28:50,68200.0,200,Sell,234342929
2024-08-23 13:29:01,68200.0,1000,Sell,234343178
2024-08-23 13:29:23,68300.0,100,Buy,234343779
2024-08-23 13:29:31,68300.0,1000,Buy,234344036
2024-08-23 13:29:36,68300.0,100,Buy,234344369
2024-08-23 13:29:37,68300.0,100,Buy,234344423
2024-08-23 13:29:53,68200.0,700,Sell,234344961
2024-08-23 13:30:02,68300.0,500,Buy,234345283
2024-08-23 13:30:17,68300.0,200,Buy,234345888
2024-08-23 13:30:24,68300.0,100,Buy,234346102
2024-08-23 13:30:30,68300.0,200,Buy,234346284
2024-08-23 13:30:40,68300.0,600,Buy,234346732
2024-08-23 13:30:53,68300.0,100,ATO/ATC,234347329
2024-08-23 13:31:03,68300.0,700,ATO/ATC,234347797
2024-08-23 13:31:16,68300.0,700,Sell,234348379
2024-08-23 13:31:29,68300.0,300,Sell,234348998
2024-08-23 13:31:58,68300.0,500,Sell,234350672
2024-08-23 13:32:32,68300.0,500,Sell,234352957
2024-08-23 13:32:45,68300.0,1700,Sell,234353807
2024-08-23 13:32:56,68300.0,1200,ATO/ATC,234354554
2024-08-23 13:33:52,68200.0,600,Sell,234358305
2024-08-23 13:34:09,68300.0,700,Buy,234359580
2024-08-23 13:34:20,68200.0,9300,Sell,234360343
2024-08-23 13:34:33,68300.0,200,Sell,234361060
2024-08-23 13:34:34,68200.0,700,Sell,234361114
2024-08-23 13:34:51,68300.0,100,Sell,234362309
2024-08-23 13:35:08,68300.0,200,Sell,234363098
2024-08-23 13:35:13,68300.0,1000,Sell,234363346
2024-08-23 13:36:00,68300.0,700,Sell,234365834
2024-08-23 13:36:03,68300.0,4000,Sell,234365994
2024-08-23 13:36:18,68300.0,500,Sell,234366925
2024-08-23 13:36:55,68300.0,500,Sell,234368724
2024-08-23 13:36:56,68300.0,700,Sell,234368769
2024-08-23 13:37:00,68300.0,4000,Sell,234368923
2024-08-23 13:37:09,68400.0,900,Buy,234369388
2024-08-23 13:37:10,68300.0,100,Sell,234369440
2024-08-23 13:37:27,68400.0,2000,Buy,234370303
2024-08-23 13:37:45,68400.0,200,Buy,234371270
2024-08-23 13:37:48,68400.0,1000,Buy,234371378
2024-08-23 13:38:03,68400.0,1000,Buy,234372381
2024-08-23 13:38:04,68300.0,700,Sell,234372426
2024-08-23 13:38:09,68400.0,400,Buy,234372716
2024-08-23 13:38:19,68400.0,900,Buy,234373217
2024-08-23 13:38:22,68300.0,1000,Sell,234373401
2024-08-23 13:38:27,68300.0,1000,Sell,234373588
2024-08-23 13:39:08,68300.0,700,Sell,234375155
2024-08-23 13:39:15,68300.0,100,Sell,234375531
2024-08-23 13:39:27,68300.0,2400,Sell,234376090
2024-08-23 13:39:32,68300.0,500,Sell,234376304
2024-08-23 13:39:39,68300.0,300,Sell,234376536
2024-08-23 13:39:44,68300.0,100,Sell,234376795
2024-08-23 13:40:02,68300.0,700,Sell,234377384
2024-08-23 13:40:07,68300.0,600,Sell,234377627
2024-08-23 13:40:16,68300.0,1400,Buy,234377971
2024-08-23 13:40:21,68300.0,100,Buy,234378312
2024-08-23 13:40:39,68300.0,1000,ATO/ATC,234379079
2024-08-23 13:41:00,68200.0,1100,Sell,234379868
2024-08-23 13:41:18,68200.0,700,Sell,234380558
2024-08-23 13:41:20,68200.0,500,Sell,234380622
2024-08-23 13:41:21,68300.0,500,Buy,234380676
2024-08-23 13:41:24,68200.0,2800,Sell,234380784
2024-08-23 13:41:36,68200.0,200,Buy,234381247
2024-08-23 13:41:48,68200.0,500,Buy,234381737
2024-08-23 13:42:00,68200.0,200,Sell,234382140
2024-08-23 13:42:04,68100.0,700,Sell,234382338
2024-08-23 13:42:22,68200.0,100,Buy,234382842
2024-08-23 13:43:01,68200.0,1400,Buy,234384032
2024-08-23 13:43:10,68200.0,100,Buy,234384345
2024-08-23 13:43:37,68200.0,500,Buy,234385327
2024-08-23 13:43:47,68200.0,1000,Buy,234385680
2024-08-23 13:44:02,68200.0,5200,Sell,234386185
2024-08-23 13:44:15,68200.0,700,ATO/ATC,234386522
2024-08-23 13:44:26,68200.0,100,Buy,234386896
2024-08-23 13:44:34,68200.0,1000,Buy,234387210
2024-08-23 13:45:10,68200.0,1000,Buy,234388239
2024-08-23 13:45:17,68200.0,200,Buy,234388456
2024-08-23 13:45:21,68200.0,3800,Buy,234388641
2024-08-23 13:45:22,68200.0,500,Sell,234388697
2024-08-23 13:45:23,68200.0,100,Sell,234388732
2024-08-23 13:45:28,68200.0,600,Buy,234388877
2024-08-23 13:45:29,68200.0,500,Buy,234388911
2024-08-23 13:45:33,68200.0,200,Buy,234389011
2024-08-23 13:45:37,68100.0,1100,Sell,234389157
2024-08-23 13:45:44,68200.0,100,Buy,234389417
2024-08-23 13:45:56,68200.0,500,Buy,234389858
2024-08-23 13:46:02,68100.0,500,Sell,234390125
2024-08-23 13:46:13,68200.0,1000,Buy,234390498
2024-08-23 13:46:19,68100.0,300,Sell,234390666
2024-08-23 13:46:38,68200.0,5000,Buy,234391265
2024-08-23 13:47:02,68200.0,500,Buy,234391997
2024-08-23 13:47:04,68100.0,500,Sell,234392031
2024-08-23 13:47:10,68200.0,100,Buy,234392172
2024-08-23 13:47:16,68100.0,1000,Sell,234392418
2024-08-23 13:47:40,68200.0,400,Sell,234393154
2024-08-23 13:47:50,68200.0,100,Sell,234393451
2024-08-23 13:47:54,68200.0,1400,Sell,234393604
2024-08-23 13:48:06,68200.0,3000,Sell,234393908
2024-08-23 13:48:22,68200.0,1000,Sell,234394362
2024-08-23 13:48:40,68200.0,500,Sell,234394983
2024-08-23 13:48:56,68200.0,500,Sell,234395379
2024-08-23 13:49:03,68200.0,200,Sell,234395684
2024-08-23 13:49:20,68200.0,100,Sell,234396131
2024-08-23 13:49:51,68200.0,500,Sell,234397161
2024-08-23 13:50:02,68200.0,300,Sell,234397553
2024-08-23 13:50:29,68200.0,200,Sell,234398465
2024-08-23 13:50:35,68200.0,11400,Buy,234398644
2024-08-23 13:50:55,68100.0,500,Sell,234399157
2024-08-23 13:51:21,68100.0,400,Sell,234399848
2024-08-23 13:51:27,68100.0,1000,Sell,234399996
2024-08-23 13:51:30,68100.0,1000,Sell,234400105
2024-08-23 13:51:43,68200.0,1000,Buy,234400498
2024-08-23 13:51:44,68100.0,500,Sell,234400514
2024-08-23 13:51:45,68200.0,1000,Buy,234400551
2024-08-23 13:51:46,68100.0,1000,Sell,234400565
2024-08-23 13:51:47,68200.0,1000,Buy,234400625
2024-08-23 13:51:53,68200.0,1000,Buy,234400806
2024-08-23 13:52:00,68200.0,200,Buy,234400989
2024-08-23 13:52:48,68200.0,500,Buy,234402347
2024-08-23 13:52:59,68100.0,200,Sell,234402701
2024-08-23 13:53:10,68200.0,100,Buy,234402928
2024-08-23 13:53:13,68200.0,100,Buy,234402984
2024-08-23 13:53:20,68200.0,4300,Sell,234403273
2024-08-23 13:53:24,68200.0,900,Buy,234403383
2024-08-23 13:53:33,68200.0,1000,Buy,234403712
2024-08-23 13:54:06,68200.0,500,Sell,234404457
2024-08-23 13:54:22,68200.0,300,Sell,234404867
2024-08-23 13:54:28,68200.0,800,Sell,234405009
2024-08-23 13:54:38,68200.0,5600,Sell,234405293
2024-08-23 13:54:41,68200.0,200,Buy,234405350
2024-08-23 13:55:05,68200.0,200,Buy,234406066
2024-08-23 13:55:22,68200.0,100,Buy,234406432
2024-08-23 13:55:48,68100.0,300,Sell,234407123
2024-08-23 13:55:50,68200.0,500,Buy,234407205
2024-08-23 13:56:07,68200.0,1000,Buy,234407715
2024-08-23 13:56:12,68200.0,700,Buy,234407832
2024-08-23 13:56:13,68200.0,300,Buy,234407846
2024-08-23 13:56:15,68200.0,900,Buy,234407898
2024-08-23 13:56:16,68200.0,1100,Buy,234407922
2024-08-23 13:56:27,68200.0,1000,Buy,234408155
2024-08-23 13:56:28,68200.0,1100,Buy,234408178
2024-08-23 13:56:59,68200.0,700,Sell,234408950
2024-08-23 13:57:37,68200.0,300,Sell,234409937
2024-08-23 13:58:09,68200.0,4700,Sell,234410723
2024-08-23 13:58:13,68200.0,300,Sell,234410812
2024-08-23 13:58:32,68200.0,100,Sell,234411301
2024-08-23 13:58:34,68200.0,100,Buy,234411357
2024-08-23 13:58:38,68200.0,200,Buy,234411457
2024-08-23 13:58:40,68200.0,300,Sell,234411514
2024-08-23 13:58:50,68200.0,800,Sell,234411764
2024-08-23 13:58:56,68200.0,200,Buy,234411911
2024-08-23 13:59:09,68200.0,200,Buy,234412415
2024-08-23 13:59:50,68100.0,500,Sell,234413558
2024-08-23 14:00:23,68100.0,100,Sell,234414430
2024-08-23 14:00:29,68100.0,700,Sell,234414627
2024-08-23 14:00:34,68100.0,500,Sell,234414753
2024-08-23 14:00:37,68100.0,200,Sell,234414858
2024-08-23 14:01:22,68100.0,28200,Buy,234415986
2024-08-23 14:01:39,68000.0,500,Sell,234416394
2024-08-23 14:01:54,68000.0,100,Sell,234416955
2024-08-23 14:01:56,68100.0,1000,Buy,234417006
2024-08-23 14:02:14,68100.0,800,Buy,234417479
2024-08-23 14:02:16,68100.0,1000,Buy,234417542
2024-08-23 14:02:22,68100.0,1000,Buy,234417773
2024-08-23 14:02:34,68100.0,200,Buy,234418062
2024-08-23 14:02:35,68100.0,1000,Buy,234418074
2024-08-23 14:02:36,68000.0,500,Sell,234418097
2024-08-23 14:02:38,68100.0,500,Buy,234418151
2024-08-23 14:02:40,68100.0,1000,Buy,234418220
2024-08-23 14:02:43,68100.0,400,Sell,234418327
2024-08-23 14:02:48,68100.0,600,Buy,234418463
2024-08-23 14:02:53,68100.0,600,Sell,234418562
2024-08-23 14:02:56,68100.0,900,Sell,234418631
2024-08-23 14:03:01,68100.0,100,Sell,234418743
2024-08-23 14:03:21,68200.0,200,Buy,234419215
2024-08-23 14:03:39,68200.0,200,Buy,234419622
2024-08-23 14:03:52,68100.0,900,Sell,234419867
2024-08-23 14:04:17,68100.0,200,Sell,234420542
2024-08-23 14:04:44,68100.0,900,Sell,234421307
2024-08-23 14:04:49,68100.0,2300,Sell,234421477
2024-08-23 14:04:57,68100.0,2000,Sell,234421703
2024-08-23 14:04:59,68100.0,300,Sell,234421810
2024-08-23 14:05:03,68100.0,1000,Sell,234421889
2024-08-23 14:05:24,68100.0,900,Sell,234422305
2024-08-23 14:05:45,68100.0,1000,Sell,234423129
2024-08-23 14:05:54,68100.0,900,Sell,234423324
2024-08-23 14:05:59,68100.0,1000,Sell,234423500
2024-08-23 14:07:00,68100.0,900,Sell,234425394
2024-08-23 14:07:01,68100.0,10000,Sell,234425507
2024-08-23 14:07:02,68100.0,1000,Sell,234425593
2024-08-23 14:07:21,68100.0,4000,Buy,234426327
2024-08-23 14:07:40,68100.0,500,Buy,234427046
2024-08-23 14:07:44,68100.0,800,Buy,234427244
2024-08-23 14:07:49,68100.0,200,Buy,234427460
2024-08-23 14:07:52,68100.0,1000,Buy,234427577
2024-08-23 14:08:17,68000.0,4900,Sell,234428267
2024-08-23 14:08:44,68000.0,5000,Sell,234429095
2024-08-23 14:08:46,68000.0,900,Sell,234429144
2024-08-23 14:08:50,68100.0,1000,Buy,234429343
2024-08-23 14:09:03,68000.0,2000,Sell,234429748
2024-08-23 14:09:05,68000.0,1000,Sell,234429802
2024-08-23 14:09:10,68000.0,1000,Sell,234429891
2024-08-23 14:09:13,68000.0,700,Sell,234430033
2024-08-23 14:09:20,68000.0,1000,Sell,234430253
2024-08-23 14:09:25,68000.0,1400,Sell,234430422
2024-08-23 14:09:29,68000.0,3000,Sell,234430617
2024-08-23 14:09:35,68100.0,700,Buy,234430781
2024-08-23 14:09:43,68100.0,100,Buy,234431090
2024-08-23 14:09:46,68000.0,900,Sell,234431267
2024-08-23 14:09:55,68100.0,300,Buy,234431702
2024-08-23 14:10:11,68000.0,500,Sell,234432323
2024-08-23 14:10:13,68100.0,200,Buy,234432382
2024-08-23 14:10:31,68000.0,300,Sell,234433145
2024-08-23 14:10:51,68000.0,700,Sell,234433971
2024-08-23 14:11:14,68000.0,200,Sell,234434791
2024-08-23 14:11:22,68000.0,1100,Sell,234435118
2024-08-23 14:11:24,68100.0,100,Buy,234435229
2024-08-23 14:11:28,68100.0,100,Buy,234435369
2024-08-23 14:11:34,68100.0,100,Buy,234435615
2024-08-23 14:11:46,68100.0,200,Buy,234436045
2024-08-23 14:11:49,68000.0,700,Sell,234436115
2024-08-23 14:12:03,68000.0,2100,Sell,234436627
2024-08-23 14:12:26,68000.0,3000,Sell,234437508
2024-08-23 14:12:40,68000.0,100,Sell,234437908
2024-08-23 14:12:47,68000.0,500,Sell,234438124
2024-08-23 14:12:49,68000.0,2000,Sell,234438149
2024-08-23 14:13:00,68000.0,2100,Sell,234438609
2024-08-23 14:13:02,68000.0,600,Sell,234438683
2024-08-23 14:13:04,68000.0,8000,Sell,234438739
2024-08-23 14:13:06,68100.0,3500,Buy,234438782
2024-08-23 14:13:08,68000.0,500,Sell,234438816
2024-08-23 14:13:18,68000.0,4000,Sell,234439103
2024-08-23 14:13:26,68000.0,2300,Sell,234439365
2024-08-23 14:13:50,68000.0,500,Sell,234440165
2024-08-23 14:13:56,68000.0,500,Sell,234440314
2024-08-23 14:14:04,68000.0,6000,Sell,234440628
2024-08-23 14:14:12,68000.0,500,Sell,234441048
2024-08-23 14:14:20,68000.0,100,Sell,234441333
2024-08-23 14:14:31,68000.0,6900,Sell,234441938
2024-08-23 14:14:40,68000.0,500,Sell,234442197
2024-08-23 14:14:50,68100.0,300,Buy,234442588
2024-08-23 14:14:54,68000.0,500,Sell,234442791
2024-08-23 14:15:04,68100.0,100,Buy,234443095
2024-08-23 14:15:12,68100.0,100,Buy,234443388
2024-08-23 14:15:13,68100.0,400,Buy,234443418
2024-08-23 14:15:14,68100.0,200,Buy,234443457
2024-08-23 14:15:29,68100.0,200,Buy,234443817
2024-08-23 14:15:31,68100.0,500,Buy,234443851
2024-08-23 14:15:32,68100.0,100,Buy,234443889
2024-08-23 14:15:38,68100.0,1000,Buy,234444442
2024-08-23 14:15:40,68100.0,400,Buy,234444528
2024-08-23 14:15:41,68100.0,500,Buy,234444563
2024-08-23 14:15:47,68100.0,300,Buy,234445129
2024-08-23 14:15:51,68100.0,100,Buy,234445302
2024-08-23 14:15:53,68100.0,300,Buy,234445348
2024-08-23 14:15:57,68000.0,700,Sell,234445469
2024-08-23 14:16:00,68100.0,900,Buy,234445583
2024-08-23 14:16:04,68100.0,200,Buy,234445748
2024-08-23 14:16:05,68100.0,2000,Buy,234445842
2024-08-23 14:16:07,68100.0,4600,Buy,234445924
2024-08-23 14:16:11,68000.0,500,Sell,234446046
2024-08-23 14:16:58,68100.0,500,Sell,234448212
2024-08-23 14:17:07,68200.0,200,Buy,234448539
2024-08-23 14:17:27,68200.0,400,Buy,234449273
2024-08-23 14:17:30,68100.0,700,Sell,234449367
2024-08-23 14:17:31,68200.0,100,Buy,234449405
2024-08-23 14:17:37,68200.0,1000,Buy,234449643
2024-08-23 14:17:53,68200.0,5000,Buy,234450078
2024-08-23 14:18:05,68100.0,100,Sell,234450477
2024-08-23 14:18:14,68200.0,500,Buy,234450753
2024-08-23 14:18:18,68100.0,200,Sell,234450881
2024-08-23 14:18:31,68100.0,700,Sell,234451529
2024-08-23 14:18:44,68100.0,200,Sell,234452023
2024-08-23 14:18:50,68200.0,100,Buy,234452234
2024-08-23 14:18:59,68200.0,100,Buy,234452616
2024-08-23 14:19:03,68200.0,500,Buy,234452790
2024-08-23 14:19:05,68100.0,3000,Sell,234452878
2024-08-23 14:19:09,68200.0,1000,Sell,234453048
2024-08-23 14:19:20,68200.0,1100,Buy,234453591
2024-08-23 14:19:22,68200.0,200,Sell,234453692
2024-08-23 14:19:30,68300.0,5000,Buy,234453989
2024-08-23 14:19:41,68200.0,1500,Buy,234454405
2024-08-23 14:19:49,68100.0,4000,Sell,234454675
2024-08-23 14:19:55,68200.0,100,Buy,234454990
2024-08-23 14:19:59,68200.0,1000,Buy,234455172
2024-08-23 14:20:00,68100.0,3000,Sell,234455195
2024-08-23 14:20:02,68200.0,400,Sell,234455249
2024-08-23 14:20:20,68200.0,800,Sell,234456402
2024-08-23 14:20:22,68300.0,1500,Buy,234456477
2024-08-23 14:21:04,68300.0,6400,ATO/ATC,234458838
2024-08-23 14:21:11,68300.0,100,ATO/ATC,234459257
2024-08-23 14:21:23,68300.0,400,Buy,234459916
2024-08-23 14:21:27,68200.0,700,Sell,234460123
2024-08-23 14:21:42,68300.0,100,Sell,234460966
2024-08-23 14:21:43,68400.0,500,Buy,234460999
2024-08-23 14:22:04,68300.0,700,Sell,234462214
2024-08-23 14:22:10,68300.0,700,Sell,234462594
2024-08-23 14:22:32,68400.0,3000,Buy,234463894
2024-08-23 14:22:43,68300.0,500,Sell,234464553
2024-08-23 14:22:45,68400.0,1400,Sell,234464650
2024-08-23 14:23:08,68500.0,500,Buy,234466319
2024-08-23 14:23:14,68500.0,1000,Buy,234466678
2024-08-23 14:23:16,68500.0,100,Buy,234466788
2024-08-23 14:23:26,68500.0,500,Buy,234467377
2024-08-23 14:23:33,68500.0,4900,Buy,234467706
2024-08-23 14:23:35,68500.0,300,Buy,234467885
2024-08-23 14:23:36,68500.0,800,Buy,234467964
2024-08-23 14:23:38,68500.0,200,Sell,234468067
2024-08-23 14:23:42,68600.0,2000,Buy,234468399
2024-08-23 14:23:47,68500.0,700,Sell,234468853
2024-08-23 14:23:54,68500.0,100,Sell,234469250
2024-08-23 14:23:57,68600.0,800,Buy,234469500
2024-08-23 14:24:12,68700.0,100,Buy,234470481
2024-08-23 14:24:19,68700.0,500,Buy,234470876
2024-08-23 14:24:23,68700.0,300,Sell,234471130
2024-08-23 14:24:32,68800.0,2000,Buy,234471634
2024-08-23 14:24:36,68700.0,300,Buy,234471842
2024-08-23 14:24:37,68700.0,100,Buy,234471885
2024-08-23 14:24:45,68700.0,300,Buy,234472303
2024-08-23 14:24:51,68700.0,900,Buy,234472647
2024-08-23 14:24:56,68700.0,100,Buy,234472947
2024-08-23 14:25:09,68800.0,100,Buy,234473751
2024-08-23 14:25:26,68800.0,500,Sell,234474769
2024-08-23 14:25:28,68800.0,100,Sell,234474942
2024-08-23 14:25:48,68800.0,500,ATO/ATC,234476116
2024-08-23 14:25:59,68900.0,2000,Buy,234476733
2024-08-23 14:26:00,68800.0,100,Sell,234476784
2024-08-23 14:26:16,68900.0,2000,Buy,234477835
2024-08-23 14:26:27,68900.0,200,ATO/ATC,234478676
2024-08-23 14:26:43,68800.0,700,Sell,234479784
2024-08-23 14:26:51,68800.0,700,Sell,234480372
2024-08-23 14:26:54,69000.0,1000,Buy,234480518
2024-08-23 14:27:00,68800.0,300,Sell,234480974
2024-08-23 14:27:07,68900.0,100,Sell,234481552
2024-08-23 14:27:10,69000.0,1100,Buy,234481739
2024-08-23 14:27:15,69000.0,1000,Buy,234482126
2024-08-23 14:27:16,69000.0,100,Buy,234482180
2024-08-23 14:27:42,69000.0,1000,Buy,234483869
2024-08-23 14:27:48,68900.0,300,Sell,234484291
2024-08-23 14:27:59,68900.0,100,Sell,234485181
2024-08-23 14:28:05,68900.0,700,Sell,234485500
2024-08-23 14:28:12,68900.0,200,Sell,234485864
2024-08-23 14:28:18,68900.0,100,Sell,234486219
2024-08-23 14:28:19,68900.0,100,Sell,234486305
2024-08-23 14:28:24,68900.0,500,Sell,234486530
2024-08-23 14:28:28,68900.0,100,Sell,234486837
2024-08-23 14:28:31,68900.0,100,Sell,234487083
2024-08-23 14:28:32,68900.0,3200,Buy,234487207
2024-08-23 14:28:38,68900.0,100,Buy,234487583
2024-08-23 14:28:46,68900.0,200,Buy,234488150
2024-08-23 14:28:51,68900.0,500,Buy,234488480
2024-08-23 14:28:55,68900.0,100,Buy,234488683
2024-08-23 14:29:06,68900.0,700,Buy,234489433
2024-08-23 14:29:09,68800.0,700,Sell,234489657
2024-08-23 14:29:24,68800.0,300,Sell,234490772
2024-08-23 14:29:32,68800.0,200,Sell,234491261
2024-08-23 14:29:37,68800.0,1000,Sell,234491627
2024-08-23 14:29:49,68900.0,2500,Buy,234492496
2024-08-23 14:29:59,68800.0,400,Sell,234492819
2024-08-23 14:30:01,68800.0,100,Sell,234492825
2024-08-23 14:30:07,68900.0,1000,Buy,234492834
2024-08-23 14:30:08,68900.0,300,Buy,234492836
2024-08-23 14:30:18,68800.0,100,Sell,234492850
2024-08-23 14:30:23,68800.0,400,Sell,234492856
2024-08-23 14:30:25,68800.0,100,Sell,234492859
2024-08-23 14:30:26,68800.0,5300,Sell,234492860
2024-08-23 14:30:30,68800.0,1000,Sell,234492867
2024-08-23 14:30:31,68800.0,300,Buy,234492870
2024-08-23 14:30:34,68800.0,500,Buy,234492871
2024-08-23 14:30:41,68800.0,1000,ATO/ATC,234492877
2024-08-23 14:30:56,68700.0,500,Sell,234492903
2024-08-23 14:32:03,68700.0,2000,Sell,234492975
2024-08-23 14:32:08,68700.0,200,Sell,234492979
2024-08-23 14:32:13,68700.0,500,Sell,234492986
2024-08-23 14:32:17,68700.0,100,ATO/ATC,234492994
2024-08-23 14:32:46,68700.0,200,Buy,234493021
2024-08-23 14:33:08,68600.0,5900,Sell,234493042
2024-08-23 14:33:42,68600.0,2000,Sell,234493078
2024-08-23 14:33:46,68600.0,500,Sell,234493082
2024-08-23 14:34:10,68600.0,1000,Sell,234493107
2024-08-23 14:34:42,68600.0,100,Sell,234493140
2024-08-23 14:34:51,68600.0,500,Sell,234493152
2024-08-23 14:34:56,68600.0,100,Sell,234493161
2024-08-23 14:35:02,68700.0,500,Buy,234493167
2024-08-23 14:36:02,68700.0,100,Buy,234493255
2024-08-23 14:36:12,68700.0,100,Buy,234493267
2024-08-23 14:36:18,68600.0,500,Sell,234493274
2024-08-23 14:36:23,68600.0,1500,Sell,234493279
2024-08-23 14:36:28,68600.0,1000,Sell,234493283
2024-08-23 14:36:30,68600.0,2800,Buy,234493285
2024-08-23 14:37:02,68500.0,400,Sell,234493324
2024-08-23 14:37:34,68500.0,100,Sell,234493350
2024-08-23 14:37:36,68500.0,400,Sell,234493352
2024-08-23 14:38:02,68500.0,500,Sell,234493381
2024-08-23 14:38:05,68500.0,200,Sell,234493384
2024-08-23 14:38:30,68500.0,600,Sell,234493409
2024-08-23 14:38:46,68500.0,300,Sell,234493420
2024-08-23 14:38:52,68500.0,4300,Buy,234493426
2024-08-23 14:39:14,68500.0,200,Buy,234493441
2024-08-23 14:39:15,68500.0,100,Buy,234493442
2024-08-23 14:39:23,68500.0,600,Sell,234493447
2024-08-23 14:40:23,68500.0,100,Sell,234493488
2024-08-23 14:40:27,68500.0,500,Sell,234493493
2024-08-23 14:41:14,68500.0,700,Sell,234493532
2024-08-23 14:41:50,68500.0,600,Sell,234493558
2024-08-23 14:41:55,68500.0,500,Sell,234493566
2024-08-23 14:42:17,68500.0,2500,Sell,234493580
2024-08-23 14:42:49,68500.0,100,Sell,234493609
2024-08-23 14:43:02,68500.0,600,Sell,234493619
2024-08-23 14:43:11,68500.0,4600,Buy,234493632
2024-08-23 14:43:15,68400.0,500,Sell,234493637
2024-08-23 14:44:10,68400.0,600,Sell,234493685
2024-08-23 14:44:12,68400.0,400,Sell,234493687
2024-08-23 14:44:22,68500.0,500,Buy,234493694
2024-08-23 14:44:24,68400.0,500,Sell,234493696
2024-08-23 14:45:12,68500.0,300,Buy,234494206
2024-08-23 14:45:12,68400.0,500,Sell,234494230
2024-08-23 14:45:15,68500.0,300,Buy,234494235
2024-08-23 14:45:37,68400.0,2000,Sell,234494257
2024-08-23 14:45:55,68400.0,700,Sell,234494279
2024-08-23 14:45:57,68500.0,100,ATO/ATC,234494282
2024-08-23 14:46:10,68400.0,1000,Sell,234494299
2024-08-23 14:46:12,68400.0,500,Sell,234494304
2024-08-23 14:46:25,68500.0,400,Buy,234494318
2024-08-23 14:46:37,68300.0,2200,Sell,234494332
2024-08-23 14:46:45,68400.0,100,Buy,234494342
2024-08-23 14:46:53,68300.0,700,Sell,234494352
2024-08-23 14:47:23,68300.0,5000,Sell,234494379
2024-08-23 14:47:30,68400.0,900,ATO/ATC,234494385
2024-08-23 14:47:52,68500.0,700,Buy,234494414
2024-08-23 14:47:55,68300.0,500,Sell,234494418
2024-08-23 14:47:56,68500.0,100,Buy,234494421
2024-08-23 14:47:58,68300.0,14100,Buy,234494424
2024-08-23 14:48:08,68300.0,100,Buy,234494434
2024-08-23 14:48:16,68300.0,500,Buy,234494444
2024-08-23 14:48:21,68300.0,200,Buy,234494451
2024-08-23 14:48:46,68300.0,5100,Sell,234494475
2024-08-23 14:48:58,68300.0,200,Sell,234494483
2024-08-23 14:49:34,68400.0,500,Sell,234494518
2024-08-23 14:49:47,68400.0,3200,Buy,234494525
2024-08-23 14:50:11,68300.0,400,Sell,234494540
2024-08-23 14:50:53,68300.0,700,Sell,234494595
2024-08-23 14:51:00,68300.0,200,Sell,234494601
2024-08-23 14:51:17,68300.0,100,Sell,234494615
2024-08-23 14:51:52,68300.0,700,Sell,234494644
2024-08-23 14:51:53,68400.0,1000,Buy,234494645
2024-08-23 14:52:23,68300.0,500,Sell,234494676
2024-08-23 14:52:24,68300.0,200,Sell,234494678
2024-08-23 14:52:54,68300.0,1000,Sell,234494706
2024-08-23 14:53:51,68300.0,700,Sell,234494754
2024-08-23 14:54:27,68300.0,100,Sell,234494776
2024-08-23 14:54:42,68300.0,100,Sell,234494791
2024-08-23 14:55:03,68400.0,200,Buy,234494810
2024-08-23 14:55:28,68300.0,500,Sell,234494841
2024-08-23 14:55:44,68400.0,1400,Buy,234494857
2024-08-23 14:56:00,68400.0,100,Buy,234494873
2024-08-23 14:56:08,68400.0,100,Buy,234494886
2024-08-23 14:56:09,68400.0,400,Buy,234494887
2024-08-23 14:56:15,68400.0,4000,Buy,234494895
2024-08-23 14:56:29,68400.0,100,Buy,234494905
2024-08-23 14:56:37,68400.0,200,Sell,234494910
2024-08-23 14:56:46,68400.0,300,Buy,234494914
2024-08-23 14:56:59,68400.0,200,Sell,234494930
2024-08-23 14:57:01,68500.0,400,Buy,234494934
2024-08-23 14:57:17,68400.0,500,Buy,234494952
2024-08-23 14:57:22,68400.0,500,ATO/ATC,234494959
2024-08-23 14:57:29,68500.0,100,Buy,234494967
2024-08-23 14:57:41,68400.0,500,Sell,234494980
2024-08-23 14:57:50,68500.0,500,Buy,234495001
2024-08-23 14:58:13,68500.0,500,Buy,234495039
2024-08-23 14:58:25,68400.0,100,Sell,234495058
2024-08-23 14:58:44,68400.0,1000,Sell,234495101
2024-08-23 14:59:11,68500.0,1000,Buy,234495158
2024-08-23 14:59:14,68400.0,800,Sell,234495163
2024-08-23 14:59:15,68400.0,100,Sell,234495168
2024-08-23 14:59:16,68400.0,3000,Sell,234495173
2024-08-23 14:59:19,68400.0,1000,Sell,234495183
2024-08-23 14:59:23,68400.0,200,Sell,234495190
2024-08-23 14:59:30,68300.0,4500,Sell,234495208
2024-08-23 14:59:49,68400.0,1800,Sell,234495245
