time,price,volume,match_type,id
2024-08-27 09:00:19,67400.0,100,Sell,234883417
2024-08-27 09:00:27,68000.0,100,Buy,234883453
2024-08-27 09:00:33,67800.0,100,Sell,234883485
2024-08-27 09:00:37,67400.0,200,Sell,234883506
2024-08-27 09:01:56,67400.0,100,Buy,234883693
2024-08-27 09:02:11,67400.0,100,Buy,234883732
2024-08-27 09:03:04,67400.0,100,Buy,234883843
2024-08-27 09:05:39,67300.0,300,Buy,234884158
2024-08-27 09:06:18,67100.0,800,Buy,234884237
2024-08-27 09:06:38,67100.0,200,Buy,234884272
2024-08-27 09:06:40,67000.0,1000,Sell,234884277
2024-08-27 09:06:47,67000.0,200,Sell,234884288
2024-08-27 09:06:57,67000.0,800,Sell,234884314
2024-08-27 09:07:11,67000.0,300,Sell,234884344
2024-08-27 09:07:16,67000.0,200,Buy,234884357
2024-08-27 09:07:21,67000.0,200,Buy,234884369
2024-08-27 09:07:34,67000.0,300,ATO/ATC,234884390
2024-08-27 09:07:54,67000.0,100,Sell,234884430
2024-08-27 09:07:55,67000.0,400,Buy,234884432
2024-08-27 09:08:09,67000.0,900,Sell,234884466
2024-08-27 09:08:48,67100.0,500,Buy,234884536
2024-08-27 09:08:55,67000.0,2000,Sell,234884551
2024-08-27 09:09:01,67100.0,100,Buy,234884560
2024-08-27 09:09:12,67000.0,1700,Sell,234884578
2024-08-27 09:09:14,67100.0,400,Buy,234884582
2024-08-27 09:09:24,67200.0,300,Sell,234884599
2024-08-27 09:09:42,67300.0,100,Buy,234884630
2024-08-27 09:09:51,67300.0,400,Buy,234884645
2024-08-27 09:10:04,67300.0,100,Buy,234884664
2024-08-27 09:10:36,67200.0,1000,Sell,234884713
2024-08-27 09:10:38,67300.0,100,Buy,234884717
2024-08-27 09:10:59,67300.0,100,Buy,234884748
2024-08-27 09:11:30,67300.0,100,Buy,234884813
2024-08-27 09:11:32,67300.0,100,Buy,234884817
2024-08-27 09:11:33,67300.0,100,Buy,234884821
2024-08-27 09:11:38,67300.0,100,Buy,234884831
2024-08-27 09:11:58,67300.0,100,Buy,234884859
2024-08-27 09:12:17,67200.0,1700,Sell,234884893
2024-08-27 09:12:45,67200.0,200,Buy,234884936
2024-08-27 09:13:31,67200.0,200,Buy,234885017
2024-08-27 09:13:38,67100.0,700,Sell,234885026
2024-08-27 09:14:02,67100.0,100,Buy,234885059
2024-08-27 09:14:37,67100.0,100,Buy,234885105
2024-08-27 09:14:51,67100.0,200,Buy,234885134
2024-08-27 09:15:23,67100.0,100,Buy,234885823
2024-08-27 09:15:30,67100.0,1000,Buy,234885894
2024-08-27 09:15:34,67100.0,100,Buy,234885940
2024-08-27 09:15:36,67100.0,600,Buy,234885963
2024-08-27 09:15:49,67100.0,100,Sell,234886144
2024-08-27 09:16:33,67100.0,100,Sell,234886963
2024-08-27 09:16:53,67100.0,100,Sell,234887364
2024-08-27 09:16:58,67100.0,2000,Sell,234887483
2024-08-27 09:17:00,67100.0,100,Buy,234887541
2024-08-27 09:17:19,67100.0,200,Buy,234887959
2024-08-27 09:17:36,67100.0,19600,Buy,234888288
2024-08-27 09:17:42,67100.0,400,Sell,234888392
2024-08-27 09:17:46,67000.0,3600,Sell,234888473
2024-08-27 09:18:07,67000.0,2500,Sell,234888940
2024-08-27 09:18:27,67000.0,200,Sell,234889389
2024-08-27 09:18:38,67000.0,200,Sell,234889658
2024-08-27 09:18:39,67000.0,100,Buy,234889677
2024-08-27 09:18:49,67000.0,100,Buy,234889901
2024-08-27 09:18:52,67000.0,100,Buy,234889963
2024-08-27 09:19:09,67000.0,200,Buy,234890327
2024-08-27 09:19:10,67000.0,200,Buy,234890345
2024-08-27 09:19:13,66900.0,2800,Sell,234890387
2024-08-27 09:19:15,67000.0,100,Buy,234890445
2024-08-27 09:19:21,66900.0,2500,Sell,234890560
2024-08-27 09:19:31,67000.0,100,Buy,234890738
2024-08-27 09:19:58,67000.0,200,Buy,234891427
2024-08-27 09:20:04,67000.0,100,Buy,234891578
2024-08-27 09:20:15,67000.0,200,Buy,234891787
2024-08-27 09:20:22,67000.0,100,Buy,234891951
2024-08-27 09:20:25,66900.0,3000,Sell,234892035
2024-08-27 09:20:37,66900.0,100,Sell,234892300
2024-08-27 09:20:39,67000.0,3000,Buy,234892343
2024-08-27 09:20:44,67000.0,100,Buy,234892460
2024-08-27 09:20:49,67000.0,200,Buy,234892592
2024-08-27 09:20:57,67000.0,100,Buy,234892758
2024-08-27 09:21:04,67000.0,200,Buy,234892865
2024-08-27 09:21:05,67000.0,4600,Buy,234892880
2024-08-27 09:21:23,67100.0,100,Buy,234893285
2024-08-27 09:21:35,67100.0,300,Buy,234893555
2024-08-27 09:21:44,67200.0,1900,Buy,234893829
2024-08-27 09:21:51,67200.0,1000,Sell,234893983
2024-08-27 09:22:11,67300.0,1000,Buy,234894469
2024-08-27 09:22:18,67300.0,100,Buy,234894658
2024-08-27 09:22:21,67300.0,200,Buy,234894744
2024-08-27 09:22:27,67300.0,5100,Buy,234894908
2024-08-27 09:22:31,67200.0,300,Sell,234894994
2024-08-27 09:22:33,67300.0,1000,Buy,234895057
2024-08-27 09:22:38,67300.0,100,Buy,234895164
2024-08-27 09:22:52,67300.0,100,Buy,234895533
2024-08-27 09:23:05,67300.0,100,Buy,234895851
2024-08-27 09:23:06,67300.0,500,Buy,234895869
2024-08-27 09:23:14,67300.0,400,Buy,234895973
2024-08-27 09:23:20,67300.0,100,Buy,234896101
2024-08-27 09:23:25,67300.0,200,Buy,234896213
2024-08-27 09:24:07,67300.0,100,Buy,234897368
2024-08-27 09:24:08,67300.0,400,Buy,234897411
2024-08-27 09:24:18,67300.0,100,Sell,234897606
2024-08-27 09:24:56,67300.0,100,ATO/ATC,234898512
2024-08-27 09:25:57,67300.0,1300,Sell,234899847
2024-08-27 09:26:44,67300.0,200,Sell,234900879
2024-08-27 09:27:45,67400.0,100,Buy,234902277
2024-08-27 09:28:03,67300.0,4300,Sell,234902679
2024-08-27 09:28:51,67300.0,500,Buy,234903970
2024-08-27 09:29:30,67200.0,1100,Sell,234905444
2024-08-27 09:30:00,67200.0,400,Sell,234906392
2024-08-27 09:30:15,67100.0,1400,Sell,234906873
2024-08-27 09:30:17,67100.0,100,Sell,234906971
2024-08-27 09:30:36,67100.0,300,Sell,234907581
2024-08-27 09:31:24,67100.0,4500,Sell,234909474
2024-08-27 09:31:33,67200.0,300,Buy,234909826
2024-08-27 09:31:34,67200.0,500,Sell,234909845
2024-08-27 09:31:42,67200.0,1000,Sell,234910040
2024-08-27 09:31:51,67200.0,500,Sell,234910319
2024-08-27 09:32:18,67300.0,100,Buy,234911284
2024-08-27 09:32:20,67200.0,900,Sell,234911352
2024-08-27 09:33:02,67200.0,100,Buy,234912627
2024-08-27 09:33:10,67200.0,100,Buy,234912902
2024-08-27 09:33:56,67100.0,100,Sell,234914134
2024-08-27 09:34:08,67300.0,6800,Buy,234914474
2024-08-27 09:34:16,67100.0,2800,Sell,234914711
2024-08-27 09:34:24,67100.0,200,Buy,234915013
2024-08-27 09:34:31,67100.0,100,Buy,234915234
2024-08-27 09:34:59,67100.0,1000,Buy,234916038
2024-08-27 09:35:00,67000.0,2000,Sell,234916045
2024-08-27 09:35:03,67000.0,100,Sell,234916116
2024-08-27 09:35:26,67100.0,500,Buy,234916835
2024-08-27 09:36:11,67000.0,2000,Sell,234918176
2024-08-27 09:36:12,67000.0,800,Sell,234918190
2024-08-27 09:36:27,67000.0,300,Sell,234918642
2024-08-27 09:36:41,67000.0,200,Sell,234918992
2024-08-27 09:36:44,67000.0,1500,Sell,234919113
2024-08-27 09:36:57,67000.0,1000,Sell,234919432
2024-08-27 09:37:04,67000.0,2600,Sell,234919593
2024-08-27 09:37:17,67000.0,1000,Buy,234919908
2024-08-27 09:37:21,66900.0,16900,Sell,234920042
2024-08-27 09:37:42,66800.0,600,Sell,234920713
2024-08-27 09:37:44,66800.0,3500,Sell,234920752
2024-08-27 09:38:03,66800.0,500,Sell,234921270
2024-08-27 09:38:05,66800.0,10200,Sell,234921390
2024-08-27 09:38:06,66800.0,200,Buy,234921447
2024-08-27 09:38:09,66800.0,100,Buy,234921563
2024-08-27 09:38:18,66800.0,200,Buy,234921903
2024-08-27 09:38:21,66800.0,200,Buy,234921995
2024-08-27 09:38:23,66800.0,100,Buy,234922090
2024-08-27 09:38:26,66800.0,1000,Buy,234922174
2024-08-27 09:38:29,66700.0,100,Sell,234922316
2024-08-27 09:38:39,66800.0,400,Buy,234922636
2024-08-27 09:38:44,66700.0,1000,Sell,234922828
2024-08-27 09:38:52,66800.0,1100,Buy,234923029
2024-08-27 09:38:54,66700.0,200,Sell,234923079
2024-08-27 09:38:55,66700.0,1300,Sell,234923109
2024-08-27 09:39:01,66700.0,100,Sell,234923290
2024-08-27 09:39:02,66800.0,1000,Buy,234923303
2024-08-27 09:39:11,66800.0,200,Buy,234923574
2024-08-27 09:39:16,66800.0,100,Buy,234923711
2024-08-27 09:39:23,66800.0,100,Buy,234923877
2024-08-27 09:39:27,66800.0,200,Buy,234924030
2024-08-27 09:39:36,66800.0,2500,Buy,234924301
2024-08-27 09:39:44,66800.0,600,Sell,234924524
2024-08-27 09:39:54,66800.0,300,Sell,234924796
2024-08-27 09:40:03,66900.0,200,Buy,234925002
2024-08-27 09:40:15,66800.0,3400,Sell,234925317
2024-08-27 09:40:16,66800.0,500,Buy,234925353
2024-08-27 09:40:18,66800.0,200,Buy,234925398
2024-08-27 09:40:19,66800.0,1000,Buy,234925438
2024-08-27 09:40:34,66800.0,100,Buy,234925910
2024-08-27 09:40:37,66800.0,100,Buy,234925984
2024-08-27 09:40:38,66800.0,800,Buy,234926001
2024-08-27 09:40:40,66800.0,400,Buy,234926049
2024-08-27 09:40:43,66800.0,500,Buy,234926138
2024-08-27 09:40:47,66800.0,100,Sell,234926234
2024-08-27 09:40:58,66800.0,500,Buy,234926534
2024-08-27 09:41:12,66800.0,500,Sell,234926883
2024-08-27 09:41:13,66800.0,300,Sell,234926900
2024-08-27 09:41:19,66900.0,500,Buy,234927057
2024-08-27 09:41:22,66900.0,100,Buy,234927159
2024-08-27 09:42:23,66900.0,1200,Buy,234929162
2024-08-27 09:42:46,66900.0,600,Buy,234930018
2024-08-27 09:43:44,66900.0,1000,Sell,234932182
2024-08-27 09:43:55,66900.0,2000,Sell,234932459
2024-08-27 09:44:21,66900.0,400,Sell,234933078
2024-08-27 09:44:44,66900.0,200,Sell,234933722
2024-08-27 09:45:43,66900.0,100,Sell,234935098
2024-08-27 09:45:45,66900.0,7000,Sell,234935141
2024-08-27 09:45:53,67000.0,100,Buy,234935372
2024-08-27 09:45:58,67000.0,100,Buy,234935528
2024-08-27 09:46:09,66900.0,800,Sell,234935828
2024-08-27 09:47:23,67000.0,300,Buy,234937506
2024-08-27 09:48:39,67000.0,200,Buy,234939134
2024-08-27 09:48:43,67000.0,200,Buy,234939245
2024-08-27 09:48:47,66900.0,300,Sell,234939303
2024-08-27 09:48:53,67000.0,100,Buy,234939408
2024-08-27 09:48:57,67000.0,100,Buy,234939495
2024-08-27 09:49:12,67000.0,2000,Buy,234939798
2024-08-27 09:49:27,67000.0,900,Buy,234940148
2024-08-27 09:49:30,67000.0,100,Buy,234940195
2024-08-27 09:49:32,67000.0,200,Buy,234940260
2024-08-27 09:49:37,67000.0,100,Buy,234940343
2024-08-27 09:49:45,67000.0,500,Buy,234940509
2024-08-27 09:49:47,67000.0,300,Buy,234940529
2024-08-27 09:49:54,67000.0,1000,Buy,234940614
2024-08-27 09:50:07,67000.0,100,Buy,234940881
2024-08-27 09:50:12,67000.0,300,Buy,234940933
2024-08-27 09:50:19,66900.0,200,Sell,234941046
2024-08-27 09:50:29,66900.0,100,Sell,234941238
2024-08-27 09:50:34,67000.0,200,Buy,234941379
2024-08-27 09:50:47,67000.0,1000,Buy,234941615
2024-08-27 09:50:55,67000.0,10000,Buy,234941738
2024-08-27 09:50:56,66900.0,100,Sell,234941783
2024-08-27 09:51:03,67000.0,500,Buy,234941912
2024-08-27 09:51:06,67000.0,100,Buy,234942020
2024-08-27 09:51:11,66900.0,300,Sell,234942146
2024-08-27 09:51:39,67000.0,1300,Buy,234942720
2024-08-27 09:51:46,67000.0,500,Buy,234942817
2024-08-27 09:51:48,67000.0,200,Buy,234942840
2024-08-27 09:52:07,67000.0,400,Sell,234943237
2024-08-27 09:52:36,67000.0,100,Buy,234943761
2024-08-27 09:52:40,66900.0,5500,Sell,234943832
2024-08-27 09:53:12,67000.0,100,Buy,234944476
2024-08-27 09:53:43,67000.0,200,Buy,234945218
2024-08-27 09:53:49,67000.0,900,Buy,234945342
2024-08-27 09:53:51,67000.0,100,Sell,234945367
2024-08-27 09:53:55,67000.0,100,Buy,234945472
2024-08-27 09:54:02,67000.0,100,Sell,234945585
2024-08-27 09:54:16,67000.0,400,Buy,234945863
2024-08-27 09:54:45,67000.0,600,Sell,234946437
2024-08-27 09:55:50,67000.0,100,Buy,234947609
2024-08-27 09:55:55,67000.0,1000,Buy,234947703
2024-08-27 09:56:09,67000.0,1900,Buy,234947959
2024-08-27 09:56:34,67000.0,100,Sell,234948421
2024-08-27 09:56:35,67000.0,100,Sell,234948448
2024-08-27 09:57:10,67000.0,100,Sell,234949145
2024-08-27 09:57:42,67000.0,1000,Sell,234949722
2024-08-27 09:58:04,67000.0,1000,Sell,234950206
2024-08-27 09:58:30,67000.0,1600,Sell,234950561
2024-08-27 09:58:44,67000.0,1000,Sell,234950798
2024-08-27 09:58:46,67000.0,6200,Sell,234950816
2024-08-27 09:59:15,66900.0,100,Sell,234951216
2024-08-27 10:01:03,66900.0,100,Sell,234952996
2024-08-27 10:01:06,66900.0,500,Sell,234953060
2024-08-27 10:01:49,66900.0,100,Sell,234953719
2024-08-27 10:01:58,67000.0,1000,Buy,234953881
2024-08-27 10:02:34,67000.0,4000,Buy,234954509
2024-08-27 10:03:14,66900.0,1000,Sell,234955158
2024-08-27 10:03:34,67000.0,2000,Buy,234955451
2024-08-27 10:03:43,66900.0,800,Sell,234955596
2024-08-27 10:03:59,67000.0,200,Buy,234955820
2024-08-27 10:04:34,67000.0,500,Buy,234956350
2024-08-27 10:04:54,67000.0,100,Buy,234956768
2024-08-27 10:05:06,67000.0,100,Buy,234956924
2024-08-27 10:05:51,67000.0,2000,Buy,234957613
2024-08-27 10:06:03,67000.0,500,Buy,234957813
2024-08-27 10:06:21,67000.0,2500,Buy,234958232
2024-08-27 10:06:42,67000.0,100,Buy,234958492
2024-08-27 10:06:58,67000.0,1200,Sell,234958854
2024-08-27 10:07:09,67000.0,800,Sell,234959379
2024-08-27 10:07:21,67000.0,500,Buy,234959680
2024-08-27 10:07:54,67000.0,200,Buy,234960278
2024-08-27 10:07:59,67000.0,800,Buy,234960352
2024-08-27 10:09:05,67000.0,200,Sell,234961769
2024-08-27 10:09:29,67100.0,100,Buy,234962269
2024-08-27 10:09:37,67100.0,100,Buy,234962379
2024-08-27 10:12:00,67100.0,100,Buy,234966134
2024-08-27 10:12:19,67100.0,100,Buy,234966822
2024-08-27 10:13:18,67000.0,100,Sell,234968419
2024-08-27 10:13:27,67100.0,300,Buy,234968744
2024-08-27 10:13:53,67100.0,100,Buy,234969641
2024-08-27 10:14:20,67100.0,100,Buy,234970651
2024-08-27 10:14:22,67100.0,100,Buy,234970690
2024-08-27 10:14:28,67100.0,5000,Buy,234970873
2024-08-27 10:15:00,67100.0,1500,Buy,234971952
2024-08-27 10:15:27,67100.0,100,Buy,234972736
2024-08-27 10:15:44,67100.0,1000,Buy,234973414
2024-08-27 10:15:49,67100.0,1200,Buy,234973583
2024-08-27 10:15:50,67000.0,100,Sell,234973702
2024-08-27 10:15:51,67100.0,200,Buy,234973723
2024-08-27 10:18:22,67200.0,2200,Buy,234978822
2024-08-27 10:18:34,67200.0,2000,Sell,234979200
2024-08-27 10:18:37,67100.0,1200,Sell,234979295
2024-08-27 10:18:59,67300.0,400,Buy,234980045
2024-08-27 10:19:12,67300.0,100,Buy,234980445
2024-08-27 10:19:20,67300.0,600,Buy,234980607
2024-08-27 10:19:26,67200.0,100,Sell,234980758
2024-08-27 10:19:34,67300.0,200,Buy,234981021
2024-08-27 10:19:41,67300.0,1000,Buy,234981271
2024-08-27 10:19:50,67300.0,100,Buy,234981463
2024-08-27 10:20:01,67300.0,300,Buy,234981746
2024-08-27 10:20:44,67200.0,100,Sell,234983189
2024-08-27 10:22:09,67300.0,100,Buy,234985529
2024-08-27 10:23:19,67200.0,1500,Sell,234987267
2024-08-27 10:23:26,67200.0,2300,Buy,234987461
2024-08-27 10:23:39,67200.0,100,Buy,234987737
2024-08-27 10:23:45,67200.0,300,Buy,234987893
2024-08-27 10:25:35,67100.0,100,Sell,234990324
2024-08-27 10:25:46,67100.0,100,Sell,234990561
2024-08-27 10:25:48,67100.0,2000,Sell,234990597
2024-08-27 10:25:59,67100.0,500,Sell,234990794
2024-08-27 10:26:08,67100.0,100,Sell,234991058
2024-08-27 10:26:46,67100.0,100,Sell,234991808
2024-08-27 10:27:08,67100.0,500,Sell,234992140
2024-08-27 10:27:19,67100.0,100,Sell,234992387
2024-08-27 10:27:23,67100.0,2000,Sell,234992482
2024-08-27 10:27:25,67100.0,500,Sell,234992542
2024-08-27 10:27:33,67100.0,100,Sell,234992697
2024-08-27 10:28:15,67000.0,1200,Sell,234993632
2024-08-27 10:29:55,67000.0,100,Sell,234995474
2024-08-27 10:30:10,67000.0,500,Sell,234995783
2024-08-27 10:31:34,67100.0,100,Buy,234997525
2024-08-27 10:31:41,67100.0,300,Buy,234997702
2024-08-27 10:31:43,67000.0,100,Sell,234997736
2024-08-27 10:32:23,67100.0,1000,Buy,234998423
2024-08-27 10:32:35,67100.0,100,Buy,234998617
2024-08-27 10:32:38,67100.0,100,Buy,234998708
2024-08-27 10:32:43,67100.0,1000,Buy,234998808
2024-08-27 10:33:40,67100.0,100,Buy,235000179
2024-08-27 10:33:51,67100.0,400,Buy,235000324
2024-08-27 10:34:09,67100.0,500,Sell,235000604
2024-08-27 10:34:49,67100.0,200,Sell,235001140
2024-08-27 10:36:12,67100.0,500,Buy,235002846
2024-08-27 10:36:37,67100.0,200,Buy,235003487
2024-08-27 10:36:55,67100.0,100,Buy,235003659
2024-08-27 10:37:05,67100.0,1000,Buy,235003802
2024-08-27 10:37:23,67000.0,200,Sell,235004059
2024-08-27 10:37:34,67000.0,200,Sell,235004221
2024-08-27 10:37:47,67200.0,1000,Buy,235004450
2024-08-27 10:37:53,67000.0,100,Sell,235004538
2024-08-27 10:38:35,67100.0,100,Sell,235005246
2024-08-27 10:39:04,67100.0,100,Buy,235005705
2024-08-27 10:39:07,67000.0,100,Sell,235005747
2024-08-27 10:39:22,67100.0,400,Buy,235005987
2024-08-27 10:39:26,67200.0,500,Buy,235006036
2024-08-27 10:39:42,67000.0,1000,Sell,235006269
2024-08-27 10:40:26,67100.0,100,Buy,235007081
2024-08-27 10:41:01,67100.0,200,Buy,235007634
2024-08-27 10:41:14,67000.0,500,Sell,235007874
2024-08-27 10:42:14,67100.0,5000,Buy,235009081
2024-08-27 10:42:20,67100.0,200,Buy,235009194
2024-08-27 10:43:05,67100.0,100,Buy,235010105
2024-08-27 10:43:06,67100.0,200,Buy,235010147
2024-08-27 10:43:13,67100.0,100,Buy,235010260
2024-08-27 10:43:26,67100.0,100,Buy,235010563
2024-08-27 10:43:50,67100.0,100,Buy,235011052
2024-08-27 10:44:01,67000.0,100,Sell,235011470
2024-08-27 10:44:54,67000.0,600,Sell,235013026
2024-08-27 10:45:11,67000.0,300,Sell,235013504
2024-08-27 10:45:44,67000.0,500,Sell,235014727
2024-08-27 10:46:30,67000.0,3000,Sell,235016108
2024-08-27 10:47:09,67000.0,300,Sell,235017318
2024-08-27 10:47:12,67000.0,200,Sell,235017411
2024-08-27 10:47:13,67000.0,4300,Sell,235017432
2024-08-27 10:47:18,67000.0,3100,ATO/ATC,235017635
2024-08-27 10:47:25,66900.0,600,Sell,235017923
2024-08-27 10:47:46,66900.0,700,Sell,235018814
2024-08-27 10:48:06,66900.0,200,Sell,235019529
2024-08-27 10:48:26,66900.0,400,Sell,235020116
2024-08-27 10:48:47,66900.0,500,Sell,235021050
2024-08-27 10:49:53,66900.0,300,Sell,235023284
2024-08-27 10:49:57,66900.0,6200,Sell,235023379
2024-08-27 10:50:02,66900.0,100,Sell,235023538
2024-08-27 10:50:03,66900.0,500,Sell,235023553
2024-08-27 10:50:08,66900.0,5000,Sell,235023732
2024-08-27 10:50:18,66900.0,800,Sell,235024028
2024-08-27 10:50:34,66900.0,300,Sell,235024471
2024-08-27 10:50:40,66900.0,400,Sell,235024603
2024-08-27 10:50:43,66900.0,100,Buy,235024697
2024-08-27 10:51:46,66900.0,200,Buy,235026474
2024-08-27 10:52:06,66800.0,500,Sell,235027183
2024-08-27 10:52:08,66900.0,900,Sell,235027282
2024-08-27 10:53:14,66900.0,100,Sell,235028726
2024-08-27 10:53:39,66900.0,800,Sell,235029226
2024-08-27 10:54:01,66900.0,2000,Buy,235029663
2024-08-27 10:54:32,66800.0,16800,Sell,235030227
2024-08-27 10:54:37,66800.0,100,Sell,235030303
2024-08-27 10:55:16,66800.0,900,Sell,235030955
2024-08-27 10:55:39,66800.0,300,Sell,235031345
2024-08-27 10:56:03,66800.0,700,Sell,235031703
2024-08-27 10:56:45,66800.0,400,Sell,235032322
2024-08-27 10:57:25,66800.0,100,Sell,235032834
2024-08-27 10:57:48,66900.0,200,Buy,235033198
2024-08-27 10:57:53,66900.0,500,Buy,235033274
2024-08-27 10:57:57,66900.0,100,Buy,235033315
2024-08-27 10:59:00,66900.0,200,Buy,235034231
2024-08-27 10:59:20,66900.0,100,Buy,235034523
2024-08-27 10:59:22,66900.0,100,Buy,235034561
2024-08-27 10:59:51,66800.0,2000,Sell,235034954
2024-08-27 11:00:23,66800.0,300,Sell,235035376
2024-08-27 11:00:26,66800.0,100,Sell,235035406
2024-08-27 11:01:00,66800.0,3500,Sell,235035918
2024-08-27 11:02:13,66800.0,700,Sell,235036948
2024-08-27 11:03:22,66800.0,8100,Sell,235037987
2024-08-27 11:03:27,66800.0,1900,Sell,235038045
2024-08-27 11:03:40,66900.0,500,Buy,235038233
2024-08-27 11:03:41,66800.0,100,ATO/ATC,235038260
2024-08-27 11:04:22,66900.0,100,Buy,235038814
2024-08-27 11:04:37,66900.0,1200,Buy,235039037
2024-08-27 11:05:35,66900.0,500,Sell,235040002
2024-08-27 11:05:47,66900.0,1500,Sell,235040266
2024-08-27 11:05:55,66900.0,500,Buy,235040419
2024-08-27 11:06:20,66800.0,4100,Buy,235041002
2024-08-27 11:07:13,66700.0,1600,Sell,235042017
2024-08-27 11:07:18,66800.0,300,Buy,235042115
2024-08-27 11:07:32,66700.0,800,Sell,235042422
2024-08-27 11:07:43,66700.0,6000,Sell,235042638
2024-08-27 11:07:59,66700.0,400,Sell,235042970
2024-08-27 11:08:22,66700.0,6000,Sell,235043425
2024-08-27 11:08:31,66800.0,100,Buy,235043628
2024-08-27 11:08:42,66700.0,500,Sell,235043824
2024-08-27 11:08:55,66700.0,200,Sell,235044016
2024-08-27 11:09:28,66700.0,1500,Sell,235044615
2024-08-27 11:09:47,66700.0,500,Sell,235044920
2024-08-27 11:10:06,66700.0,500,Sell,235045332
2024-08-27 11:10:45,66700.0,1000,Sell,235046284
2024-08-27 11:10:57,66700.0,1000,Sell,235046617
2024-08-27 11:11:02,66700.0,2200,Sell,235046739
2024-08-27 11:11:12,66700.0,100,Sell,235047046
2024-08-27 11:11:23,66700.0,2100,Buy,235047500
2024-08-27 11:11:56,66700.0,500,Buy,235048349
2024-08-27 11:12:06,66700.0,100,Buy,235048581
2024-08-27 11:12:12,66700.0,500,Buy,235048797
2024-08-27 11:12:37,66700.0,200,Buy,235049302
2024-08-27 11:12:41,66700.0,100,Buy,235049441
2024-08-27 11:12:44,66700.0,1000,Buy,235049556
2024-08-27 11:12:54,66700.0,100,Buy,235049739
2024-08-27 11:13:46,66700.0,100,Buy,235050934
2024-08-27 11:13:51,66700.0,2000,Buy,235051042
2024-08-27 11:14:25,66700.0,500,Sell,235051800
2024-08-27 11:14:29,66700.0,100,Sell,235051895
2024-08-27 11:14:31,66700.0,1200,Sell,235051947
2024-08-27 11:14:33,66600.0,500,Sell,235051978
2024-08-27 11:15:12,66600.0,500,Sell,235052784
2024-08-27 11:16:10,66600.0,300,Sell,235054002
2024-08-27 11:16:25,66600.0,3000,Sell,235054298
2024-08-27 11:16:27,66600.0,100,Sell,235054347
2024-08-27 11:16:40,66600.0,2000,Sell,235054688
2024-08-27 11:17:10,66600.0,200,Sell,235055311
2024-08-27 11:17:46,66600.0,1000,Sell,235056011
2024-08-27 11:18:09,66600.0,100,Sell,235056350
2024-08-27 11:18:24,66600.0,500,Sell,235056628
2024-08-27 11:18:30,66600.0,10000,Sell,235056747
2024-08-27 11:19:11,66600.0,500,Sell,235057416
2024-08-27 11:19:15,66600.0,300,Sell,235057482
2024-08-27 11:19:29,66600.0,300,Sell,235057747
2024-08-27 11:19:38,66600.0,200,Sell,235057908
2024-08-27 11:19:52,66600.0,200,Sell,235058206
2024-08-27 11:19:54,66600.0,300,Sell,235058237
2024-08-27 11:20:27,66700.0,200,Sell,235058716
2024-08-27 11:20:54,66700.0,300,Sell,235059047
2024-08-27 11:21:35,66700.0,1500,Sell,235059660
2024-08-27 11:21:42,66700.0,500,Sell,235059774
2024-08-27 11:22:09,66800.0,400,Buy,235060201
2024-08-27 11:23:04,66700.0,100,Sell,235061001
2024-08-27 11:23:14,66700.0,200,Sell,235061153
2024-08-27 11:23:23,66700.0,200,Sell,235061272
2024-08-27 11:23:28,66800.0,100,Buy,235061313
2024-08-27 11:23:34,66700.0,200,Sell,235061357
2024-08-27 11:23:50,66700.0,100,ATO/ATC,235061570
2024-08-27 11:24:31,66600.0,100,Sell,235062039
2024-08-27 11:24:32,66600.0,100,Sell,235062071
2024-08-27 11:24:36,66600.0,100,Sell,235062097
2024-08-27 11:24:37,66700.0,100,Buy,235062106
2024-08-27 11:24:42,66600.0,100,Sell,235062161
2024-08-27 11:24:49,66600.0,100,Sell,235062260
2024-08-27 11:25:04,66600.0,500,Sell,235062484
2024-08-27 11:25:11,66600.0,4000,Sell,235062585
2024-08-27 11:25:30,66600.0,1800,Sell,235062830
2024-08-27 11:25:40,66700.0,100,Buy,235062976
2024-08-27 11:25:47,66700.0,700,Buy,235063034
2024-08-27 11:26:38,66700.0,300,ATO/ATC,235063877
2024-08-27 11:28:13,66700.0,300,Buy,235065287
2024-08-27 11:28:23,66700.0,100,Buy,235065407
2024-08-27 11:29:32,66700.0,100,Buy,235066802
2024-08-27 11:29:39,66700.0,700,Buy,235066906
2024-08-27 11:29:54,66700.0,400,Buy,235067138
2024-08-27 13:00:05,66600.0,8300,Sell,235069020
2024-08-27 13:00:06,66500.0,13800,Sell,235069549
2024-08-27 13:00:08,66700.0,5500,Buy,235070134
2024-08-27 13:00:13,66700.0,100,Buy,235070742
2024-08-27 13:00:14,66600.0,200,Sell,235070901
2024-08-27 13:00:15,66700.0,100,Buy,235070986
2024-08-27 13:00:16,66500.0,2800,Sell,235071051
2024-08-27 13:00:22,66700.0,200,Buy,235071637
2024-08-27 13:01:26,66500.0,100,Sell,235073585
2024-08-27 13:01:38,66500.0,400,Sell,235073897
2024-08-27 13:01:52,66500.0,200,Sell,235074296
2024-08-27 13:01:56,66500.0,1000,Sell,235074378
2024-08-27 13:01:58,66500.0,200,Sell,235074440
2024-08-27 13:02:02,66500.0,8500,Sell,235074516
2024-08-27 13:02:15,66500.0,500,Buy,235074849
2024-08-27 13:02:30,66500.0,100,Buy,235075209
2024-08-27 13:02:32,66400.0,500,Sell,235075256
2024-08-27 13:02:34,66400.0,2200,Sell,235075294
2024-08-27 13:02:49,66400.0,1200,Sell,235075717
2024-08-27 13:02:55,66400.0,800,Sell,235075874
2024-08-27 13:03:05,66400.0,100,Buy,235076119
2024-08-27 13:03:08,66400.0,200,Buy,235076236
2024-08-27 13:03:23,66400.0,700,Sell,235076646
2024-08-27 13:03:34,66400.0,100,Buy,235076903
2024-08-27 13:03:46,66300.0,4500,Sell,235077375
2024-08-27 13:03:51,66300.0,100,Buy,235077492
2024-08-27 13:03:52,66300.0,100,Buy,235077510
2024-08-27 13:03:57,66300.0,100,Buy,235077616
2024-08-27 13:04:03,66300.0,200,Buy,235077786
2024-08-27 13:04:08,66300.0,1800,Sell,235077915
2024-08-27 13:04:12,66300.0,500,Buy,235077991
2024-08-27 13:04:15,66300.0,1000,Buy,235078100
2024-08-27 13:04:16,66300.0,300,Buy,235078119
2024-08-27 13:04:17,66300.0,100,Buy,235078150
2024-08-27 13:04:21,66200.0,200,Sell,235078270
2024-08-27 13:04:22,66200.0,100,Sell,235078313
2024-08-27 13:04:30,66200.0,5800,Sell,235078488
2024-08-27 13:04:42,66200.0,200,Buy,235078723
2024-08-27 13:04:46,66100.0,2000,Sell,235078804
2024-08-27 13:04:47,66200.0,500,Buy,235078823
2024-08-27 13:05:01,66100.0,2000,Sell,235079154
2024-08-27 13:05:14,66100.0,1200,Sell,235079435
2024-08-27 13:05:20,66200.0,45100,Buy,235079647
2024-08-27 13:05:27,66000.0,4000,Sell,235079856
2024-08-27 13:05:28,66000.0,1700,Sell,235079877
2024-08-27 13:05:29,66000.0,500,Sell,235079888
2024-08-27 13:05:31,66000.0,10000,Sell,235079942
2024-08-27 13:05:32,66000.0,900,Sell,235079984
2024-08-27 13:05:34,66200.0,300,Buy,235080023
2024-08-27 13:05:38,66000.0,1000,Sell,235080111
2024-08-27 13:05:42,66200.0,100,Buy,235080209
2024-08-27 13:05:50,66000.0,400,Sell,235080501
2024-08-27 13:05:52,66000.0,100,Sell,235080542
2024-08-27 13:06:02,66200.0,1000,Buy,235080839
2024-08-27 13:06:12,66200.0,200,Buy,235081092
2024-08-27 13:06:13,66200.0,1100,Buy,235081118
2024-08-27 13:06:17,66200.0,100,Buy,235081233
2024-08-27 13:06:18,66200.0,200,Buy,235081309
2024-08-27 13:06:22,66200.0,500,Buy,235081417
2024-08-27 13:06:46,66200.0,200,Buy,235082194
2024-08-27 13:06:47,66200.0,1000,Buy,235082219
2024-08-27 13:06:49,66200.0,100,Buy,235082255
2024-08-27 13:06:54,66200.0,100,Buy,235082365
2024-08-27 13:06:59,66200.0,1000,Buy,235082487
2024-08-27 13:07:00,66200.0,100,Buy,235082509
2024-08-27 13:07:04,66200.0,100,Buy,235082620
2024-08-27 13:07:10,66200.0,2700,Buy,235082758
2024-08-27 13:07:29,66200.0,500,Sell,235083224
2024-08-27 13:07:49,66300.0,200,Buy,235083713
2024-08-27 13:07:54,66200.0,600,Sell,235083822
2024-08-27 13:08:03,66300.0,1000,Buy,235084075
2024-08-27 13:08:14,66300.0,100,Buy,235084366
2024-08-27 13:08:36,66300.0,200,Sell,235085189
2024-08-27 13:08:37,66300.0,100,Sell,235085219
2024-08-27 13:08:44,66300.0,300,Sell,235085413
2024-08-27 13:09:20,66300.0,600,Buy,235086816
2024-08-27 13:09:35,66300.0,200,Buy,235087511
2024-08-27 13:09:36,66300.0,100,Buy,235087544
2024-08-27 13:09:38,66300.0,200,Buy,235087606
2024-08-27 13:09:42,66300.0,200,Buy,235087752
2024-08-27 13:09:50,66300.0,200,Buy,235088028
2024-08-27 13:09:53,66300.0,100,Buy,235088188
2024-08-27 13:09:56,66300.0,500,Buy,235088306
2024-08-27 13:09:57,66300.0,100,Buy,235088333
2024-08-27 13:10:14,66300.0,100,Buy,235088952
2024-08-27 13:10:31,66300.0,2300,Sell,235089556
2024-08-27 13:10:33,66300.0,100,Buy,235089614
2024-08-27 13:10:34,66300.0,2000,Buy,235089656
2024-08-27 13:10:41,66300.0,500,Buy,235090015
2024-08-27 13:10:43,66300.0,100,Buy,235090071
2024-08-27 13:10:45,66300.0,500,Buy,235090147
2024-08-27 13:10:50,66300.0,100,Buy,235090400
2024-08-27 13:10:57,66300.0,200,Buy,235090787
2024-08-27 13:10:58,66300.0,100,Buy,235090831
2024-08-27 13:11:05,66300.0,200,Buy,235091129
2024-08-27 13:11:07,66300.0,1000,Buy,235091178
2024-08-27 13:11:09,66300.0,200,Buy,235091244
2024-08-27 13:11:11,66300.0,4000,Buy,235091295
2024-08-27 13:11:20,66300.0,1100,Buy,235091605
2024-08-27 13:11:34,66300.0,2000,Sell,235092216
2024-08-27 13:11:47,66400.0,200,Buy,235092704
2024-08-27 13:11:52,66400.0,100,ATO/ATC,235092890
2024-08-27 13:12:11,66500.0,1000,Buy,235093502
2024-08-27 13:12:16,66500.0,300,Buy,235093640
2024-08-27 13:12:31,66400.0,100,Sell,235094097
2024-08-27 13:12:50,66400.0,100,Sell,235094636
2024-08-27 13:13:11,66400.0,500,Sell,235095226
2024-08-27 13:13:20,66500.0,100,Buy,235095455
2024-08-27 13:13:23,66400.0,200,Sell,235095556
2024-08-27 13:13:25,66400.0,1600,Sell,235095617
2024-08-27 13:13:45,66500.0,100,Buy,235096178
2024-08-27 13:13:51,66500.0,100,Buy,235096358
2024-08-27 13:13:55,66500.0,100,Buy,235096454
2024-08-27 13:13:56,66500.0,500,Buy,235096462
2024-08-27 13:14:00,66500.0,200,Buy,235096578
2024-08-27 13:14:12,66500.0,100,Buy,235096897
2024-08-27 13:14:26,66500.0,100,Buy,235097344
2024-08-27 13:14:30,66500.0,100,Buy,235097493
2024-08-27 13:14:44,66400.0,800,Sell,235097806
2024-08-27 13:14:56,66400.0,100,Sell,235098100
2024-08-27 13:15:14,66400.0,100,Sell,235098465
2024-08-27 13:15:34,66400.0,800,Sell,235098921
2024-08-27 13:15:45,66400.0,300,Buy,235099253
2024-08-27 13:16:16,66300.0,300,Sell,235100114
2024-08-27 13:16:29,66300.0,300,Sell,235100442
2024-08-27 13:16:41,66300.0,2000,Sell,235100682
2024-08-27 13:16:47,66400.0,500,Buy,235100839
2024-08-27 13:16:50,66300.0,2000,Sell,235100904
2024-08-27 13:16:56,66400.0,100,Buy,235101112
2024-08-27 13:17:06,66300.0,8200,Sell,235101375
2024-08-27 13:17:21,66300.0,100,Buy,235101795
2024-08-27 13:17:27,66300.0,100,Buy,235101943
2024-08-27 13:17:30,66300.0,1000,Buy,235101989
2024-08-27 13:17:34,66300.0,500,Buy,235102133
2024-08-27 13:17:37,66200.0,1000,Sell,235102211
2024-08-27 13:17:39,66300.0,100,Buy,235102248
2024-08-27 13:17:47,66200.0,3000,Sell,235102395
2024-08-27 13:17:51,66200.0,2000,Sell,235102497
2024-08-27 13:18:03,66200.0,200,Sell,235102781
2024-08-27 13:18:09,66300.0,200,Sell,235102949
2024-08-27 13:18:12,66300.0,300,Sell,235103046
2024-08-27 13:18:20,66300.0,1500,Sell,235103234
2024-08-27 13:18:54,66400.0,100,Buy,235104059
2024-08-27 13:18:55,66400.0,200,Buy,235104079
2024-08-27 13:19:01,66300.0,1000,Sell,235104255
2024-08-27 13:19:17,66400.0,2500,Buy,235104682
2024-08-27 13:19:36,66400.0,200,Buy,235105184
2024-08-27 13:19:45,66400.0,500,Buy,235105372
2024-08-27 13:19:56,66400.0,100,Buy,235105647
2024-08-27 13:20:01,66400.0,1200,Buy,235105759
2024-08-27 13:20:07,66400.0,300,Buy,235105888
2024-08-27 13:20:41,66400.0,100,Buy,235106690
2024-08-27 13:20:52,66400.0,700,Buy,235106949
2024-08-27 13:21:00,66400.0,1000,Buy,235107229
2024-08-27 13:21:07,66400.0,600,Buy,235107553
2024-08-27 13:21:09,66400.0,100,Sell,235107591
2024-08-27 13:22:20,66400.0,1000,Sell,235109557
2024-08-27 13:22:23,66400.0,100,Sell,235109665
2024-08-27 13:22:26,66400.0,200,Sell,235109759
2024-08-27 13:22:40,66400.0,1000,Buy,235110199
2024-08-27 13:22:42,66300.0,200,Sell,235110263
2024-08-27 13:22:49,66300.0,3200,Sell,235110517
2024-08-27 13:23:00,66400.0,900,Buy,235110778
2024-08-27 13:23:14,66400.0,300,Buy,235111164
2024-08-27 13:23:26,66300.0,100,Sell,235111527
2024-08-27 13:23:29,66300.0,400,Sell,235111595
2024-08-27 13:23:54,66300.0,100,Sell,235112210
2024-08-27 13:24:00,66400.0,100,Buy,235112311
2024-08-27 13:24:16,66300.0,100,Sell,235112970
2024-08-27 13:24:22,66400.0,100,Buy,235113121
2024-08-27 13:24:30,66300.0,100,Sell,235113298
2024-08-27 13:25:04,66400.0,100,Buy,235114020
2024-08-27 13:25:12,66400.0,300,Buy,235114277
2024-08-27 13:25:13,66300.0,400,Sell,235114306
2024-08-27 13:25:17,66400.0,100,Buy,235114387
2024-08-27 13:25:34,66400.0,300,Buy,235114783
2024-08-27 13:25:40,66400.0,400,Buy,235114866
2024-08-27 13:25:49,66400.0,600,Buy,235115010
2024-08-27 13:25:50,66300.0,200,Sell,235115022
2024-08-27 13:26:05,66400.0,1000,Buy,235115340
2024-08-27 13:26:22,66400.0,500,Buy,235115738
2024-08-27 13:26:40,66300.0,10000,Sell,235116061
2024-08-27 13:26:55,66400.0,300,Buy,235116347
2024-08-27 13:27:08,66300.0,100,Sell,235116658
2024-08-27 13:27:22,66300.0,100,Sell,235117008
2024-08-27 13:27:56,66300.0,400,Sell,235117845
2024-08-27 13:28:04,66400.0,300,Buy,235118041
2024-08-27 13:28:23,66400.0,100,Buy,235118380
2024-08-27 13:28:30,66400.0,100,Buy,235118587
2024-08-27 13:28:41,66400.0,100,Buy,235118828
2024-08-27 13:28:56,66300.0,100,Sell,235119174
2024-08-27 13:29:17,66400.0,700,Buy,235119610
2024-08-27 13:29:25,66400.0,5000,Buy,235119862
2024-08-27 13:29:38,66400.0,100,Buy,235120179
2024-08-27 13:29:55,66400.0,1000,Buy,235120550
2024-08-27 13:29:59,66400.0,300,Sell,235120610
2024-08-27 13:30:30,66400.0,200,Sell,235121477
2024-08-27 13:31:26,66400.0,1400,Sell,235122737
2024-08-27 13:31:45,66300.0,4000,Sell,235123094
2024-08-27 13:31:46,66400.0,200,Buy,235123114
2024-08-27 13:31:47,66400.0,100,Buy,235123133
2024-08-27 13:32:03,66300.0,100,Sell,235123489
2024-08-27 13:32:06,66300.0,2000,Sell,235123547
2024-08-27 13:32:15,66300.0,1000,Sell,235123694
2024-08-27 13:32:31,66300.0,200,Sell,235124154
2024-08-27 13:32:36,66300.0,300,Sell,235124250
2024-08-27 13:32:40,66400.0,500,Buy,235124357
2024-08-27 13:32:42,66300.0,200,Sell,235124415
2024-08-27 13:33:26,66300.0,200,Sell,235125330
2024-08-27 13:33:34,66400.0,100,Buy,235125530
2024-08-27 13:33:36,66300.0,100,Sell,235125648
2024-08-27 13:34:02,66300.0,300,Sell,235126413
2024-08-27 13:34:07,66300.0,1000,Sell,235126510
2024-08-27 13:34:18,66400.0,100,Buy,235126809
2024-08-27 13:35:09,66300.0,200,Sell,235128173
2024-08-27 13:35:40,66400.0,500,Buy,235129298
2024-08-27 13:35:42,66300.0,100,Sell,235129345
2024-08-27 13:36:03,66400.0,500,Buy,235130062
2024-08-27 13:36:27,66400.0,500,Buy,235130928
2024-08-27 13:36:31,66400.0,800,Buy,235131094
2024-08-27 13:36:35,66300.0,200,Sell,235131255
2024-08-27 13:36:40,66400.0,100,Buy,235131457
2024-08-27 13:36:43,66300.0,100,Sell,235131609
2024-08-27 13:37:46,66400.0,1500,Buy,235133714
2024-08-27 13:37:47,66400.0,100,Buy,235133740
2024-08-27 13:37:52,66400.0,700,Buy,235133931
2024-08-27 13:37:54,66400.0,500,Buy,235134016
2024-08-27 13:37:55,66400.0,2000,Buy,235134036
2024-08-27 13:37:57,66400.0,200,Buy,235134095
2024-08-27 13:37:58,66400.0,300,Buy,235134134
2024-08-27 13:38:00,66400.0,100,Buy,235134202
2024-08-27 13:38:10,66400.0,1300,Buy,235134518
2024-08-27 13:38:11,66400.0,200,Buy,235134555
2024-08-27 13:38:16,66400.0,100,Sell,235134703
2024-08-27 13:38:43,66400.0,200,Sell,235135505
2024-08-27 13:39:21,66500.0,100,Buy,235136789
2024-08-27 13:39:24,66500.0,1000,Buy,235136923
2024-08-27 13:39:25,66500.0,200,Buy,235136963
2024-08-27 13:39:26,66500.0,200,Buy,235136990
2024-08-27 13:39:37,66400.0,100,Sell,235137254
2024-08-27 13:39:40,66500.0,500,Buy,235137315
2024-08-27 13:39:43,66400.0,500,Sell,235137442
2024-08-27 13:39:48,66500.0,2800,Sell,235137642
2024-08-27 13:40:00,66600.0,100,Buy,235138044
2024-08-27 13:40:42,66700.0,200,Buy,235139352
2024-08-27 13:41:06,66800.0,100,Buy,235140097
2024-08-27 13:41:16,66700.0,500,ATO/ATC,235140471
2024-08-27 13:41:21,66600.0,100,Sell,235140591
2024-08-27 13:41:31,66800.0,100,Buy,235140950
2024-08-27 13:42:03,66800.0,800,Buy,235142005
2024-08-27 13:42:30,66700.0,100,Sell,235142807
2024-08-27 13:42:35,66800.0,1500,Sell,235142914
2024-08-27 13:42:54,66800.0,800,Buy,235143430
2024-08-27 13:43:28,66700.0,100,Sell,235144352
2024-08-27 13:43:35,66700.0,900,Sell,235144548
2024-08-27 13:43:36,66700.0,300,Buy,235144580
2024-08-27 13:43:45,66700.0,200,Buy,235144773
2024-08-27 13:44:06,66700.0,200,Buy,235145251
2024-08-27 13:44:28,66600.0,100,Sell,235145822
2024-08-27 13:44:58,66600.0,300,Sell,235146677
2024-08-27 13:45:15,66700.0,100,Buy,235147147
2024-08-27 13:45:32,66700.0,600,Buy,235147583
2024-08-27 13:45:37,66700.0,100,Buy,235147772
2024-08-27 13:46:01,66600.0,100,Sell,235148483
2024-08-27 13:46:04,66600.0,100,Sell,235148539
2024-08-27 13:46:12,66600.0,1500,Sell,235148774
2024-08-27 13:46:19,66600.0,100,Sell,235148981
2024-08-27 13:46:47,66600.0,100,Buy,235149877
2024-08-27 13:46:54,66600.0,100,Buy,235150068
2024-08-27 13:46:56,66500.0,300,Sell,235150126
2024-08-27 13:46:57,66600.0,600,Buy,235150155
2024-08-27 13:47:15,66500.0,800,Sell,235150798
2024-08-27 13:47:16,66600.0,100,Buy,235150867
2024-08-27 13:47:20,66600.0,100,Buy,235151028
2024-08-27 13:47:23,66600.0,200,Buy,235151183
2024-08-27 13:47:34,66500.0,200,Sell,235151418
2024-08-27 13:47:42,66500.0,200,Sell,235151571
2024-08-27 13:48:25,66600.0,400,Buy,235152620
2024-08-27 13:48:46,66500.0,5000,Sell,235153063
2024-08-27 13:48:55,66500.0,300,Buy,235153240
2024-08-27 13:49:07,66400.0,100,Sell,235153427
2024-08-27 13:49:21,66400.0,1500,Sell,235153692
2024-08-27 13:49:35,66400.0,6000,Buy,235154039
2024-08-27 13:50:41,66300.0,100,Sell,235155542
2024-08-27 13:50:43,66400.0,1000,Buy,235155570
2024-08-27 13:51:13,66400.0,500,Buy,235156299
2024-08-27 13:51:20,66400.0,600,Buy,235156410
2024-08-27 13:51:23,66400.0,900,Buy,235156463
2024-08-27 13:51:24,66300.0,200,Sell,235156480
2024-08-27 13:51:41,66400.0,1000,Buy,235156841
2024-08-27 13:51:45,66400.0,1300,Buy,235156927
2024-08-27 13:51:49,66400.0,200,Sell,235157037
2024-08-27 13:52:12,66400.0,200,Sell,235157701
2024-08-27 13:52:14,66400.0,100,Sell,235157732
2024-08-27 13:52:25,66400.0,100,Buy,235157981
2024-08-27 13:53:26,66400.0,500,Sell,235159189
2024-08-27 13:53:47,66400.0,200,Sell,235159601
2024-08-27 13:53:51,66500.0,500,Sell,235159651
2024-08-27 13:54:19,66500.0,100,Sell,235160136
2024-08-27 13:54:50,66500.0,500,Sell,235161039
2024-08-27 13:55:13,66500.0,100,Sell,235161581
2024-08-27 13:55:14,66500.0,200,Sell,235161601
2024-08-27 13:55:20,66500.0,100,Sell,235161716
2024-08-27 13:55:29,66600.0,500,Buy,235161848
2024-08-27 13:55:40,66600.0,200,Buy,235162049
2024-08-27 13:56:03,66600.0,400,Buy,235162603
2024-08-27 13:56:33,66500.0,100,Buy,235163264
2024-08-27 13:56:52,66500.0,100,Buy,235163618
2024-08-27 13:56:54,66400.0,300,Sell,235163666
2024-08-27 13:57:16,66500.0,100,Buy,235164065
2024-08-27 13:57:25,66400.0,300,Sell,235164242
2024-08-27 13:58:19,66500.0,500,Buy,235165298
2024-08-27 13:58:27,66400.0,100,Sell,235165458
2024-08-27 13:59:06,66500.0,100,Buy,235166225
2024-08-27 13:59:36,66500.0,1000,Buy,235166928
2024-08-27 13:59:46,66500.0,300,Buy,235167113
2024-08-27 14:00:00,66500.0,200,Sell,235167470
2024-08-27 14:00:17,66500.0,1000,Sell,235167862
2024-08-27 14:00:24,66500.0,3600,Sell,235168006
2024-08-27 14:00:29,66600.0,1000,Buy,235168087
2024-08-27 14:00:35,66500.0,200,Sell,235168307
2024-08-27 14:00:58,66500.0,2000,Sell,235169035
2024-08-27 14:01:29,66500.0,400,Sell,235170075
2024-08-27 14:02:39,66600.0,100,Buy,235172225
2024-08-27 14:03:00,66500.0,3800,Sell,235172808
2024-08-27 14:03:17,66500.0,1000,Sell,235173282
2024-08-27 14:03:18,66500.0,1000,Buy,235173308
2024-08-27 14:03:31,66500.0,500,ATO/ATC,235173657
2024-08-27 14:04:20,66500.0,200,Sell,235175052
2024-08-27 14:04:26,66600.0,4400,Sell,235175325
2024-08-27 14:04:49,66700.0,5700,ATO/ATC,235176256
2024-08-27 14:05:20,66700.0,200,Sell,235177461
2024-08-27 14:05:36,66700.0,200,Sell,235177948
2024-08-27 14:05:42,66700.0,200,Buy,235178068
2024-08-27 14:06:19,66700.0,300,Buy,235178977
2024-08-27 14:06:26,66700.0,200,Buy,235179138
2024-08-27 14:06:28,66600.0,100,Sell,235179200
2024-08-27 14:06:42,66700.0,300,Buy,235179631
2024-08-27 14:07:37,66600.0,2000,Sell,235181194
2024-08-27 14:07:38,66700.0,100,Buy,235181226
2024-08-27 14:08:07,66700.0,1500,Buy,235182026
2024-08-27 14:08:14,66700.0,1000,Buy,235182285
2024-08-27 14:09:33,66700.0,200,Buy,235184631
2024-08-27 14:09:59,66600.0,2000,Sell,235185308
2024-08-27 14:10:01,66600.0,1000,Sell,235185352
2024-08-27 14:10:57,66600.0,400,Sell,235186630
2024-08-27 14:11:20,66600.0,1100,Sell,235187224
2024-08-27 14:11:30,66600.0,500,Sell,235187536
2024-08-27 14:11:41,66600.0,1000,Sell,235187842
2024-08-27 14:11:59,66600.0,1000,Sell,235188419
2024-08-27 14:12:18,66600.0,1500,Sell,235188902
2024-08-27 14:12:19,66600.0,1300,Sell,235188934
2024-08-27 14:12:35,66600.0,300,Buy,235189322
2024-08-27 14:13:00,66600.0,800,Buy,235190046
2024-08-27 14:13:21,66600.0,100,Buy,235190731
2024-08-27 14:13:39,66500.0,200,Sell,235191190
2024-08-27 14:13:43,66600.0,600,Buy,235191339
2024-08-27 14:13:46,66500.0,1000,Sell,235191428
2024-08-27 14:14:11,66500.0,2400,Sell,235192199
2024-08-27 14:14:27,66500.0,200,Buy,235192954
2024-08-27 14:14:41,66500.0,200,Buy,235193559
2024-08-27 14:14:43,66500.0,100,Buy,235193643
2024-08-27 14:14:44,66400.0,10000,Sell,235193686
2024-08-27 14:15:02,66400.0,200,Sell,235194510
2024-08-27 14:15:54,66400.0,1000,Sell,235195916
2024-08-27 14:16:32,66400.0,1000,Sell,235197233
2024-08-27 14:16:58,66400.0,500,Sell,235197956
2024-08-27 14:17:46,66400.0,6100,Sell,235199798
2024-08-27 14:17:52,66400.0,300,Buy,235199957
2024-08-27 14:18:00,66400.0,100,Buy,235200230
2024-08-27 14:19:06,66400.0,500,Buy,235202202
2024-08-27 14:19:09,66400.0,500,Buy,235202326
2024-08-27 14:19:13,66400.0,500,Buy,235202435
2024-08-27 14:19:14,66400.0,300,Buy,235202473
2024-08-27 14:19:18,66400.0,100,Buy,235202575
2024-08-27 14:19:38,66400.0,600,Buy,235203079
2024-08-27 14:19:44,66400.0,900,Buy,235203187
2024-08-27 14:19:49,66400.0,100,Buy,235203316
2024-08-27 14:20:16,66400.0,100,Buy,235203943
2024-08-27 14:20:20,66400.0,200,Buy,235204118
2024-08-27 14:20:25,66400.0,100,Buy,235204249
2024-08-27 14:20:48,66400.0,1000,Buy,235204808
2024-08-27 14:20:50,66400.0,400,Buy,235204862
2024-08-27 14:21:09,66400.0,300,Buy,235205351
2024-08-27 14:21:10,66400.0,300,Buy,235205404
2024-08-27 14:21:14,66400.0,100,Buy,235205583
2024-08-27 14:21:18,66400.0,500,Buy,235205717
2024-08-27 14:21:19,66400.0,1000,Buy,235205766
2024-08-27 14:21:26,66400.0,100,Buy,235206026
2024-08-27 14:21:30,66300.0,800,Sell,235206204
2024-08-27 14:21:42,66300.0,100,Sell,235206635
2024-08-27 14:21:48,66400.0,500,Buy,235206801
2024-08-27 14:22:01,66400.0,200,Buy,235207187
2024-08-27 14:22:10,66400.0,100,Buy,235207433
2024-08-27 14:22:31,66400.0,2000,Sell,235208186
2024-08-27 14:22:35,66400.0,3000,Buy,235208331
2024-08-27 14:22:37,66400.0,900,Buy,235208373
2024-08-27 14:22:47,66400.0,1600,Sell,235208711
2024-08-27 14:23:55,66500.0,800,Buy,235211439
2024-08-27 14:23:59,66500.0,1000,Buy,235211568
2024-08-27 14:24:00,66500.0,300,Buy,235211608
2024-08-27 14:24:10,66500.0,1000,Buy,235212062
2024-08-27 14:24:14,66500.0,100,Buy,235212254
2024-08-27 14:24:20,66500.0,600,Buy,235212489
2024-08-27 14:24:23,66500.0,1000,Buy,235212607
2024-08-27 14:24:28,66500.0,1000,Buy,235212754
2024-08-27 14:24:31,66500.0,100,ATO/ATC,235212909
2024-08-27 14:24:58,66500.0,100,Sell,235214047
2024-08-27 14:25:10,66500.0,400,Buy,235214533
2024-08-27 14:25:19,66500.0,1000,Sell,235214830
2024-08-27 14:26:10,66500.0,200,Sell,235216852
2024-08-27 14:26:31,66500.0,4800,Buy,235217628
2024-08-27 14:26:40,66500.0,100,Buy,235218010
2024-08-27 14:26:41,66500.0,500,Buy,235218037
2024-08-27 14:26:42,66500.0,100,Buy,235218067
2024-08-27 14:26:44,66500.0,300,Buy,235218136
2024-08-27 14:26:51,66500.0,200,Sell,235218459
2024-08-27 14:27:06,66500.0,1200,Buy,235219016
2024-08-27 14:27:19,66500.0,100,Buy,235219440
2024-08-27 14:27:21,66500.0,400,Buy,235219526
2024-08-27 14:27:22,66500.0,100,Buy,235219555
2024-08-27 14:27:24,66500.0,300,Sell,235219685
2024-08-27 14:27:28,66500.0,1800,Sell,235219809
2024-08-27 14:27:30,66500.0,2000,Sell,235219893
2024-08-27 14:27:52,66600.0,100,Buy,235220681
2024-08-27 14:28:03,66600.0,300,Buy,235221026
2024-08-27 14:28:04,66600.0,100,Buy,235221111
2024-08-27 14:28:18,66600.0,1600,Buy,235221737
2024-08-27 14:28:22,66600.0,1000,Buy,235221889
2024-08-27 14:28:47,66600.0,100,Buy,235222970
2024-08-27 14:28:49,66600.0,900,Buy,235223006
2024-08-27 14:28:54,66600.0,800,Sell,235223211
2024-08-27 14:29:17,66700.0,1200,Buy,235224179
2024-08-27 14:29:38,66700.0,1000,Buy,235225242
2024-08-27 14:29:49,66700.0,1200,Buy,235225697
2024-08-27 14:29:57,66700.0,2000,Sell,235225982
2024-08-27 14:30:29,66800.0,5000,Buy,235226110
2024-08-27 14:30:37,66800.0,1400,Buy,235226122
2024-08-27 14:30:39,66700.0,300,Sell,235226124
2024-08-27 14:30:52,66700.0,9900,Sell,235226136
2024-08-27 14:31:07,66700.0,100,Buy,235226148
2024-08-27 14:32:08,66700.0,500,Sell,235226202
2024-08-27 14:32:26,66800.0,5000,Buy,235226216
2024-08-27 14:33:56,66700.0,200,Sell,235226293
2024-08-27 14:34:50,66700.0,500,Sell,235226337
2024-08-27 14:35:08,66700.0,100,Sell,235226351
2024-08-27 14:36:07,66700.0,6500,Sell,235226389
2024-08-27 14:36:55,66700.0,200,Sell,235226420
2024-08-27 14:37:07,66700.0,2000,Sell,235226430
2024-08-27 14:37:14,66700.0,800,Sell,235226437
2024-08-27 14:39:28,66600.0,5000,Sell,235226549
2024-08-27 14:39:50,66600.0,3200,Sell,235226568
2024-08-27 14:40:08,66600.0,200,Sell,235226583
2024-08-27 14:40:26,66600.0,100,Sell,235226591
2024-08-27 14:41:03,66600.0,500,Sell,235226622
2024-08-27 14:41:11,66600.0,500,Sell,235226631
2024-08-27 14:41:14,66600.0,2000,Sell,235226635
2024-08-27 14:41:21,66600.0,100,Sell,235226642
2024-08-27 14:41:24,66600.0,500,Buy,235226645
2024-08-27 14:41:56,66600.0,2100,Buy,235226669
2024-08-27 14:41:56,66500.0,700,Sell,235226672
2024-08-27 14:42:20,66600.0,100,Buy,235226688
2024-08-27 14:42:30,66500.0,700,Sell,235226698
2024-08-27 14:42:53,66500.0,1600,Sell,235226713
2024-08-27 14:43:46,66500.0,200,Sell,235226747
2024-08-27 14:44:12,66600.0,500,Buy,235226769
2024-08-27 14:45:00,66600.0,100,Buy,235226807
2024-08-27 14:45:52,66600.0,200,Buy,235227332
2024-08-27 14:46:32,66600.0,1000,Buy,235227367
2024-08-27 14:46:55,66500.0,3200,Sell,235227389
2024-08-27 14:47:08,66600.0,100,Buy,235227401
2024-08-27 14:47:38,66600.0,1000,Buy,235227426
2024-08-27 14:48:08,66500.0,100,Sell,235227456
2024-08-27 14:49:02,66500.0,200,Sell,235227489
2024-08-27 14:49:15,66500.0,500,Sell,235227501
2024-08-27 14:50:03,66600.0,2600,Buy,235227527
2024-08-27 14:50:11,66500.0,2500,Sell,235227533
2024-08-27 14:51:20,66600.0,1000,Buy,235227589
2024-08-27 14:52:54,66600.0,100,Buy,235227658
2024-08-27 14:52:59,66500.0,8700,Sell,235227660
2024-08-27 14:53:19,66500.0,2300,Buy,235227679
2024-08-27 14:53:30,66500.0,100,Sell,235227688
2024-08-27 14:53:43,66600.0,300,Buy,235227699
2024-08-27 14:54:04,66500.0,500,Sell,235227713
2024-08-27 14:54:27,66600.0,1000,Buy,235227730
2024-08-27 14:54:46,66500.0,4000,Sell,235227749
2024-08-27 14:54:51,66600.0,5800,Buy,235227753
2024-08-27 14:55:38,66600.0,100,ATO/ATC,235227788
2024-08-27 14:55:39,66700.0,5000,Buy,235227792
2024-08-27 14:55:40,66600.0,100,Buy,235227794
2024-08-27 14:55:44,66500.0,2700,Sell,235227798
2024-08-27 14:56:12,66500.0,1500,Buy,235227824
2024-08-27 14:56:52,66500.0,200,Buy,235227865
2024-08-27 14:57:21,66500.0,100,Buy,235227902
2024-08-27 14:57:22,66500.0,500,Buy,235227903
2024-08-27 14:57:28,66400.0,9900,Buy,235227909
2024-08-27 14:57:30,66400.0,100,Buy,235227912
2024-08-27 14:58:26,66500.0,100,Buy,235227966
2024-08-27 14:58:32,66400.0,4800,Sell,235227974
2024-08-27 14:59:04,66400.0,100,Buy,235227999
2024-08-27 14:59:09,66400.0,500,Buy,235228003
2024-08-27 14:59:11,66300.0,6200,Sell,235228007
2024-08-27 14:59:14,66400.0,100,Buy,235228010
2024-08-27 14:59:15,66400.0,700,Buy,235228012
2024-08-27 14:59:17,66400.0,200,Buy,235228015
2024-08-27 14:59:22,66400.0,1000,Buy,235228026
2024-08-27 14:59:30,66400.0,400,Buy,235228040
2024-08-27 14:59:34,66400.0,200,Buy,235228052
2024-08-27 14:59:35,66400.0,100,Buy,235228055
2024-08-27 14:59:44,66400.0,100,Buy,235228072
2024-08-27 14:59:59,66300.0,1200,Sell,235228105
