time,price,volume,match_type,id
2024-08-21 09:00:03,68000.0,100,Buy,233324781
2024-08-21 09:00:05,68000.0,500,Buy,233324798
2024-08-21 09:00:09,68000.0,100,Buy,233324825
2024-08-21 09:00:37,68000.0,5600,Sell,233324961
2024-08-21 09:01:10,68000.0,1000,Sell,233325032
2024-08-21 09:01:29,68000.0,300,Sell,233325073
2024-08-21 09:01:40,68200.0,400,Buy,233325090
2024-08-21 09:01:43,68200.0,200,Buy,233325098
2024-08-21 09:02:01,68200.0,100,Buy,233325134
2024-08-21 09:02:14,68200.0,1000,Buy,233325158
2024-08-21 09:02:20,68200.0,1300,Sell,233325171
2024-08-21 09:03:06,68200.0,1000,Sell,233325259
2024-08-21 09:03:45,68300.0,100,Buy,233325333
2024-08-21 09:03:58,68300.0,300,Buy,233325358
2024-08-21 09:04:15,68300.0,700,Buy,233325392
2024-08-21 09:04:31,68300.0,1000,Sell,233325422
2024-08-21 09:04:46,68300.0,500,Sell,233325445
2024-08-21 09:04:55,68400.0,1000,Buy,233325463
2024-08-21 09:05:04,68400.0,600,Buy,233325478
2024-08-21 09:05:13,68400.0,1300,Sell,233325498
2024-08-21 09:05:34,68500.0,1600,Buy,233325543
2024-08-21 09:05:37,68500.0,1500,Buy,233325546
2024-08-21 09:05:44,68600.0,300,ATO/ATC,233325561
2024-08-21 09:05:49,68800.0,3000,Buy,233325571
2024-08-21 09:05:57,68800.0,1000,Buy,233325593
2024-08-21 09:05:58,68800.0,2000,Buy,233325594
2024-08-21 09:06:03,68800.0,500,Buy,233325604
2024-08-21 09:06:08,68800.0,1000,ATO/ATC,233325615
2024-08-21 09:06:09,68900.0,1600,Buy,233325620
2024-08-21 09:06:16,68800.0,500,Sell,233325632
2024-08-21 09:06:27,68800.0,3000,Sell,233325654
2024-08-21 09:06:32,68800.0,2100,Sell,233325669
2024-08-21 09:06:33,68800.0,400,Sell,233325674
2024-08-21 09:06:37,68800.0,500,Sell,233325683
2024-08-21 09:06:47,68800.0,800,Buy,233325707
2024-08-21 09:06:49,68800.0,200,ATO/ATC,233325710
2024-08-21 09:06:56,68800.0,100,Buy,233325722
2024-08-21 09:07:05,68800.0,1000,Buy,233325741
2024-08-21 09:07:19,68800.0,100,Buy,233325766
2024-08-21 09:07:37,68800.0,1700,ATO/ATC,233325802
2024-08-21 09:07:56,68800.0,200,Sell,233325848
2024-08-21 09:08:02,68800.0,100,Sell,233325861
2024-08-21 09:08:17,68800.0,1000,Sell,233325899
2024-08-21 09:08:18,69000.0,15000,Buy,233325903
2024-08-21 09:08:20,68600.0,1800,Sell,233325910
2024-08-21 09:08:23,68800.0,700,Buy,233325919
2024-08-21 09:08:26,68800.0,300,Sell,233325931
2024-08-21 09:08:43,68800.0,2500,Buy,233325967
2024-08-21 09:08:52,68800.0,300,Sell,233325982
2024-08-21 09:08:53,68800.0,500,Sell,233325985
2024-08-21 09:08:57,69000.0,2500,Buy,233325992
2024-08-21 09:08:58,69000.0,100,Buy,233325995
2024-08-21 09:09:02,68800.0,200,Sell,233326003
2024-08-21 09:09:06,69000.0,300,Buy,233326012
2024-08-21 09:09:07,69100.0,1500,Buy,233326014
2024-08-21 09:09:22,69100.0,100,Buy,233326049
2024-08-21 09:09:23,69100.0,2000,Buy,233326052
2024-08-21 09:09:24,69100.0,300,Buy,233326055
2024-08-21 09:09:31,69100.0,3200,Sell,233326074
2024-08-21 09:09:40,69200.0,500,Buy,233326093
2024-08-21 09:09:43,69200.0,2300,Buy,233326100
2024-08-21 09:09:47,69200.0,300,Buy,233326105
2024-08-21 09:09:48,69300.0,2000,Buy,233326107
2024-08-21 09:09:56,69400.0,1000,Buy,233326129
2024-08-21 09:10:01,69500.0,3000,Buy,233326141
2024-08-21 09:10:05,69500.0,1700,Buy,233326148
2024-08-21 09:10:09,69400.0,3300,Sell,233326156
2024-08-21 09:10:19,69800.0,100,Buy,233326176
2024-08-21 09:10:23,69900.0,2000,Buy,233326187
2024-08-21 09:10:30,69800.0,100,Buy,233326206
2024-08-21 09:10:32,69900.0,700,Buy,233326214
2024-08-21 09:10:33,69900.0,300,Buy,233326217
2024-08-21 09:10:37,69800.0,100,Sell,233326229
2024-08-21 09:10:39,69900.0,3200,Buy,233326236
2024-08-21 09:10:45,69900.0,100,Buy,233326251
2024-08-21 09:10:48,69900.0,500,Buy,233326259
2024-08-21 09:10:50,69900.0,500,Buy,233326265
2024-08-21 09:11:00,69900.0,100,Buy,233326284
2024-08-21 09:11:02,69800.0,200,Buy,233326289
2024-08-21 09:11:11,69800.0,500,Buy,233326315
2024-08-21 09:11:15,69800.0,300,Buy,233326324
2024-08-21 09:11:21,69800.0,1500,Buy,233326340
2024-08-21 09:11:23,69700.0,100,Sell,233326346
2024-08-21 09:11:27,69800.0,1400,Sell,233326356
2024-08-21 09:11:32,69800.0,1000,Sell,233326363
2024-08-21 09:11:37,69900.0,500,Buy,233326373
2024-08-21 09:11:39,69900.0,1100,Buy,233326380
2024-08-21 09:11:40,69900.0,2000,Buy,233326386
2024-08-21 09:11:44,69900.0,100,Buy,233326396
2024-08-21 09:11:45,69900.0,1300,Buy,233326398
2024-08-21 09:11:51,69900.0,500,Sell,233326414
2024-08-21 09:11:52,69900.0,400,Buy,233326417
2024-08-21 09:11:54,69900.0,100,Buy,233326423
2024-08-21 09:11:56,69900.0,200,Buy,233326430
2024-08-21 09:11:59,69900.0,2000,Buy,233326443
2024-08-21 09:12:00,70000.0,2000,Buy,233326446
2024-08-21 09:12:05,70000.0,11000,Buy,233326458
2024-08-21 09:12:06,70000.0,100,Buy,233326459
2024-08-21 09:12:07,69900.0,1000,Sell,233326464
2024-08-21 09:12:09,69900.0,1500,Buy,233326472
2024-08-21 09:12:10,70000.0,1000,Buy,233326474
2024-08-21 09:12:13,70000.0,3000,Buy,233326484
2024-08-21 09:12:17,70000.0,2200,Buy,233326492
2024-08-21 09:12:18,70000.0,2600,Buy,233326499
2024-08-21 09:12:19,70000.0,100,Sell,233326501
2024-08-21 09:12:26,70100.0,200,Buy,233326518
2024-08-21 09:12:27,70000.0,3800,Sell,233326522
2024-08-21 09:12:28,70000.0,200,Sell,233326525
2024-08-21 09:12:29,70000.0,3000,Sell,233326530
2024-08-21 09:12:31,70000.0,500,Sell,233326536
2024-08-21 09:12:34,70200.0,1500,Buy,233326544
2024-08-21 09:12:37,70200.0,100,Sell,233326553
2024-08-21 09:12:38,70200.0,500,Sell,233326557
2024-08-21 09:12:41,70500.0,1000,Buy,233326563
2024-08-21 09:12:42,70200.0,3600,Sell,233326567
2024-08-21 09:12:50,70300.0,100,Sell,233326593
2024-08-21 09:12:55,70300.0,100,Sell,233326607
2024-08-21 09:12:56,70400.0,1000,Buy,233326608
2024-08-21 09:13:00,70400.0,100,Buy,233326619
2024-08-21 09:13:09,70400.0,500,Sell,233326640
2024-08-21 09:13:11,70500.0,1100,Buy,233326651
2024-08-21 09:13:12,70500.0,100,Buy,233326654
2024-08-21 09:13:14,70500.0,1900,Sell,233326660
2024-08-21 09:13:16,70500.0,1000,Sell,233326668
2024-08-21 09:13:25,70600.0,100,Sell,233326704
2024-08-21 09:13:27,70600.0,100,Sell,233326710
2024-08-21 09:13:29,70700.0,1000,Buy,233326719
2024-08-21 09:13:30,70800.0,1000,Buy,233326723
2024-08-21 09:13:31,70600.0,100,Sell,233326727
2024-08-21 09:13:34,70700.0,100,Buy,233326742
2024-08-21 09:13:35,70700.0,100,Sell,233326744
2024-08-21 09:13:37,70700.0,500,Sell,233326751
2024-08-21 09:13:38,70800.0,1000,Buy,233326757
2024-08-21 09:13:41,70800.0,11000,ATO/ATC,233326764
2024-08-21 09:13:42,70900.0,2100,Buy,233326768
2024-08-21 09:13:46,70800.0,1000,Sell,233326779
2024-08-21 09:13:49,70900.0,1000,Buy,233326785
2024-08-21 09:13:50,70800.0,3000,Sell,233326788
2024-08-21 09:13:54,70900.0,800,Buy,233326799
2024-08-21 09:13:59,70800.0,100,Sell,233326814
2024-08-21 09:14:00,70900.0,100,Buy,233326817
2024-08-21 09:14:01,70800.0,100,Sell,233326820
2024-08-21 09:14:04,70800.0,1000,Sell,233326833
2024-08-21 09:14:05,70800.0,1000,Sell,233326841
2024-08-21 09:14:06,70900.0,5700,Buy,233326843
2024-08-21 09:14:13,70800.0,100,Buy,233326872
2024-08-21 09:14:16,70700.0,100,Sell,233326882
2024-08-21 09:14:20,70800.0,4100,Buy,233326895
2024-08-21 09:14:21,70700.0,200,Sell,233326900
2024-08-21 09:14:22,70700.0,4500,Sell,233326903
2024-08-21 09:14:24,70700.0,5500,Sell,233326908
2024-08-21 09:14:27,70700.0,200,Sell,233326917
2024-08-21 09:14:28,70800.0,1400,Buy,233326924
2024-08-21 09:14:29,70700.0,600,Sell,233326926
2024-08-21 09:14:30,70700.0,700,Sell,233326928
2024-08-21 09:14:32,70800.0,2000,Buy,233326933
2024-08-21 09:14:33,70700.0,1600,Sell,233326937
2024-08-21 09:14:34,70700.0,1000,Buy,233326939
2024-08-21 09:14:37,70700.0,3000,Buy,233326948
2024-08-21 09:14:43,70700.0,500,Buy,233326963
2024-08-21 09:14:45,70500.0,500,Sell,233326970
2024-08-21 09:14:53,70500.0,500,Sell,233326998
2024-08-21 09:14:54,70500.0,200,Sell,233327003
2024-08-21 09:14:55,70500.0,3900,Buy,233327009
2024-08-21 09:14:58,70400.0,200,ATO/ATC,233327077
2024-08-21 09:15:02,70300.0,100,Sell,233327483
2024-08-21 09:15:05,70100.0,500,Sell,233327569
2024-08-21 09:15:15,70300.0,600,Buy,233327899
2024-08-21 09:15:16,70200.0,300,Sell,233327917
2024-08-21 09:15:19,70200.0,200,Sell,233328001
2024-08-21 09:15:20,70200.0,1300,Sell,233328038
2024-08-21 09:15:24,70200.0,1200,Sell,233328154
2024-08-21 09:15:26,70200.0,700,Sell,233328218
2024-08-21 09:15:30,70200.0,400,Sell,233328306
2024-08-21 09:15:31,70200.0,100,Sell,233328320
2024-08-21 09:15:32,70200.0,100,Sell,233328358
2024-08-21 09:15:34,70200.0,200,Sell,233328420
2024-08-21 09:15:35,70200.0,1000,Sell,233328459
2024-08-21 09:15:38,70200.0,1500,Sell,233328563
2024-08-21 09:15:41,70100.0,1600,Sell,233328639
2024-08-21 09:15:45,70100.0,500,Buy,233328739
2024-08-21 09:15:47,70000.0,500,Sell,233328798
2024-08-21 09:15:49,70100.0,500,Buy,233328908
2024-08-21 09:15:50,70000.0,600,Sell,233328941
2024-08-21 09:15:53,70200.0,5000,Buy,233329047
2024-08-21 09:15:55,70000.0,3000,Sell,233329110
2024-08-21 09:16:02,70000.0,300,Sell,233329355
2024-08-21 09:16:03,70100.0,300,Sell,233329381
2024-08-21 09:16:06,70100.0,1900,Sell,233329562
2024-08-21 09:16:11,70100.0,400,Sell,233329831
2024-08-21 09:16:12,70000.0,6000,Sell,233329851
2024-08-21 09:16:13,70000.0,1000,Sell,233329883
2024-08-21 09:16:17,70100.0,500,Buy,233329984
2024-08-21 09:16:18,70000.0,1000,Sell,233330040
2024-08-21 09:16:20,70100.0,1000,Buy,233330114
2024-08-21 09:16:22,70000.0,500,Sell,233330195
2024-08-21 09:16:23,70000.0,500,Sell,233330232
2024-08-21 09:16:25,70100.0,5000,Buy,233330318
2024-08-21 09:16:26,70000.0,2300,Sell,233330372
2024-08-21 09:16:27,70100.0,100,Buy,233330412
2024-08-21 09:16:28,70000.0,1100,Sell,233330443
2024-08-21 09:16:30,70000.0,3000,Sell,233330531
2024-08-21 09:16:31,70000.0,1000,Sell,233330560
2024-08-21 09:16:33,70000.0,100,Sell,233330630
2024-08-21 09:16:38,70000.0,200,Sell,233330837
2024-08-21 09:16:39,70000.0,400,Sell,233330862
2024-08-21 09:16:44,70000.0,3000,Sell,233331068
2024-08-21 09:16:46,70000.0,2000,Sell,233331141
2024-08-21 09:16:49,70100.0,500,Buy,233331240
2024-08-21 09:16:50,70000.0,2200,Sell,233331302
2024-08-21 09:16:52,70100.0,3000,Buy,233331359
2024-08-21 09:16:53,70000.0,1000,Sell,233331415
2024-08-21 09:16:59,70000.0,1000,Sell,233331592
2024-08-21 09:17:00,70000.0,4800,Sell,233331618
2024-08-21 09:17:15,69900.0,100,Sell,233332248
2024-08-21 09:17:20,70000.0,2100,Buy,233332502
2024-08-21 09:17:25,69900.0,3800,Buy,233332803
2024-08-21 09:17:31,69900.0,1300,Buy,233333057
2024-08-21 09:17:34,70000.0,200,Buy,233333156
2024-08-21 09:17:35,69900.0,500,Sell,233333232
2024-08-21 09:17:36,69900.0,300,Sell,233333295
2024-08-21 09:17:37,69900.0,700,Sell,233333330
2024-08-21 09:17:40,69900.0,300,Sell,233333468
2024-08-21 09:17:42,69900.0,1000,Sell,233333542
2024-08-21 09:17:51,69900.0,500,Buy,233333874
2024-08-21 09:17:54,69900.0,1000,Buy,233334025
2024-08-21 09:17:58,69900.0,500,Buy,233334225
2024-08-21 09:17:59,69900.0,1000,Buy,233334245
2024-08-21 09:18:04,69800.0,3000,Sell,233334468
2024-08-21 09:18:06,69900.0,500,Sell,233334568
2024-08-21 09:18:08,69900.0,100,Sell,233334661
2024-08-21 09:18:09,69900.0,200,Sell,233334698
2024-08-21 09:18:10,69900.0,200,Buy,233334753
2024-08-21 09:18:11,69900.0,700,Buy,233334787
2024-08-21 09:18:16,69800.0,100,Sell,233334927
2024-08-21 09:18:20,69800.0,200,Buy,233335083
2024-08-21 09:18:26,69800.0,100,Buy,233335306
2024-08-21 09:18:34,69700.0,200,Sell,233335593
2024-08-21 09:18:36,69700.0,1000,Sell,233335670
2024-08-21 09:18:37,69800.0,200,Buy,233335729
2024-08-21 09:18:46,69800.0,1000,Buy,233336048
2024-08-21 09:19:02,69700.0,100,Sell,233336702
2024-08-21 09:19:03,69800.0,2000,Buy,233336733
2024-08-21 09:19:09,69700.0,500,Sell,233337061
2024-08-21 09:19:19,69700.0,300,Buy,233337438
2024-08-21 09:19:20,69700.0,100,Sell,233337505
2024-08-21 09:19:31,69700.0,300,Sell,233338057
2024-08-21 09:19:33,69800.0,100,Buy,233338141
2024-08-21 09:19:36,69700.0,2000,Sell,233338241
2024-08-21 09:19:41,69700.0,3000,Sell,233338420
2024-08-21 09:19:43,69700.0,2000,Sell,233338494
2024-08-21 09:19:44,69700.0,200,Buy,233338548
2024-08-21 09:19:46,69700.0,200,Buy,233338585
2024-08-21 09:19:49,69700.0,600,Buy,233338709
2024-08-21 09:19:51,69800.0,5800,Buy,233338787
2024-08-21 09:19:53,69800.0,200,Sell,233338876
2024-08-21 09:19:54,69800.0,800,Sell,233338924
2024-08-21 09:20:00,69800.0,1000,Sell,233339145
2024-08-21 09:20:04,69800.0,200,Sell,233339301
2024-08-21 09:20:08,69800.0,2100,Sell,233339458
2024-08-21 09:20:09,69800.0,1100,Buy,233339496
2024-08-21 09:20:16,69800.0,500,Buy,233339802
2024-08-21 09:20:19,69800.0,300,Buy,233339898
2024-08-21 09:20:23,69800.0,1000,Buy,233340077
2024-08-21 09:20:25,69800.0,1000,Buy,233340124
2024-08-21 09:20:29,69800.0,600,Buy,233340256
2024-08-21 09:20:31,69700.0,11900,Buy,233340354
2024-08-21 09:20:33,69700.0,500,Buy,233340419
2024-08-21 09:20:34,69700.0,100,Buy,233340458
2024-08-21 09:20:43,69700.0,500,Buy,233340765
2024-08-21 09:20:48,69700.0,800,Buy,233340964
2024-08-21 09:20:53,69600.0,1600,Sell,233341140
2024-08-21 09:20:54,69800.0,2000,Buy,233341176
2024-08-21 09:21:01,69600.0,3800,Sell,233341535
2024-08-21 09:21:17,69700.0,300,Sell,233342254
2024-08-21 09:21:19,69600.0,5000,Sell,233342343
2024-08-21 09:21:30,69600.0,100,Sell,233342866
2024-08-21 09:21:35,69700.0,2000,Sell,233343091
2024-08-21 09:21:40,69700.0,500,Sell,233343484
2024-08-21 09:21:45,69800.0,5700,Buy,233343665
2024-08-21 09:21:54,69800.0,1000,Buy,233344007
2024-08-21 09:21:55,69800.0,200,Buy,233344051
2024-08-21 09:21:56,69800.0,1000,Buy,233344128
2024-08-21 09:21:57,69800.0,400,Sell,233344208
2024-08-21 09:22:05,69800.0,100,Sell,233344545
2024-08-21 09:22:12,69800.0,6000,Sell,233344778
2024-08-21 09:22:14,69900.0,3600,Buy,233344815
2024-08-21 09:22:25,69800.0,900,Sell,233345454
2024-08-21 09:22:37,69800.0,100,Sell,233345959
2024-08-21 09:22:41,69900.0,2000,Buy,233346097
2024-08-21 09:22:48,69900.0,1800,Buy,233346404
2024-08-21 09:22:49,69800.0,300,Sell,233346438
2024-08-21 09:22:56,69900.0,300,Buy,233346668
2024-08-21 09:22:57,69900.0,2700,Sell,233346700
2024-08-21 09:23:18,69900.0,1100,Sell,233347542
2024-08-21 09:23:20,69900.0,200,Sell,233347630
2024-08-21 09:23:22,70000.0,1100,Buy,233347681
2024-08-21 09:23:34,70000.0,2000,Buy,233348263
2024-08-21 09:23:39,70000.0,1500,Buy,233348401
2024-08-21 09:23:40,70000.0,1000,Buy,233348452
2024-08-21 09:23:41,70000.0,1000,Buy,233348489
2024-08-21 09:23:43,70000.0,1600,Buy,233348563
2024-08-21 09:23:48,70000.0,4000,Buy,233348748
2024-08-21 09:23:48,70000.0,600,Buy,233348728
2024-08-21 09:23:49,70000.0,7100,Buy,233348780
2024-08-21 09:23:51,70000.0,200,Buy,233348840
2024-08-21 09:23:52,70000.0,1000,Buy,233348929
2024-08-21 09:23:59,70000.0,1500,Buy,233349134
2024-08-21 09:24:00,70000.0,1600,Buy,233349222
2024-08-21 09:24:01,70000.0,1900,Buy,233349247
2024-08-21 09:24:03,70000.0,600,Buy,233349281
2024-08-21 09:24:04,70000.0,1000,Buy,233349356
2024-08-21 09:24:06,70000.0,1000,Buy,233349435
2024-08-21 09:24:08,70000.0,900,Buy,233349481
2024-08-21 09:24:15,70000.0,100,Sell,233349795
2024-08-21 09:24:17,70000.0,100,Sell,233349902
2024-08-21 09:24:21,70100.0,1600,Sell,233350147
2024-08-21 09:24:27,70200.0,100,Buy,233350359
2024-08-21 09:24:31,70200.0,300,Buy,233350533
2024-08-21 09:24:34,70200.0,100,Buy,233350659
2024-08-21 09:24:36,70200.0,200,Buy,233350697
2024-08-21 09:24:37,70200.0,400,Buy,233350765
2024-08-21 09:24:40,70200.0,1600,Buy,233350904
2024-08-21 09:24:42,70200.0,100,Sell,233350954
2024-08-21 09:24:48,70200.0,600,Sell,233351240
2024-08-21 09:24:49,70300.0,200,Buy,233351320
2024-08-21 09:24:49,70300.0,200,Buy,233351281
2024-08-21 09:24:56,70300.0,600,Sell,233351624
2024-08-21 09:25:07,70400.0,800,Buy,233352168
2024-08-21 09:25:18,70400.0,1500,Sell,233352699
2024-08-21 09:25:25,70400.0,2000,Sell,233352988
2024-08-21 09:25:30,70400.0,200,Sell,233353164
2024-08-21 09:25:30,70400.0,200,Sell,233353208
2024-08-21 09:25:32,70500.0,16900,Buy,233353360
2024-08-21 09:25:48,70500.0,100,Sell,233354020
2024-08-21 09:25:53,70600.0,500,Buy,233354241
2024-08-21 09:25:55,70600.0,200,Buy,233354318
2024-08-21 09:25:57,70600.0,100,Buy,233354442
2024-08-21 09:25:58,70600.0,500,Buy,233354481
2024-08-21 09:26:00,70700.0,200,Buy,233354629
2024-08-21 09:26:02,70600.0,200,Sell,233354698
2024-08-21 09:26:09,70600.0,200,ATO/ATC,233354908
2024-08-21 09:26:11,70700.0,2700,Buy,233354988
2024-08-21 09:26:14,70700.0,400,Sell,233355123
2024-08-21 09:26:18,70700.0,200,Sell,233355330
2024-08-21 09:26:19,70800.0,200,Buy,233355335
2024-08-21 09:26:21,70700.0,100,Buy,233355463
2024-08-21 09:26:28,70800.0,500,Buy,233355757
2024-08-21 09:26:34,70800.0,3000,Buy,233355993
2024-08-21 09:26:38,70800.0,100,Buy,233356145
2024-08-21 09:26:39,70800.0,500,Buy,233356190
2024-08-21 09:26:43,70800.0,100,Buy,233356352
2024-08-21 09:26:44,70700.0,500,Sell,233356417
2024-08-21 09:26:46,70800.0,2100,Buy,233356487
2024-08-21 09:26:49,70800.0,500,Buy,233356593
2024-08-21 09:26:51,70800.0,2000,Buy,233356667
2024-08-21 09:26:54,70800.0,1900,Buy,233356769
2024-08-21 09:26:59,70800.0,1200,Buy,233357033
2024-08-21 09:27:01,70800.0,300,Buy,233357138
2024-08-21 09:27:02,70600.0,300,Sell,233357173
2024-08-21 09:27:09,70800.0,100,Buy,233357452
2024-08-21 09:27:12,70800.0,200,Buy,233357591
2024-08-21 09:27:13,70800.0,500,Buy,233357626
2024-08-21 09:27:14,70700.0,100,Sell,233357655
2024-08-21 09:27:19,70800.0,300,Buy,233357831
2024-08-21 09:27:21,70800.0,500,Buy,233357913
2024-08-21 09:27:24,70800.0,2300,Buy,233358034
2024-08-21 09:27:27,70800.0,1300,Buy,233358130
2024-08-21 09:27:29,70800.0,1000,Buy,233358220
2024-08-21 09:27:30,70800.0,600,Buy,233358248
2024-08-21 09:27:31,70800.0,1000,Buy,233358272
2024-08-21 09:27:33,70800.0,400,Buy,233358353
2024-08-21 09:27:34,70800.0,100,Buy,233358432
2024-08-21 09:27:36,70800.0,300,Buy,233358498
2024-08-21 09:27:38,70800.0,300,Buy,233358576
2024-08-21 09:27:41,70800.0,1000,Buy,233358725
2024-08-21 09:27:43,70800.0,500,Buy,233358797
2024-08-21 09:27:44,70800.0,300,Buy,233358831
2024-08-21 09:27:45,70800.0,400,Buy,233358869
2024-08-21 09:27:46,70800.0,200,Buy,233358893
2024-08-21 09:27:49,70800.0,200,Buy,233358991
2024-08-21 09:27:51,70800.0,200,Buy,233359079
2024-08-21 09:27:52,70800.0,500,Buy,233359119
2024-08-21 09:27:54,70800.0,100,Buy,233359221
2024-08-21 09:27:55,70800.0,100,Buy,233359241
2024-08-21 09:27:56,70700.0,30000,Sell,233359284
2024-08-21 09:27:57,70800.0,300,Buy,233359336
2024-08-21 09:27:58,70700.0,500,Sell,233359370
2024-08-21 09:28:02,70700.0,500,Sell,233359625
2024-08-21 09:28:06,70700.0,100,Buy,233359746
2024-08-21 09:28:13,70700.0,100,Buy,233360139
2024-08-21 09:28:27,70600.0,3000,Buy,233360927
2024-08-21 09:28:32,70500.0,500,Sell,233361121
2024-08-21 09:28:34,70600.0,400,Buy,233361240
2024-08-21 09:28:38,70500.0,6000,Sell,233361339
2024-08-21 09:28:41,70600.0,100,Buy,233361532
2024-08-21 09:28:46,70500.0,100,Sell,233361671
2024-08-21 09:28:51,70500.0,1100,Sell,233361926
2024-08-21 09:28:55,70500.0,200,Sell,233362143
2024-08-21 09:28:58,70500.0,1200,Sell,233362289
2024-08-21 09:29:11,70500.0,100,Buy,233362885
2024-08-21 09:29:13,70400.0,100,Sell,233362953
2024-08-21 09:29:14,70400.0,3700,Buy,233363007
2024-08-21 09:29:15,70400.0,3000,Buy,233363080
2024-08-21 09:29:23,70400.0,200,Buy,233363558
2024-08-21 09:29:29,70400.0,100,Buy,233363831
2024-08-21 09:29:34,70400.0,100,Buy,233364043
2024-08-21 09:29:37,70400.0,400,Buy,233364234
2024-08-21 09:29:58,70400.0,300,Buy,233365409
2024-08-21 09:30:04,70400.0,1600,Buy,233365660
2024-08-21 09:30:14,70400.0,100,Buy,233366196
2024-08-21 09:30:15,70300.0,1000,Sell,233366256
2024-08-21 09:30:17,70400.0,200,Buy,233366379
2024-08-21 09:30:19,70400.0,200,Buy,233366467
2024-08-21 09:30:21,70400.0,2900,Buy,233366597
2024-08-21 09:30:22,70400.0,100,Sell,233366621
2024-08-21 09:30:29,70400.0,100,Sell,233367027
2024-08-21 09:30:35,70400.0,900,Sell,233367267
2024-08-21 09:30:43,70400.0,3000,Sell,233367726
2024-08-21 09:30:44,70400.0,500,Sell,233367781
2024-08-21 09:30:49,70500.0,100,Buy,233367997
2024-08-21 09:30:50,70500.0,3000,Buy,233368075
2024-08-21 09:30:55,70500.0,300,Buy,233368389
2024-08-21 09:30:59,70500.0,800,Buy,233368557
2024-08-21 09:31:07,70500.0,500,Buy,233368931
2024-08-21 09:31:30,70500.0,100,ATO/ATC,233369901
2024-08-21 09:31:36,70500.0,400,Buy,233370264
2024-08-21 09:32:03,70500.0,4000,Sell,233371575
2024-08-21 09:32:23,70500.0,300,Buy,233372523
2024-08-21 09:32:30,70500.0,300,Buy,233372878
2024-08-21 09:32:33,70500.0,300,Buy,233373020
2024-08-21 09:32:43,70500.0,200,Buy,233373551
2024-08-21 09:32:44,70500.0,200,Buy,233373630
2024-08-21 09:32:59,70500.0,100,Buy,233374605
2024-08-21 09:33:04,70500.0,500,Buy,233374892
2024-08-21 09:33:08,70500.0,200,Buy,233375077
2024-08-21 09:33:13,70500.0,100,Buy,233375293
2024-08-21 09:33:22,70500.0,5000,Buy,233375693
2024-08-21 09:33:25,70500.0,100,Buy,233375794
2024-08-21 09:33:29,70500.0,100,Buy,233375993
2024-08-21 09:33:31,70500.0,1900,Buy,233376086
2024-08-21 09:33:40,70500.0,1000,Sell,233376584
2024-08-21 09:33:50,70500.0,500,Sell,233377058
2024-08-21 09:34:10,70500.0,500,Sell,233377985
2024-08-21 09:34:22,70500.0,100,Sell,233378301
2024-08-21 09:34:35,70500.0,300,Sell,233378795
2024-08-21 09:34:45,70500.0,1000,Sell,233379106
2024-08-21 09:34:47,70500.0,1000,Sell,233379149
2024-08-21 09:34:51,70500.0,1500,Sell,233379251
2024-08-21 09:34:57,70500.0,500,Sell,233379491
2024-08-21 09:34:59,70600.0,200,Buy,233379559
2024-08-21 09:35:02,70500.0,200,Sell,233379650
2024-08-21 09:35:03,70500.0,200,Sell,233379674
2024-08-21 09:35:09,70500.0,1000,Sell,233379891
2024-08-21 09:35:10,70500.0,500,Buy,233379914
2024-08-21 09:35:17,70500.0,1000,Buy,233380188
2024-08-21 09:35:21,70500.0,600,Buy,233380322
2024-08-21 09:35:24,70500.0,500,Sell,233380436
2024-08-21 09:35:25,70500.0,1000,Sell,233380461
2024-08-21 09:35:28,70500.0,500,Sell,233380628
2024-08-21 09:35:39,70500.0,300,Sell,233381079
2024-08-21 09:35:42,70500.0,700,Sell,233381210
2024-08-21 09:35:44,70500.0,500,Sell,233381323
2024-08-21 09:35:49,70500.0,500,Sell,233381528
2024-08-21 09:35:51,70500.0,500,Sell,233381566
2024-08-21 09:35:55,70500.0,4000,Sell,233381715
2024-08-21 09:36:09,70500.0,1000,Sell,233382195
2024-08-21 09:36:14,70500.0,800,Sell,233382369
2024-08-21 09:36:17,70500.0,100,Sell,233382445
2024-08-21 09:36:19,70500.0,1000,Sell,233382556
2024-08-21 09:36:21,70500.0,500,Sell,233382636
2024-08-21 09:36:26,70500.0,200,Sell,233382788
2024-08-21 09:36:38,70500.0,300,Sell,233383214
2024-08-21 09:36:43,70500.0,300,Sell,233383426
2024-08-21 09:36:57,70500.0,2000,Buy,233383875
2024-08-21 09:37:06,70500.0,1100,Buy,233384099
2024-08-21 09:37:08,70500.0,1000,Buy,233384144
2024-08-21 09:37:10,70500.0,1000,Buy,233384214
2024-08-21 09:37:11,70500.0,1000,Buy,233384230
2024-08-21 09:37:13,70500.0,100,Buy,233384278
2024-08-21 09:37:27,70500.0,1300,Buy,233384686
2024-08-21 09:37:34,70500.0,100,Buy,233384862
2024-08-21 09:37:35,70500.0,100,Buy,233384901
2024-08-21 09:37:48,70400.0,10000,Sell,233385344
2024-08-21 09:37:52,70400.0,100,Buy,233385456
2024-08-21 09:38:10,70400.0,200,Buy,233386105
2024-08-21 09:38:30,70400.0,500,Buy,233386737
2024-08-21 09:38:38,70400.0,100,Buy,233387007
2024-08-21 09:38:41,70400.0,500,Buy,233387063
2024-08-21 09:38:42,70300.0,600,Sell,233387091
2024-08-21 09:38:47,70300.0,14700,Sell,233387303
2024-08-21 09:38:49,70300.0,1000,Sell,233387366
2024-08-21 09:38:50,70400.0,300,Buy,233387389
2024-08-21 09:38:53,70300.0,500,Sell,233387472
2024-08-21 09:38:55,70300.0,8300,Sell,233387522
2024-08-21 09:39:10,70300.0,200,Buy,233387876
2024-08-21 09:39:25,70200.0,500,Buy,233388217
2024-08-21 09:39:26,70300.0,2000,Buy,233388259
2024-08-21 09:39:34,70300.0,100,Buy,233388426
2024-08-21 09:39:43,70300.0,100,Buy,233388675
2024-08-21 09:39:56,70300.0,100,Buy,233389026
2024-08-21 09:40:13,70300.0,1000,Buy,233389472
2024-08-21 09:40:20,70300.0,100,Buy,233389731
2024-08-21 09:40:21,70300.0,100,Buy,233389771
2024-08-21 09:40:46,70200.0,8100,Buy,233390362
2024-08-21 09:41:05,70100.0,100,Sell,233390910
2024-08-21 09:41:06,70100.0,300,Sell,233390934
2024-08-21 09:41:14,70100.0,1000,Sell,233391124
2024-08-21 09:41:20,70100.0,1700,Buy,233391247
2024-08-21 09:41:25,70100.0,300,Buy,233391376
2024-08-21 09:41:30,70100.0,200,Sell,233391544
2024-08-21 09:41:37,70100.0,500,ATO/ATC,233391716
2024-08-21 09:41:46,70100.0,200,Sell,233391980
2024-08-21 09:42:15,70000.0,7800,Sell,233392717
2024-08-21 09:42:22,70100.0,400,Sell,233392914
2024-08-21 09:42:24,70100.0,600,Sell,233392998
2024-08-21 09:42:30,70000.0,7100,Sell,233393162
2024-08-21 09:42:40,70000.0,7000,Sell,233393365
2024-08-21 09:42:54,70000.0,200,Sell,233393801
2024-08-21 09:42:57,70000.0,2500,Sell,233393877
2024-08-21 09:43:13,70000.0,200,Sell,233394261
2024-08-21 09:43:14,70000.0,1200,Sell,233394272
2024-08-21 09:43:16,70000.0,1800,Sell,233394341
2024-08-21 09:43:22,70000.0,100,Sell,233394481
2024-08-21 09:43:24,70000.0,300,Sell,233394533
2024-08-21 09:43:25,70000.0,1400,Buy,233394554
2024-08-21 09:43:36,70000.0,500,Buy,233394877
2024-08-21 09:44:20,70000.0,100,Buy,233396067
2024-08-21 09:44:23,69900.0,500,Sell,233396144
2024-08-21 09:44:34,69900.0,1000,Sell,233396484
2024-08-21 09:44:40,70000.0,3500,Buy,233396663
2024-08-21 09:45:00,70000.0,200,Buy,233397252
2024-08-21 09:45:07,69900.0,300,Sell,233397436
2024-08-21 09:45:28,69900.0,500,Sell,233397982
2024-08-21 09:45:30,69900.0,700,Sell,233398067
2024-08-21 09:45:32,69900.0,300,Sell,233398113
2024-08-21 09:45:41,69900.0,100,Sell,233398323
2024-08-21 09:46:07,69900.0,1000,Sell,233399011
2024-08-21 09:46:14,69900.0,1000,Sell,233399167
2024-08-21 09:46:20,69900.0,5000,Sell,233399402
2024-08-21 09:46:25,69900.0,1000,Sell,233399531
2024-08-21 09:46:34,69900.0,3000,Sell,233399743
2024-08-21 09:46:44,69900.0,500,Sell,233400032
2024-08-21 09:47:03,70000.0,1400,Buy,233400581
2024-08-21 09:47:13,69900.0,600,Buy,233400859
2024-08-21 09:47:23,69900.0,200,Buy,233401155
2024-08-21 09:48:07,69900.0,100,Buy,233402098
2024-08-21 09:48:08,69900.0,1000,Buy,233402149
2024-08-21 09:48:34,69800.0,200,Sell,233402860
2024-08-21 09:48:46,69800.0,1000,Sell,233403131
2024-08-21 09:49:07,69800.0,900,Sell,233403702
2024-08-21 09:49:17,69900.0,1100,Buy,233403955
2024-08-21 09:49:34,69900.0,100,Buy,233404327
2024-08-21 09:49:39,69900.0,1000,Buy,233404454
2024-08-21 09:49:45,69900.0,1700,Buy,233404576
2024-08-21 09:49:59,69800.0,400,Sell,233404835
2024-08-21 09:50:17,69800.0,1100,Sell,233405219
2024-08-21 09:50:19,69900.0,300,Buy,233405286
2024-08-21 09:50:38,69900.0,100,Buy,233405744
2024-08-21 09:50:41,69900.0,100,Buy,233405800
2024-08-21 09:50:54,69900.0,100,Buy,233406188
2024-08-21 09:51:00,69900.0,100,Buy,233406283
2024-08-21 09:51:22,69800.0,500,Sell,233406848
2024-08-21 09:51:36,69800.0,100,Sell,233407125
2024-08-21 09:51:45,69800.0,100,Sell,233407388
2024-08-21 09:52:08,69800.0,1000,Sell,233407935
2024-08-21 09:52:15,69800.0,7600,Sell,233408037
2024-08-21 09:52:16,69800.0,800,Buy,233408049
2024-08-21 09:52:35,69800.0,300,Buy,233408550
2024-08-21 09:52:45,69800.0,200,Buy,233408788
2024-08-21 09:53:02,69800.0,100,Buy,233409370
2024-08-21 09:53:07,69700.0,700,Sell,233409498
2024-08-21 09:53:33,69700.0,400,Sell,233410154
2024-08-21 09:53:41,69600.0,11000,Sell,233410344
2024-08-21 09:53:58,69600.0,100,Sell,233410724
2024-08-21 09:54:04,69600.0,500,Sell,233410903
2024-08-21 09:54:10,69600.0,1000,Sell,233411044
2024-08-21 09:54:11,69600.0,1200,Sell,233411070
2024-08-21 09:55:01,69600.0,400,Sell,233412243
2024-08-21 09:55:13,69600.0,100,Sell,233412488
2024-08-21 09:55:19,69700.0,500,Buy,233412626
2024-08-21 09:55:21,69700.0,100,Sell,233412688
2024-08-21 09:55:43,69800.0,200,Buy,233413269
2024-08-21 09:55:45,69800.0,2000,Buy,233413334
2024-08-21 09:55:48,69800.0,500,Buy,233413388
2024-08-21 09:55:56,69800.0,2000,Buy,233413546
2024-08-21 09:56:03,69800.0,1000,Buy,233413742
2024-08-21 09:56:16,69800.0,300,Buy,233414066
2024-08-21 09:56:18,69800.0,500,ATO/ATC,233414135
2024-08-21 09:56:39,69800.0,2000,Sell,233414712
2024-08-21 09:56:49,69800.0,2400,Sell,233414962
2024-08-21 09:57:08,69900.0,300,Buy,233415472
2024-08-21 09:57:15,69900.0,300,Buy,233415665
2024-08-21 09:57:20,69900.0,400,Buy,233415762
2024-08-21 09:57:24,69900.0,300,Buy,233415827
2024-08-21 09:57:52,69900.0,500,Buy,233416772
2024-08-21 09:57:56,69900.0,2700,Buy,233416833
2024-08-21 09:58:19,70000.0,600,Buy,233417527
2024-08-21 09:58:34,70000.0,300,Buy,233418067
2024-08-21 09:58:39,69900.0,100,Sell,233418227
2024-08-21 09:59:00,69900.0,500,Sell,233418781
2024-08-21 09:59:09,70000.0,100,Buy,233418994
2024-08-21 09:59:22,69900.0,100,Sell,233419341
2024-08-21 10:00:11,70000.0,500,Buy,233421047
2024-08-21 10:00:16,70000.0,500,Buy,233421195
2024-08-21 10:00:17,70000.0,200,Buy,233421215
2024-08-21 10:00:35,70000.0,100,Buy,233421701
2024-08-21 10:00:39,69900.0,500,Sell,233421845
2024-08-21 10:00:45,70000.0,100,Buy,233422042
2024-08-21 10:00:48,69900.0,100,Sell,233422082
2024-08-21 10:00:51,70000.0,1000,Buy,233422137
2024-08-21 10:00:53,70000.0,500,Buy,233422188
2024-08-21 10:00:59,70000.0,200,Buy,233422337
2024-08-21 10:01:09,70000.0,2000,Buy,233422579
2024-08-21 10:01:22,70000.0,500,Buy,233422986
2024-08-21 10:01:37,70000.0,5400,Buy,233423304
2024-08-21 10:01:38,70000.0,2000,Buy,233423334
2024-08-21 10:01:48,70000.0,500,Buy,233423765
2024-08-21 10:01:53,70000.0,2000,Buy,233423903
2024-08-21 10:01:55,70000.0,100,Buy,233423955
2024-08-21 10:01:57,70000.0,100,Buy,233424006
2024-08-21 10:02:08,70000.0,100,Buy,233424386
2024-08-21 10:02:16,70100.0,500,Buy,233424622
2024-08-21 10:02:57,70100.0,800,Sell,233425685
2024-08-21 10:03:36,70200.0,100,Buy,233426838
2024-08-21 10:03:43,70200.0,300,Buy,233427050
2024-08-21 10:03:49,70200.0,500,Buy,233427267
2024-08-21 10:03:59,70200.0,1800,Buy,233427568
2024-08-21 10:04:08,70200.0,100,Buy,233427846
2024-08-21 10:04:09,70200.0,300,Buy,233427879
2024-08-21 10:04:10,70200.0,100,Buy,233427900
2024-08-21 10:04:23,70200.0,1500,Buy,233428306
2024-08-21 10:04:40,70200.0,200,Buy,233428822
2024-08-21 10:05:02,70300.0,400,Buy,233429568
2024-08-21 10:05:10,70300.0,400,Buy,233429849
2024-08-21 10:05:11,70300.0,900,Sell,233429921
2024-08-21 10:05:29,70400.0,1000,Buy,233430713
2024-08-21 10:05:47,70400.0,1000,Buy,233431348
2024-08-21 10:05:50,70400.0,500,Buy,233431428
2024-08-21 10:05:55,70400.0,200,Buy,233431574
2024-08-21 10:06:00,70400.0,2000,Buy,233431876
2024-08-21 10:06:02,70400.0,200,Buy,233431932
2024-08-21 10:06:03,70400.0,200,Buy,233432000
2024-08-21 10:06:16,70400.0,1000,Buy,233432608
2024-08-21 10:06:28,70300.0,100,Sell,233433120
2024-08-21 10:06:29,70400.0,3200,Buy,233433172
2024-08-21 10:06:30,70400.0,900,Sell,233433213
2024-08-21 10:06:36,70500.0,1000,Buy,233433455
2024-08-21 10:06:40,70500.0,1000,Buy,233433576
2024-08-21 10:06:49,70400.0,500,Sell,233433962
2024-08-21 10:07:01,70400.0,100,Sell,233434423
2024-08-21 10:07:18,70400.0,100,Sell,233435101
2024-08-21 10:07:23,70400.0,300,Sell,233435252
2024-08-21 10:07:28,70500.0,900,Buy,233435436
2024-08-21 10:07:42,70500.0,1000,Buy,233435855
2024-08-21 10:07:46,70500.0,2000,Buy,233435971
2024-08-21 10:07:55,70400.0,200,Sell,233436229
2024-08-21 10:08:03,70500.0,2000,Buy,233436469
2024-08-21 10:08:07,70500.0,5600,Buy,233436713
2024-08-21 10:08:13,70500.0,500,Buy,233436868
2024-08-21 10:08:30,70500.0,900,Buy,233437390
2024-08-21 10:08:32,70500.0,400,Buy,233437442
2024-08-21 10:08:42,70500.0,800,Buy,233437832
2024-08-21 10:09:00,70500.0,100,Buy,233438483
2024-08-21 10:09:01,70500.0,1000,Buy,233438515
2024-08-21 10:09:09,70500.0,800,Buy,233438867
2024-08-21 10:09:10,70500.0,1000,Buy,233438890
2024-08-21 10:09:12,70500.0,800,Buy,233438977
2024-08-21 10:09:28,70400.0,2100,Sell,233439562
2024-08-21 10:09:39,70500.0,100,Sell,233439871
2024-08-21 10:09:43,70500.0,500,Sell,233439991
2024-08-21 10:09:52,70500.0,100,Sell,233440349
2024-08-21 10:09:53,70500.0,800,Sell,233440382
2024-08-21 10:10:13,70500.0,2000,Buy,233440988
2024-08-21 10:10:19,70500.0,100,Buy,233441130
2024-08-21 10:10:32,70400.0,500,Sell,233441596
2024-08-21 10:10:35,70500.0,300,Buy,233441672
2024-08-21 10:10:51,70600.0,5000,Buy,233442046
2024-08-21 10:11:07,70500.0,100,Buy,233442634
2024-08-21 10:11:10,70500.0,100,Buy,233442705
2024-08-21 10:11:11,70500.0,500,Buy,233442722
2024-08-21 10:11:12,70500.0,100,Buy,233442767
2024-08-21 10:11:14,70500.0,500,Buy,233442809
2024-08-21 10:11:17,70500.0,100,Buy,233442891
2024-08-21 10:11:22,70400.0,100,Sell,233443013
2024-08-21 10:11:24,70400.0,100,Sell,233443065
2024-08-21 10:11:52,70400.0,5000,Sell,233444254
2024-08-21 10:11:55,70500.0,200,Buy,233444588
2024-08-21 10:12:19,70500.0,500,Buy,233445311
2024-08-21 10:12:21,70400.0,500,Sell,233445361
2024-08-21 10:12:26,70500.0,400,Buy,233445464
2024-08-21 10:12:28,70500.0,200,Buy,233445491
2024-08-21 10:13:28,70400.0,2000,Sell,233447006
2024-08-21 10:13:35,70400.0,100,Sell,233447248
2024-08-21 10:13:46,70400.0,500,Sell,233447539
2024-08-21 10:13:47,70400.0,300,Sell,233447580
2024-08-21 10:14:27,70300.0,1700,Sell,233448358
2024-08-21 10:14:34,70300.0,100,Sell,233448542
2024-08-21 10:15:12,70300.0,2600,Buy,233449611
2024-08-21 10:16:01,70300.0,500,Buy,233450741
2024-08-21 10:16:18,70300.0,300,Buy,233451252
2024-08-21 10:17:08,70300.0,100,Buy,233452531
2024-08-21 10:17:23,70300.0,2000,Buy,233452908
2024-08-21 10:17:35,70300.0,100,Buy,233453339
2024-08-21 10:17:58,70300.0,600,Buy,233453966
2024-08-21 10:18:02,70300.0,100,Buy,233454054
2024-08-21 10:18:05,70200.0,2700,Sell,233454179
2024-08-21 10:18:07,70300.0,100,Buy,233454212
2024-08-21 10:18:45,70300.0,500,Buy,233455062
2024-08-21 10:19:00,70200.0,300,Sell,233455492
2024-08-21 10:19:11,70200.0,1300,Sell,233455801
2024-08-21 10:19:24,70300.0,100,Buy,233456206
2024-08-21 10:19:30,70200.0,500,Sell,233456422
2024-08-21 10:19:53,70200.0,100,Sell,233457045
2024-08-21 10:20:11,70200.0,100,Sell,233457492
2024-08-21 10:20:15,70200.0,500,Sell,233457568
2024-08-21 10:20:22,70300.0,800,Buy,233457785
2024-08-21 10:20:53,70300.0,800,Buy,233458498
2024-08-21 10:21:22,70300.0,100,Sell,233459391
2024-08-21 10:22:14,70300.0,1000,Sell,233460604
2024-08-21 10:22:26,70300.0,1000,Sell,233461012
2024-08-21 10:22:30,70300.0,100,Buy,233461088
2024-08-21 10:22:33,70300.0,1000,Buy,233461210
2024-08-21 10:22:57,70300.0,900,Buy,233461696
2024-08-21 10:23:05,70300.0,100,Sell,233461875
2024-08-21 10:23:31,70200.0,2500,Sell,233462426
2024-08-21 10:23:53,70200.0,500,Sell,233462975
2024-08-21 10:24:08,70300.0,100,Buy,233463339
2024-08-21 10:24:29,70200.0,100,Sell,233463864
2024-08-21 10:24:32,70300.0,2000,Buy,233463952
2024-08-21 10:24:47,70300.0,500,Buy,233464277
2024-08-21 10:24:48,70300.0,200,Sell,233464286
2024-08-21 10:24:49,70300.0,500,Sell,233464298
2024-08-21 10:25:02,70300.0,200,Sell,233464673
2024-08-21 10:25:07,70300.0,100,Sell,233464785
2024-08-21 10:26:19,70300.0,3400,Sell,233466807
2024-08-21 10:26:32,70300.0,400,Sell,233467157
2024-08-21 10:26:33,70300.0,100,Sell,233467182
2024-08-21 10:26:38,70200.0,2000,Sell,233467335
2024-08-21 10:26:58,70200.0,100,Sell,233468009
2024-08-21 10:27:15,70200.0,100,Sell,233468569
2024-08-21 10:27:21,70200.0,2100,Sell,233468725
2024-08-21 10:27:25,70200.0,300,Sell,233468791
2024-08-21 10:27:30,70200.0,1600,Sell,233469051
2024-08-21 10:27:44,70200.0,300,Sell,233469418
2024-08-21 10:27:55,70200.0,1000,ATO/ATC,233469828
2024-08-21 10:29:02,70100.0,200,Sell,233471540
2024-08-21 10:29:15,70100.0,300,Sell,233472111
2024-08-21 10:29:17,70100.0,200,Sell,233472247
2024-08-21 10:29:18,70100.0,2000,Sell,233472257
2024-08-21 10:29:24,70100.0,100,Sell,233472496
2024-08-21 10:29:53,70000.0,300,Sell,233473471
2024-08-21 10:29:54,70000.0,300,Sell,233473560
2024-08-21 10:30:02,70000.0,2000,Sell,233473793
2024-08-21 10:30:16,70000.0,100,Sell,233474233
2024-08-21 10:30:23,70000.0,400,Sell,233474458
2024-08-21 10:30:54,70100.0,2000,Buy,233475583
2024-08-21 10:31:02,70100.0,200,Buy,233475774
2024-08-21 10:31:04,70100.0,1000,Buy,233475835
2024-08-21 10:31:21,70100.0,1000,Buy,233476572
2024-08-21 10:32:11,70100.0,1200,Buy,233478650
2024-08-21 10:32:13,70100.0,100,Buy,233478728
2024-08-21 10:32:24,70000.0,500,Sell,233479216
2024-08-21 10:32:40,70000.0,1300,Sell,233479861
2024-08-21 10:32:43,70000.0,100,Sell,233480043
2024-08-21 10:32:44,70000.0,100,Sell,233480103
2024-08-21 10:32:51,70000.0,500,Sell,233480442
2024-08-21 10:32:53,70000.0,500,Sell,233480558
2024-08-21 10:32:55,70000.0,500,Sell,233480677
2024-08-21 10:32:59,70000.0,600,Sell,233480845
2024-08-21 10:33:06,70000.0,100,Sell,233481128
2024-08-21 10:33:13,70000.0,500,Sell,233481441
2024-08-21 10:33:24,70000.0,400,Sell,233482031
2024-08-21 10:33:29,70000.0,100,Sell,233482221
2024-08-21 10:33:33,70000.0,1000,Sell,233482380
2024-08-21 10:33:36,70000.0,3500,Sell,233482487
2024-08-21 10:33:37,70000.0,500,Sell,233482547
2024-08-21 10:33:39,70000.0,1000,Sell,233482640
2024-08-21 10:33:46,70000.0,900,Sell,233482882
2024-08-21 10:33:51,70000.0,200,Sell,233483035
2024-08-21 10:33:52,70000.0,2300,Sell,233483123
2024-08-21 10:33:57,70000.0,1300,Sell,233483344
2024-08-21 10:33:58,70000.0,200,Sell,233483383
2024-08-21 10:34:05,70000.0,1000,Sell,233483656
2024-08-21 10:34:07,70000.0,500,Sell,233483781
2024-08-21 10:34:10,70000.0,1500,Sell,233483899
2024-08-21 10:34:12,70000.0,500,Buy,233483969
2024-08-21 10:34:50,70000.0,400,Buy,233485830
2024-08-21 10:35:13,69900.0,3000,Sell,233486964
2024-08-21 10:35:19,69900.0,10000,Sell,233487256
2024-08-21 10:35:25,69900.0,100,Sell,233487579
2024-08-21 10:35:29,69900.0,1200,Sell,233487713
2024-08-21 10:35:43,69900.0,100,Sell,233488343
2024-08-21 10:35:46,69900.0,2000,Sell,233488569
2024-08-21 10:35:47,69900.0,400,Buy,233488628
2024-08-21 10:35:59,69800.0,2000,Sell,233489128
2024-08-21 10:36:06,69800.0,400,Buy,233489407
2024-08-21 10:36:11,69900.0,500,Buy,233489665
2024-08-21 10:36:14,69800.0,100,Sell,233489747
2024-08-21 10:36:37,69700.0,100,Sell,233490712
2024-08-21 10:36:41,69800.0,200,Buy,233490934
2024-08-21 10:36:47,69800.0,400,Buy,233491174
2024-08-21 10:37:38,69700.0,200,Sell,233493230
2024-08-21 10:37:44,69700.0,5000,Sell,233493486
2024-08-21 10:37:55,69800.0,100,Buy,233493882
2024-08-21 10:37:57,69700.0,500,Sell,233493937
2024-08-21 10:37:59,69700.0,1300,Sell,233494044
2024-08-21 10:38:05,69700.0,100,Buy,233494223
2024-08-21 10:38:12,69600.0,2400,Sell,233494486
2024-08-21 10:38:21,69600.0,200,Sell,233494888
2024-08-21 10:38:24,69700.0,700,Buy,233494974
2024-08-21 10:38:26,69600.0,300,Sell,233495047
2024-08-21 10:38:27,69600.0,1600,Sell,233495100
2024-08-21 10:38:29,69600.0,500,Sell,233495151
2024-08-21 10:38:38,69600.0,100,Sell,233495403
2024-08-21 10:38:40,69600.0,900,Sell,233495459
2024-08-21 10:38:42,69600.0,100,Sell,233495495
2024-08-21 10:38:45,69600.0,1600,Sell,233495597
2024-08-21 10:38:50,69600.0,200,Sell,233495745
2024-08-21 10:38:51,69600.0,1700,Sell,233495760
2024-08-21 10:38:54,69600.0,800,Buy,233495853
2024-08-21 10:38:56,69600.0,500,Buy,233495925
2024-08-21 10:39:07,69600.0,1800,Buy,233496331
2024-08-21 10:39:24,69600.0,1200,Sell,233496801
2024-08-21 10:39:25,69700.0,400,Sell,233496838
2024-08-21 10:39:50,69700.0,200,Sell,233497713
2024-08-21 10:40:03,69700.0,1000,Sell,233498100
2024-08-21 10:40:16,69700.0,100,Buy,233498529
2024-08-21 10:40:59,69700.0,6900,Buy,233499631
2024-08-21 10:41:05,69700.0,300,Buy,233499780
2024-08-21 10:41:25,69700.0,200,Buy,233500213
2024-08-21 10:41:28,69700.0,500,Buy,233500332
2024-08-21 10:41:31,69700.0,100,Sell,233500399
2024-08-21 10:42:13,69800.0,600,Buy,233501324
2024-08-21 10:42:23,69700.0,100,Sell,233501559
2024-08-21 10:42:25,69800.0,100,Buy,233501584
2024-08-21 10:42:38,69800.0,100,Buy,233501886
2024-08-21 10:42:46,69800.0,100,Buy,233502117
2024-08-21 10:42:57,69800.0,800,Sell,233502356
2024-08-21 10:43:55,69900.0,100,Buy,233503843
2024-08-21 10:44:02,69900.0,200,Buy,233504009
2024-08-21 10:44:04,69800.0,2000,Sell,233504040
2024-08-21 10:46:25,69800.0,100,Sell,233506458
2024-08-21 10:46:27,69900.0,100,Buy,233506477
2024-08-21 10:47:02,69900.0,1500,Buy,233507135
2024-08-21 10:47:50,69900.0,200,Buy,233507936
2024-08-21 10:48:08,69900.0,3000,Buy,233508257
2024-08-21 10:48:25,69900.0,300,Buy,233508606
2024-08-21 10:48:35,69900.0,200,Buy,233508766
2024-08-21 10:49:03,69900.0,100,Buy,233509250
2024-08-21 10:49:28,69900.0,1000,Buy,233509657
2024-08-21 10:50:48,69900.0,400,Buy,233510943
2024-08-21 10:51:10,69800.0,500,Sell,233511275
2024-08-21 10:51:56,69800.0,1000,Sell,233512027
2024-08-21 10:51:57,69900.0,100,Buy,233512041
2024-08-21 10:52:28,69800.0,500,Sell,233512496
2024-08-21 10:53:01,69800.0,500,Sell,233513005
2024-08-21 10:53:14,69800.0,200,Sell,233513269
2024-08-21 10:53:45,69800.0,300,Sell,233513759
2024-08-21 10:53:46,69800.0,1000,Buy,233513780
2024-08-21 10:54:03,69800.0,200,Buy,233514048
2024-08-21 10:54:57,69800.0,200,Buy,233515112
2024-08-21 10:55:01,69800.0,100,Buy,233515201
2024-08-21 10:56:29,69800.0,300,Buy,233516763
2024-08-21 10:56:54,69700.0,500,Sell,233517066
2024-08-21 10:57:30,69700.0,600,Sell,233517611
2024-08-21 10:57:40,69700.0,100,Sell,233517786
2024-08-21 10:58:09,69700.0,300,Sell,233518205
2024-08-21 10:58:15,69700.0,2000,Sell,233518302
2024-08-21 10:58:27,69700.0,3000,Sell,233518478
2024-08-21 10:58:46,69700.0,100,Sell,233518722
2024-08-21 10:59:06,69700.0,3900,Sell,233519051
2024-08-21 10:59:26,69600.0,9300,Sell,233519389
2024-08-21 10:59:49,69600.0,100,Buy,233519697
2024-08-21 10:59:51,69600.0,500,Buy,233519745
2024-08-21 10:59:54,69600.0,100,Sell,233519820
2024-08-21 11:00:02,69600.0,100,Sell,233519944
2024-08-21 11:00:04,69600.0,100,Sell,233519994
2024-08-21 11:00:08,69500.0,30000,Sell,233520082
2024-08-21 11:00:27,69500.0,300,Sell,233520444
2024-08-21 11:00:54,69600.0,100,Buy,233520924
2024-08-21 11:00:59,69600.0,100,Buy,233521014
2024-08-21 11:01:19,69500.0,200,Sell,233521411
2024-08-21 11:02:09,69500.0,400,Sell,233522363
2024-08-21 11:02:34,69500.0,800,Sell,233522766
2024-08-21 11:02:39,69500.0,500,Sell,233522874
2024-08-21 11:03:29,69500.0,100,Sell,233523751
2024-08-21 11:03:56,69500.0,100,Sell,233524354
2024-08-21 11:04:20,69500.0,100,Sell,233524846
2024-08-21 11:04:44,69500.0,1000,Sell,233525465
2024-08-21 11:04:57,69500.0,400,Sell,233525699
2024-08-21 11:05:03,69500.0,500,Sell,233525813
2024-08-21 11:05:26,69500.0,200,Sell,233526124
2024-08-21 11:05:27,69500.0,200,Sell,233526162
2024-08-21 11:05:59,69500.0,100,Sell,233526848
2024-08-21 11:06:06,69500.0,400,Sell,233526995
2024-08-21 11:06:15,69500.0,500,Sell,233527141
2024-08-21 11:06:16,69500.0,800,Sell,233527157
2024-08-21 11:06:19,69600.0,100,Buy,233527210
2024-08-21 11:06:50,69500.0,500,Sell,233527774
2024-08-21 11:06:55,69500.0,100,Sell,233527851
2024-08-21 11:07:22,69500.0,100,Buy,233528306
2024-08-21 11:08:37,69400.0,100,Sell,233529534
2024-08-21 11:09:16,69400.0,1500,Sell,233530236
2024-08-21 11:09:40,69400.0,1500,Sell,233530705
2024-08-21 11:09:51,69500.0,500,Buy,233530983
2024-08-21 11:10:38,69500.0,400,Buy,233531937
2024-08-21 11:10:42,69400.0,100,Sell,233532006
2024-08-21 11:11:12,69400.0,1000,Sell,233532646
2024-08-21 11:11:40,69400.0,600,Sell,233533126
2024-08-21 11:11:50,69400.0,500,Sell,233533327
2024-08-21 11:12:18,69400.0,100,Sell,233533872
2024-08-21 11:12:48,69400.0,100,Sell,233534475
2024-08-21 11:13:12,69500.0,2000,Buy,233535005
2024-08-21 11:13:21,69500.0,100,Buy,233535217
2024-08-21 11:13:26,69500.0,200,Buy,233535284
2024-08-21 11:13:28,69500.0,1000,Buy,233535316
2024-08-21 11:13:33,69400.0,5100,Sell,233535423
2024-08-21 11:13:35,69500.0,100,Buy,233535439
2024-08-21 11:13:52,69500.0,100,Buy,233535727
2024-08-21 11:13:58,69500.0,200,Buy,233535823
2024-08-21 11:14:23,69500.0,3900,Sell,233536186
2024-08-21 11:15:17,69500.0,1100,Sell,233537008
2024-08-21 11:15:52,69500.0,200,Sell,233537604
2024-08-21 11:15:58,69500.0,1000,Sell,233537722
2024-08-21 11:16:10,69600.0,5000,Buy,233537880
2024-08-21 11:16:14,69600.0,400,Buy,233537927
2024-08-21 11:16:43,69600.0,300,Sell,233538365
2024-08-21 11:17:08,69800.0,300,Buy,233538776
2024-08-21 11:17:42,69700.0,100,Buy,233539486
2024-08-21 11:18:08,69700.0,1300,Buy,233539950
2024-08-21 11:18:19,69700.0,100,ATO/ATC,233540196
2024-08-21 11:18:42,69700.0,500,ATO/ATC,233540615
2024-08-21 11:19:31,69800.0,500,Buy,233541736
2024-08-21 11:20:30,69800.0,900,Buy,233542780
2024-08-21 11:20:45,69800.0,100,Buy,233543038
2024-08-21 11:21:11,69800.0,1000,Buy,233543482
2024-08-21 11:21:20,69800.0,200,Buy,233543634
2024-08-21 11:21:23,69800.0,100,Buy,233543665
2024-08-21 11:21:31,69700.0,2000,Sell,233543763
2024-08-21 11:22:14,69800.0,100,Buy,233544422
2024-08-21 11:22:19,69800.0,300,Buy,233544491
2024-08-21 11:22:27,69800.0,200,Buy,233544625
2024-08-21 11:23:25,69700.0,100,Sell,233545367
2024-08-21 11:24:48,69800.0,100,Sell,233546374
2024-08-21 11:25:38,69800.0,900,Buy,233547010
2024-08-21 11:26:18,69800.0,100,Buy,233547550
2024-08-21 11:26:25,69900.0,2000,Buy,233547638
2024-08-21 11:26:59,69900.0,1100,Buy,233548035
2024-08-21 11:27:02,69900.0,800,Sell,233548058
2024-08-21 11:27:34,69900.0,1000,Sell,233548517
2024-08-21 11:28:49,70000.0,100,Buy,233549568
2024-08-21 11:29:03,69900.0,100,Sell,233549811
2024-08-21 11:29:11,70000.0,100,Buy,233549943
2024-08-21 11:29:37,70000.0,100,Buy,233550333
2024-08-21 11:29:42,70000.0,200,Buy,233550418
2024-08-21 13:00:00,70000.0,1300,Buy,233551744
2024-08-21 13:00:03,69900.0,1600,Sell,233552480
2024-08-21 13:00:05,70000.0,16700,Buy,233552775
2024-08-21 13:00:09,70000.0,1600,Buy,233553330
2024-08-21 13:01:07,69800.0,5000,Sell,233555162
2024-08-21 13:02:06,69900.0,100,Sell,233556612
2024-08-21 13:02:24,69800.0,2000,Sell,233557009
2024-08-21 13:02:32,69700.0,3000,Sell,233557226
2024-08-21 13:02:52,69800.0,700,Sell,233557668
2024-08-21 13:03:10,69800.0,100,Sell,233558158
2024-08-21 13:03:59,69800.0,400,Sell,233559278
2024-08-21 13:04:26,69800.0,200,Sell,233559983
2024-08-21 13:04:39,69800.0,200,Sell,233560360
2024-08-21 13:04:48,69800.0,100,ATO/ATC,233560575
2024-08-21 13:04:54,69800.0,200,Buy,233560719
2024-08-21 13:04:58,69800.0,700,Sell,233560798
2024-08-21 13:05:31,69800.0,100,Sell,233561768
2024-08-21 13:05:39,69800.0,500,Sell,233562026
2024-08-21 13:05:43,69800.0,100,Sell,233562105
2024-08-21 13:05:54,69900.0,2000,Buy,233562447
2024-08-21 13:05:56,69800.0,500,Sell,233562505
2024-08-21 13:06:00,69900.0,200,Buy,233562635
2024-08-21 13:06:01,69900.0,100,Buy,233562650
2024-08-21 13:06:43,69900.0,100,Sell,233563804
2024-08-21 13:06:49,69900.0,100,Sell,233563942
2024-08-21 13:06:59,69900.0,100,Sell,233564219
2024-08-21 13:07:10,69900.0,200,Sell,233564576
2024-08-21 13:07:13,69900.0,100,Sell,233564683
2024-08-21 13:07:14,69900.0,700,Buy,233564708
2024-08-21 13:07:44,69900.0,300,ATO/ATC,233565782
2024-08-21 13:08:08,69900.0,400,Sell,233566552
2024-08-21 13:08:22,69900.0,1000,Sell,233567198
2024-08-21 13:08:35,69900.0,1000,Sell,233567555
2024-08-21 13:08:36,70000.0,700,Buy,233567591
2024-08-21 13:08:45,69900.0,100,Sell,233567822
2024-08-21 13:08:55,70000.0,1000,Buy,233568054
2024-08-21 13:08:58,69900.0,100,Sell,233568117
2024-08-21 13:09:28,70000.0,3000,Buy,233568860
2024-08-21 13:09:32,70000.0,4800,Buy,233569006
2024-08-21 13:09:52,69900.0,1000,Sell,233569544
2024-08-21 13:10:00,70000.0,100,Buy,233569858
2024-08-21 13:10:15,70000.0,1000,Buy,233570285
2024-08-21 13:10:42,70000.0,500,Buy,233570910
2024-08-21 13:10:54,70000.0,1000,Buy,233571207
2024-08-21 13:10:55,70000.0,500,Buy,233571238
2024-08-21 13:11:00,70000.0,2000,Buy,233571370
2024-08-21 13:11:04,69900.0,800,Sell,233571491
2024-08-21 13:11:05,70000.0,100,Buy,233571523
2024-08-21 13:11:14,70000.0,200,Buy,233571708
2024-08-21 13:11:48,69900.0,100,Sell,233572547
2024-08-21 13:11:50,69900.0,500,Sell,233572609
2024-08-21 13:12:05,69900.0,500,Sell,233573003
2024-08-21 13:12:20,70000.0,1000,Buy,233573397
2024-08-21 13:12:26,70000.0,100,Buy,233573533
2024-08-21 13:12:56,70000.0,100,Buy,233574240
2024-08-21 13:13:23,70000.0,200,Buy,233574840
2024-08-21 13:13:51,70000.0,800,Buy,233575586
2024-08-21 13:13:53,70000.0,200,Buy,233575619
2024-08-21 13:13:56,70000.0,400,Buy,233575728
2024-08-21 13:14:15,70000.0,100,Buy,233576300
2024-08-21 13:14:51,70000.0,100,Buy,233577264
2024-08-21 13:15:15,70000.0,10000,Buy,233577966
2024-08-21 13:15:23,70000.0,5600,Buy,233578192
2024-08-21 13:15:38,70000.0,300,Buy,233578780
2024-08-21 13:15:40,70000.0,500,Buy,233578809
2024-08-21 13:15:42,70000.0,1600,Buy,233578863
2024-08-21 13:15:52,70000.0,100,Buy,233579166
2024-08-21 13:15:55,70000.0,100,Buy,233579266
2024-08-21 13:16:26,70000.0,500,Buy,233580161
2024-08-21 13:16:30,70000.0,1000,Buy,233580242
2024-08-21 13:16:42,70000.0,100,Buy,233580654
2024-08-21 13:16:44,70000.0,500,Buy,233580714
2024-08-21 13:16:49,70000.0,1300,Buy,233580859
2024-08-21 13:16:51,70000.0,500,Buy,233580943
2024-08-21 13:17:01,70000.0,1000,Buy,233581292
2024-08-21 13:17:04,70000.0,1000,Sell,233581423
2024-08-21 13:17:19,70000.0,1000,Sell,233582063
2024-08-21 13:18:02,70100.0,500,Buy,233583366
2024-08-21 13:18:09,70000.0,6000,Sell,233583532
2024-08-21 13:18:18,70100.0,4000,Buy,233583744
2024-08-21 13:18:52,70000.0,100,Sell,233584944
2024-08-21 13:19:08,70000.0,3000,Sell,233585469
2024-08-21 13:19:47,70000.0,2000,Sell,233586588
2024-08-21 13:19:52,70000.0,3000,Sell,233586773
2024-08-21 13:19:54,70000.0,300,Buy,233586821
2024-08-21 13:19:55,70000.0,300,Buy,233586844
2024-08-21 13:19:58,70000.0,400,Sell,233586913
2024-08-21 13:20:03,70100.0,1000,Buy,233587041
2024-08-21 13:20:13,70100.0,500,Buy,233587528
2024-08-21 13:20:25,70100.0,1600,Buy,233587919
2024-08-21 13:21:00,70100.0,100,Buy,233588988
2024-08-21 13:21:12,70100.0,100,ATO/ATC,233589353
2024-08-21 13:21:38,70100.0,100,Sell,233590116
2024-08-21 13:21:52,70100.0,100,Sell,233590590
2024-08-21 13:21:59,70100.0,2100,Sell,233590771
2024-08-21 13:22:14,70100.0,300,Buy,233591239
2024-08-21 13:22:43,70000.0,500,Sell,233591989
2024-08-21 13:22:53,70000.0,10000,Sell,233592257
2024-08-21 13:23:37,70100.0,1000,Buy,233593748
2024-08-21 13:23:40,70000.0,1000,Sell,233593810
2024-08-21 13:23:42,70000.0,100,Sell,233593895
2024-08-21 13:23:50,70000.0,1000,Sell,233594117
2024-08-21 13:24:29,70000.0,100,Sell,233595530
2024-08-21 13:24:35,70000.0,2000,Sell,233595673
2024-08-21 13:24:38,70000.0,100,Sell,233595766
2024-08-21 13:24:54,70000.0,800,Sell,233596267
2024-08-21 13:25:14,70000.0,100,Sell,233596873
2024-08-21 13:25:27,70100.0,1000,Buy,233597191
2024-08-21 13:25:35,70100.0,100,Buy,233597355
2024-08-21 13:26:39,70100.0,100,Buy,233599112
2024-08-21 13:26:46,70100.0,800,Sell,233599256
2024-08-21 13:26:48,70100.0,3500,Sell,233599315
2024-08-21 13:27:01,70200.0,1000,Buy,233599608
2024-08-21 13:27:13,70200.0,500,Buy,233599884
2024-08-21 13:27:32,70200.0,500,Buy,233600409
2024-08-21 13:29:16,70100.0,3000,ATO/ATC,233603343
2024-08-21 13:29:47,70100.0,500,Sell,233604073
2024-08-21 13:29:59,70100.0,400,Sell,233604296
2024-08-21 13:30:02,70100.0,500,Sell,233604400
2024-08-21 13:30:10,70100.0,600,Buy,233604545
2024-08-21 13:30:40,70100.0,200,Buy,233605300
2024-08-21 13:30:53,70100.0,100,Buy,233605637
2024-08-21 13:31:24,70000.0,200,Sell,233606457
2024-08-21 13:31:53,70000.0,100,Sell,233607499
2024-08-21 13:32:29,70000.0,4500,Sell,233608679
2024-08-21 13:32:43,70000.0,100,Buy,233609187
2024-08-21 13:33:14,70000.0,100,Buy,233610331
2024-08-21 13:33:18,70000.0,1000,Buy,233610463
2024-08-21 13:33:19,70000.0,500,Buy,233610491
2024-08-21 13:33:33,70000.0,200,Buy,233610901
2024-08-21 13:33:43,70000.0,600,Sell,233611249
2024-08-21 13:34:14,70000.0,4400,Buy,233612116
2024-08-21 13:34:35,70000.0,3000,Buy,233612819
2024-08-21 13:34:47,70000.0,300,Buy,233613166
2024-08-21 13:35:16,70000.0,200,Buy,233613989
2024-08-21 13:35:47,70000.0,500,Buy,233614967
2024-08-21 13:35:53,69900.0,500,Sell,233615168
2024-08-21 13:36:04,70000.0,1000,Buy,233615483
2024-08-21 13:36:15,70000.0,200,Buy,233615755
2024-08-21 13:37:11,70000.0,700,Buy,233617760
2024-08-21 13:37:19,69900.0,500,Sell,233618058
2024-08-21 13:38:10,69900.0,500,Sell,233619733
2024-08-21 13:38:30,69900.0,500,Sell,233620571
2024-08-21 13:39:15,69900.0,200,Sell,233622231
2024-08-21 13:39:25,70000.0,4400,Buy,233622641
2024-08-21 13:39:37,70000.0,500,Buy,233623127
2024-08-21 13:39:47,70000.0,3200,Buy,233623540
2024-08-21 13:39:57,70000.0,100,Buy,233623984
2024-08-21 13:40:03,70000.0,600,Sell,233624301
2024-08-21 13:40:05,70000.0,400,Buy,233624357
2024-08-21 13:40:24,70000.0,100,Buy,233625478
2024-08-21 13:40:46,70000.0,300,Buy,233626163
2024-08-21 13:40:57,70000.0,800,Buy,233626675
2024-08-21 13:41:01,70000.0,400,Buy,233626881
2024-08-21 13:41:22,70000.0,100,Buy,233627943
2024-08-21 13:41:39,69900.0,9000,Sell,233628608
2024-08-21 13:42:14,70000.0,1500,Buy,233629735
2024-08-21 13:42:28,69900.0,1000,Sell,233630213
2024-08-21 13:43:09,69900.0,5000,Sell,233631703
2024-08-21 13:43:25,69900.0,200,Sell,233632383
2024-08-21 13:43:33,69900.0,500,Sell,233632651
2024-08-21 13:43:40,69900.0,500,Sell,233632897
2024-08-21 13:43:42,69900.0,2000,Sell,233632977
2024-08-21 13:43:44,69900.0,100,Sell,233633047
2024-08-21 13:44:01,69900.0,300,Sell,233633611
2024-08-21 13:44:02,69900.0,500,Sell,233633639
2024-08-21 13:44:25,69900.0,500,Sell,233634708
2024-08-21 13:44:45,69900.0,7400,ATO/ATC,233635506
2024-08-21 13:44:54,69900.0,600,Sell,233635889
2024-08-21 13:44:55,69900.0,2000,Sell,233635913
2024-08-21 13:45:23,69900.0,1500,Sell,233636915
2024-08-21 13:45:27,69900.0,700,Buy,233636995
2024-08-21 13:45:35,69900.0,1000,Buy,233637202
2024-08-21 13:45:49,69900.0,400,Buy,233637738
2024-08-21 13:45:56,69800.0,200,Sell,233638005
2024-08-21 13:46:15,69800.0,200,Sell,233638645
2024-08-21 13:46:29,69800.0,500,Sell,233639101
2024-08-21 13:46:31,69800.0,1500,Sell,233639164
2024-08-21 13:46:52,69800.0,17500,Sell,233639949
2024-08-21 13:47:07,69800.0,200,Sell,233640379
2024-08-21 13:47:18,69800.0,200,Sell,233640687
2024-08-21 13:47:19,69800.0,1000,Sell,233640703
2024-08-21 13:47:39,69900.0,200,Buy,233641381
2024-08-21 13:47:44,69800.0,1900,Sell,233641653
2024-08-21 13:47:55,69800.0,700,Buy,233641997
2024-08-21 13:48:00,69800.0,1000,Buy,233642126
2024-08-21 13:48:01,69800.0,1000,Buy,233642154
2024-08-21 13:48:10,69800.0,100,Buy,233642470
2024-08-21 13:48:14,69800.0,100,Buy,233642645
2024-08-21 13:48:54,69800.0,200,Buy,233643917
2024-08-21 13:49:21,69800.0,200,Buy,233644736
2024-08-21 13:49:38,69800.0,2600,Sell,233645630
2024-08-21 13:50:09,69800.0,100,Sell,233647079
2024-08-21 13:50:19,69800.0,100,Sell,233647458
2024-08-21 13:50:47,69800.0,2000,Sell,233648574
2024-08-21 13:51:26,69800.0,700,Sell,233649987
2024-08-21 13:51:39,69800.0,200,Sell,233650525
2024-08-21 13:51:53,69800.0,100,Sell,233651111
2024-08-21 13:51:57,69800.0,600,Sell,233651258
2024-08-21 13:52:09,69800.0,200,Sell,233651853
2024-08-21 13:52:26,69800.0,1500,Buy,233652527
2024-08-21 13:52:58,69700.0,1000,Sell,233654124
2024-08-21 13:53:27,69800.0,200,Buy,233655236
2024-08-21 13:53:47,69800.0,300,Buy,233656057
2024-08-21 13:53:48,69800.0,1000,Buy,233656090
2024-08-21 13:54:03,69800.0,100,Sell,233656600
2024-08-21 13:54:42,69700.0,3400,Sell,233657845
2024-08-21 13:55:29,69800.0,1000,Buy,233659596
2024-08-21 13:55:40,69700.0,200,Sell,233659929
2024-08-21 13:55:51,69800.0,500,Buy,233660276
2024-08-21 13:56:31,69800.0,500,Buy,233661615
2024-08-21 13:57:13,69800.0,100,Buy,233662767
2024-08-21 13:57:41,69800.0,500,Buy,233663737
2024-08-21 13:57:52,69800.0,5700,Buy,233664042
2024-08-21 13:58:01,69800.0,100,Buy,233664421
2024-08-21 13:58:11,69700.0,1000,Sell,233664793
2024-08-21 13:58:34,69800.0,400,Buy,233665428
2024-08-21 13:58:44,69800.0,100,Buy,233665767
2024-08-21 13:59:06,69800.0,300,Buy,233666430
2024-08-21 13:59:45,69800.0,300,Buy,233667453
2024-08-21 14:00:02,69800.0,500,Buy,233667894
2024-08-21 14:00:16,69800.0,100,Buy,233668249
2024-08-21 14:00:45,69800.0,500,Buy,233669140
2024-08-21 14:00:57,69800.0,500,Buy,233669428
2024-08-21 14:00:59,69800.0,100,Buy,233669455
2024-08-21 14:01:25,69800.0,200,Buy,233670100
2024-08-21 14:01:41,69800.0,500,Buy,233670523
2024-08-21 14:01:58,69800.0,500,Buy,233670898
2024-08-21 14:02:03,69800.0,100,Buy,233671029
2024-08-21 14:02:19,69800.0,400,Buy,233671451
2024-08-21 14:02:43,69800.0,1500,Buy,233672029
2024-08-21 14:02:53,69800.0,200,Buy,233672239
2024-08-21 14:02:57,69800.0,4900,Sell,233672368
2024-08-21 14:03:06,69900.0,1000,Buy,233672659
2024-08-21 14:03:23,69900.0,200,Buy,233673166
2024-08-21 14:03:24,69800.0,500,Sell,233673217
2024-08-21 14:03:36,69900.0,200,ATO/ATC,233673815
2024-08-21 14:04:07,69900.0,700,Buy,233674790
2024-08-21 14:04:25,69900.0,1000,Buy,233675267
2024-08-21 14:04:47,69900.0,100,Buy,233676247
2024-08-21 14:05:16,69900.0,700,Buy,233677070
2024-08-21 14:05:21,69900.0,100,Buy,233677181
2024-08-21 14:05:33,69900.0,500,Sell,233677493
2024-08-21 14:06:10,69900.0,100,Sell,233678518
2024-08-21 14:06:33,69900.0,200,Sell,233679206
2024-08-21 14:07:00,69900.0,200,Sell,233679896
2024-08-21 14:07:48,69900.0,500,Sell,233681538
2024-08-21 14:08:08,69900.0,500,Sell,233682161
2024-08-21 14:08:22,69900.0,1800,Buy,233682466
2024-08-21 14:08:26,70000.0,10000,Buy,233682562
2024-08-21 14:08:57,70000.0,600,Buy,233683496
2024-08-21 14:09:01,70000.0,2500,Buy,233683562
2024-08-21 14:09:04,69900.0,500,Sell,233683652
2024-08-21 14:09:14,70000.0,700,Buy,233684007
2024-08-21 14:09:47,70000.0,100,Buy,233685498
2024-08-21 14:11:04,70000.0,1200,Buy,233688385
2024-08-21 14:11:09,70000.0,1000,Buy,233688505
2024-08-21 14:11:34,70000.0,100,Buy,233689393
2024-08-21 14:11:47,70000.0,100,Buy,233689794
2024-08-21 14:11:49,70000.0,300,Buy,233689859
2024-08-21 14:12:29,70000.0,200,Buy,233690998
2024-08-21 14:12:58,70000.0,1000,Buy,233691868
2024-08-21 14:13:10,70000.0,200,Buy,233692171
2024-08-21 14:13:17,69900.0,100,Sell,233692330
2024-08-21 14:13:43,69900.0,100,Sell,233693282
2024-08-21 14:14:00,70000.0,1000,Buy,233693707
2024-08-21 14:14:18,70000.0,3000,Buy,233694234
2024-08-21 14:14:20,70000.0,5900,Buy,233694292
2024-08-21 14:14:23,70000.0,300,Sell,233694377
2024-08-21 14:14:38,70100.0,3000,Buy,233694767
2024-08-21 14:14:43,70100.0,3000,Buy,233695004
2024-08-21 14:15:37,70000.0,300,Sell,233696802
2024-08-21 14:15:47,70000.0,200,Sell,233697180
2024-08-21 14:15:53,69900.0,10700,Sell,233697386
2024-08-21 14:16:12,70000.0,100,ATO/ATC,233697908
2024-08-21 14:16:27,70000.0,500,Sell,233698394
2024-08-21 14:16:57,70000.0,400,Sell,233699139
2024-08-21 14:17:16,70000.0,1000,Sell,233699853
2024-08-21 14:17:19,70000.0,200,Sell,233699998
2024-08-21 14:18:15,70000.0,100,Sell,233701630
2024-08-21 14:18:40,70000.0,500,Sell,233702531
2024-08-21 14:18:51,70100.0,100,Buy,233702960
2024-08-21 14:19:00,70000.0,1600,Sell,233703367
2024-08-21 14:19:01,70000.0,6000,Sell,233703400
2024-08-21 14:19:18,70000.0,1000,Sell,233703914
2024-08-21 14:19:27,70000.0,3000,Sell,233704231
2024-08-21 14:19:34,70000.0,200,Sell,233704508
2024-08-21 14:19:44,70000.0,300,Sell,233705034
2024-08-21 14:19:47,70000.0,100,Sell,233705114
2024-08-21 14:19:51,70000.0,1600,Sell,233705648
2024-08-21 14:19:56,70000.0,1000,Sell,233705904
2024-08-21 14:19:59,70000.0,900,Sell,233706081
2024-08-21 14:20:28,69900.0,3000,Sell,233707182
2024-08-21 14:20:35,70000.0,1500,Buy,233707517
2024-08-21 14:21:17,70000.0,1000,Buy,233709254
2024-08-21 14:21:18,69900.0,200,Sell,233709310
2024-08-21 14:21:29,70000.0,3000,Buy,233710189
2024-08-21 14:22:55,70000.0,1000,Buy,233714145
2024-08-21 14:22:57,70000.0,100,Buy,233714212
2024-08-21 14:23:05,70000.0,200,Buy,233714560
2024-08-21 14:23:25,70000.0,100,Buy,233715384
2024-08-21 14:23:51,70000.0,100,Buy,233716736
2024-08-21 14:24:44,70000.0,2400,Buy,233719391
2024-08-21 14:24:45,70000.0,10000,Buy,233719443
2024-08-21 14:24:48,70000.0,100,Buy,233719561
2024-08-21 14:24:51,69900.0,2000,Sell,233719675
2024-08-21 14:24:54,70000.0,1000,Buy,233719818
2024-08-21 14:25:05,70000.0,1000,Buy,233720431
2024-08-21 14:25:08,70000.0,400,Buy,233720666
2024-08-21 14:25:09,70000.0,100,Buy,233720691
2024-08-21 14:25:12,70000.0,100,Buy,233720841
2024-08-21 14:25:13,70000.0,1500,Buy,233720873
2024-08-21 14:25:15,70000.0,1000,Sell,233721001
2024-08-21 14:25:21,70000.0,1000,Sell,233721285
2024-08-21 14:25:26,70000.0,1000,Sell,233721725
2024-08-21 14:25:27,70000.0,100,Sell,233721802
2024-08-21 14:25:28,70000.0,500,Sell,233721838
2024-08-21 14:25:29,70000.0,400,Sell,233721886
2024-08-21 14:25:34,70000.0,1900,Sell,233722148
2024-08-21 14:25:43,70000.0,200,Sell,233722489
2024-08-21 14:25:46,70000.0,5400,Sell,233722718
2024-08-21 14:26:19,70000.0,1000,Buy,233724775
2024-08-21 14:26:20,70000.0,400,Buy,233724793
2024-08-21 14:26:29,70000.0,1000,Buy,233725337
2024-08-21 14:26:53,70000.0,4600,Buy,233726603
2024-08-21 14:26:56,70000.0,1000,Sell,233726702
2024-08-21 14:27:03,70000.0,2000,Sell,233727185
2024-08-21 14:27:04,70000.0,500,Sell,233727242
2024-08-21 14:27:09,70000.0,1000,Sell,233727565
2024-08-21 14:27:12,70000.0,1000,Sell,233727745
2024-08-21 14:27:16,70000.0,1000,Sell,233727984
2024-08-21 14:27:28,70000.0,600,Sell,233728801
2024-08-21 14:27:35,70000.0,7500,Sell,233729227
2024-08-21 14:27:52,70000.0,1000,Sell,233730266
2024-08-21 14:27:59,70000.0,200,Sell,233730660
2024-08-21 14:28:02,70000.0,1200,Sell,233730816
2024-08-21 14:28:09,70000.0,500,Sell,233731250
2024-08-21 14:28:12,70100.0,200,Buy,233731436
2024-08-21 14:28:13,70000.0,100,Sell,233731517
2024-08-21 14:28:14,70000.0,200,Sell,233731572
2024-08-21 14:28:15,70000.0,100,Sell,233731621
2024-08-21 14:28:16,70100.0,100,Buy,233731657
2024-08-21 14:28:26,70000.0,100,Sell,233732116
2024-08-21 14:28:29,70000.0,1000,Sell,233732287
2024-08-21 14:28:42,70000.0,1200,Sell,233733014
2024-08-21 14:28:44,70000.0,2000,Sell,233733132
2024-08-21 14:28:46,70000.0,1000,Sell,233733236
2024-08-21 14:28:54,70000.0,1000,Sell,233733702
2024-08-21 14:29:00,70000.0,200,Sell,233734053
2024-08-21 14:29:04,70100.0,1000,Buy,233734271
2024-08-21 14:29:05,70000.0,100,Sell,233734324
2024-08-21 14:29:06,70000.0,200,Sell,233734416
2024-08-21 14:29:09,70000.0,1000,Sell,233734681
2024-08-21 14:29:11,70000.0,1000,Sell,233734839
2024-08-21 14:29:15,70000.0,6000,Sell,233735167
2024-08-21 14:29:17,70000.0,200,Sell,233735263
2024-08-21 14:29:19,70100.0,1000,Buy,233735479
2024-08-21 14:29:25,70000.0,600,Sell,233735819
2024-08-21 14:29:33,70000.0,4200,Sell,233736360
2024-08-21 14:29:36,70000.0,100,Buy,233736506
2024-08-21 14:29:40,70000.0,100,Buy,233736740
2024-08-21 14:29:43,70000.0,200,Buy,233736841
2024-08-21 14:29:49,70000.0,100,Buy,233737216
2024-08-21 14:29:55,70000.0,2000,Buy,233737732
2024-08-21 14:30:03,70000.0,200,Buy,233737795
2024-08-21 14:30:31,69900.0,300,Sell,233737821
2024-08-21 14:30:35,69900.0,200,Sell,233737827
2024-08-21 14:30:40,69900.0,2000,Sell,233737833
2024-08-21 14:30:41,70000.0,200,Buy,233737834
2024-08-21 14:31:16,69900.0,12300,Buy,233737863
2024-08-21 14:31:37,69900.0,1000,Buy,233737884
2024-08-21 14:31:48,69900.0,1500,Buy,233737896
2024-08-21 14:31:52,69900.0,1000,Sell,233737901
2024-08-21 14:31:59,69900.0,500,Sell,233737912
2024-08-21 14:32:18,69900.0,300,Buy,233737932
2024-08-21 14:32:25,69900.0,200,ATO/ATC,233737937
2024-08-21 14:33:17,69900.0,2200,Buy,233737976
2024-08-21 14:33:26,69900.0,800,Sell,233737992
2024-08-21 14:33:28,69900.0,200,Sell,233737995
2024-08-21 14:33:46,69900.0,300,Buy,233738013
2024-08-21 14:33:59,69900.0,200,Buy,233738024
2024-08-21 14:34:16,69900.0,1500,Buy,233738038
2024-08-21 14:34:20,69900.0,100,Buy,233738041
2024-08-21 14:34:33,69900.0,300,Buy,233738056
2024-08-21 14:34:42,69900.0,200,Buy,233738066
2024-08-21 14:35:07,69900.0,100,Sell,233738095
2024-08-21 14:35:23,69900.0,500,Sell,233738116
2024-08-21 14:35:25,69900.0,2600,Buy,233738119
2024-08-21 14:35:58,69900.0,500,Buy,233738154
2024-08-21 14:36:06,69900.0,200,Buy,233738163
2024-08-21 14:36:17,69900.0,500,Buy,233738172
2024-08-21 14:36:24,69900.0,600,Buy,233738182
2024-08-21 14:37:13,69900.0,100,Buy,233738224
2024-08-21 14:37:16,69900.0,500,Sell,233738226
2024-08-21 14:37:51,70000.0,200,Buy,233738254
2024-08-21 14:37:56,69900.0,1000,Sell,233738259
2024-08-21 14:38:44,69900.0,700,Sell,233738293
2024-08-21 14:38:52,69900.0,100,Buy,233738299
2024-08-21 14:39:00,69900.0,400,Buy,233738308
2024-08-21 14:39:10,69900.0,500,Buy,233738319
2024-08-21 14:39:21,69900.0,300,Buy,233738330
2024-08-21 14:39:39,69900.0,500,Buy,233738347
2024-08-21 14:39:55,69800.0,100,Sell,233738364
2024-08-21 14:39:59,69900.0,300,Buy,233738366
2024-08-21 14:40:42,69900.0,200,Buy,233738406
2024-08-21 14:40:45,69900.0,1000,Buy,233738409
2024-08-21 14:41:18,69900.0,100,Buy,233738440
2024-08-21 14:41:24,69800.0,100,Sell,233738446
2024-08-21 14:41:28,69900.0,100,Buy,233738450
2024-08-21 14:41:36,69800.0,500,Sell,233738458
2024-08-21 14:41:52,69800.0,500,Sell,233738470
2024-08-21 14:42:09,69800.0,400,Sell,233738481
2024-08-21 14:42:10,69800.0,100,Sell,233738483
2024-08-21 14:42:43,69800.0,500,Sell,233738507
2024-08-21 14:42:49,69900.0,1500,Buy,233738513
2024-08-21 14:43:37,69900.0,1000,Buy,233738554
2024-08-21 14:43:56,69900.0,1000,Buy,233738569
2024-08-21 14:44:04,69900.0,300,Buy,233738577
2024-08-21 14:44:05,69900.0,1000,Buy,233738579
2024-08-21 14:44:08,69900.0,100,Buy,233738580
2024-08-21 14:44:10,69900.0,500,Buy,233738583
2024-08-21 14:44:13,69900.0,300,Buy,233738588
2024-08-21 14:45:16,69900.0,100,Buy,233739167
2024-08-21 14:45:48,69800.0,500,Sell,233739201
2024-08-21 14:46:06,69800.0,100,Sell,233739220
2024-08-21 14:46:28,69800.0,13400,ATO/ATC,233739246
2024-08-21 14:48:00,69800.0,2000,Buy,233739344
2024-08-21 14:49:04,69800.0,200,Buy,233739395
2024-08-21 14:49:26,69800.0,3200,Buy,233739421
2024-08-21 14:50:04,69900.0,500,Buy,233739456
2024-08-21 14:50:09,69900.0,100,Sell,233739461
2024-08-21 14:50:17,69900.0,400,Sell,233739472
2024-08-21 14:50:41,69900.0,100,Buy,233739500
2024-08-21 14:50:50,69900.0,200,Buy,233739506
2024-08-21 14:50:54,69900.0,300,Buy,233739514
2024-08-21 14:51:02,69900.0,100,Buy,233739521
2024-08-21 14:51:08,69900.0,300,Buy,233739528
2024-08-21 14:51:26,69800.0,2000,Sell,233739539
2024-08-21 14:52:15,69900.0,500,Buy,233739584
2024-08-21 14:52:31,69900.0,200,Buy,233739598
2024-08-21 14:53:05,69900.0,1000,Buy,233739630
2024-08-21 14:53:11,69900.0,1000,Buy,233739638
2024-08-21 14:53:16,69900.0,100,Buy,233739644
2024-08-21 14:53:20,69900.0,1000,Buy,233739650
2024-08-21 14:53:25,69900.0,500,Buy,233739651
2024-08-21 14:53:35,69900.0,200,Sell,233739665
2024-08-21 14:53:50,69900.0,1100,Sell,233739680
2024-08-21 14:54:01,69900.0,500,Buy,233739693
2024-08-21 14:54:05,69900.0,100,Buy,233739697
2024-08-21 14:54:13,69900.0,300,Buy,233739702
2024-08-21 14:54:18,69900.0,1000,Buy,233739706
2024-08-21 14:54:40,69900.0,1000,Sell,233739726
2024-08-21 14:54:47,69900.0,2000,Sell,233739731
2024-08-21 14:55:49,70000.0,900,Buy,233739792
2024-08-21 14:56:02,70000.0,5000,Buy,233739805
2024-08-21 14:56:05,70000.0,500,Buy,233739809
2024-08-21 14:56:10,70000.0,1000,Buy,233739813
2024-08-21 14:56:27,70000.0,1000,Buy,233739825
2024-08-21 14:56:28,70000.0,200,Buy,233739827
