time,price,volume,match_type,id
2024-08-20 09:00:09,68200.0,500,Sell,232872020
2024-08-20 09:01:14,68200.0,200,Sell,232872230
2024-08-20 09:01:40,68200.0,100,Sell,232872273
2024-08-20 09:01:51,68200.0,100,Sell,232872293
2024-08-20 09:02:16,68200.0,1000,Sell,232872340
2024-08-20 09:02:52,68200.0,100,Sell,232872396
2024-08-20 09:02:58,68200.0,1000,Sell,232872411
2024-08-20 09:03:18,68200.0,200,Sell,232872448
2024-08-20 09:04:21,68200.0,500,Sell,232872555
2024-08-20 09:04:29,68200.0,22800,Sell,232872569
2024-08-20 09:04:39,68200.0,500,Buy,232872589
2024-08-20 09:04:44,68100.0,100,ATO/ATC,232872605
2024-08-20 09:04:49,68000.0,200,Sell,232872618
2024-08-20 09:04:56,68000.0,500,Sell,232872632
2024-08-20 09:05:03,68000.0,3700,Sell,232872652
2024-08-20 09:05:06,68000.0,1200,Buy,232872661
2024-08-20 09:05:15,67900.0,3300,Sell,232872679
2024-08-20 09:05:16,67900.0,200,Buy,232872683
2024-08-20 09:05:17,68100.0,1200,Buy,232872685
2024-08-20 09:05:26,68100.0,100,Sell,232872702
2024-08-20 09:05:33,68100.0,800,Buy,232872723
2024-08-20 09:06:34,68000.0,100,Sell,232872846
2024-08-20 09:06:35,68100.0,200,Buy,232872849
2024-08-20 09:07:03,68000.0,400,ATO/ATC,232872907
2024-08-20 09:07:10,68000.0,300,Sell,232872923
2024-08-20 09:07:26,68000.0,500,Sell,232872962
2024-08-20 09:07:28,68100.0,100,Buy,232872967
2024-08-20 09:07:54,68100.0,100,Buy,232873023
2024-08-20 09:07:55,68100.0,300,Buy,232873027
2024-08-20 09:08:01,68100.0,100,Buy,232873040
2024-08-20 09:08:15,68000.0,5000,Sell,232873066
2024-08-20 09:08:20,68000.0,400,Buy,232873080
2024-08-20 09:08:26,68000.0,200,Buy,232873089
2024-08-20 09:08:29,68000.0,300,Buy,232873097
2024-08-20 09:08:36,67900.0,1900,Sell,232873112
2024-08-20 09:08:45,67900.0,1500,Buy,232873126
2024-08-20 09:09:00,67900.0,300,Buy,232873152
2024-08-20 09:09:01,67900.0,300,Buy,232873159
2024-08-20 09:09:06,67800.0,5000,Sell,232873169
2024-08-20 09:09:07,67900.0,100,ATO/ATC,232873171
2024-08-20 09:09:13,67800.0,4000,Sell,232873184
2024-08-20 09:09:35,67900.0,200,Buy,232873233
2024-08-20 09:10:03,67900.0,500,Buy,232873288
2024-08-20 09:10:08,67900.0,100,Buy,232873299
2024-08-20 09:10:15,67900.0,2000,Buy,232873316
2024-08-20 09:10:19,67900.0,200,Sell,232873322
2024-08-20 09:10:32,67900.0,100,Sell,232873354
2024-08-20 09:11:05,67900.0,300,Sell,232873427
2024-08-20 09:11:11,67900.0,500,Sell,232873445
2024-08-20 09:11:25,67900.0,1000,Sell,232873474
2024-08-20 09:11:38,67900.0,200,Sell,232873496
2024-08-20 09:11:42,67900.0,2300,Sell,232873504
2024-08-20 09:11:55,67900.0,2800,Buy,232873523
2024-08-20 09:11:57,67900.0,500,Sell,232873527
2024-08-20 09:12:18,67900.0,1000,Sell,232873566
2024-08-20 09:12:24,67900.0,100,Sell,232873582
2024-08-20 09:12:26,67900.0,100,Sell,232873588
2024-08-20 09:12:38,68000.0,200,Buy,232873624
2024-08-20 09:12:41,67900.0,1000,Sell,232873634
2024-08-20 09:12:43,67900.0,9900,Sell,232873639
2024-08-20 09:12:48,67900.0,100,Buy,232873651
2024-08-20 09:12:49,67900.0,100,Sell,232873654
2024-08-20 09:12:51,67900.0,400,Sell,232873656
2024-08-20 09:13:12,67900.0,500,Sell,232873702
2024-08-20 09:13:17,68000.0,2600,Buy,232873716
2024-08-20 09:13:34,68000.0,200,Buy,232873748
2024-08-20 09:13:59,68000.0,1000,Buy,232873788
2024-08-20 09:14:17,68000.0,300,Buy,232873824
2024-08-20 09:14:23,68000.0,2400,Buy,232873835
2024-08-20 09:14:26,67900.0,7000,Sell,232873840
2024-08-20 09:14:43,67900.0,800,Sell,232873878
2024-08-20 09:14:52,67900.0,200,Buy,232873897
2024-08-20 09:14:57,67900.0,100,Buy,232873911
2024-08-20 09:15:19,67900.0,200,Buy,232874500
2024-08-20 09:15:23,67900.0,100,Buy,232874602
2024-08-20 09:15:28,67900.0,100,Buy,232874674
2024-08-20 09:15:35,67800.0,100,Sell,232874771
2024-08-20 09:15:37,67900.0,800,Sell,232874806
2024-08-20 09:15:47,67900.0,200,Sell,232874983
2024-08-20 09:16:06,67900.0,200,Sell,232875537
2024-08-20 09:17:01,67900.0,4800,Sell,232876663
2024-08-20 09:17:21,68000.0,500,Buy,232877195
2024-08-20 09:17:31,68000.0,100,Buy,232877475
2024-08-20 09:17:53,68000.0,100,Buy,232878018
2024-08-20 09:18:11,67900.0,300,Sell,232878452
2024-08-20 09:18:12,68000.0,100,Buy,232878467
2024-08-20 09:19:01,68000.0,200,Buy,232879617
2024-08-20 09:19:18,67900.0,4000,Sell,232880134
2024-08-20 09:19:34,67900.0,1000,Sell,232880549
2024-08-20 09:19:44,67900.0,5600,Sell,232880808
2024-08-20 09:20:03,67800.0,1500,Sell,232881385
2024-08-20 09:20:16,67900.0,100,Buy,232881731
2024-08-20 09:20:29,67800.0,2500,Sell,232882049
2024-08-20 09:20:40,67800.0,1000,Sell,232882336
2024-08-20 09:20:49,67800.0,9900,Sell,232882500
2024-08-20 09:21:07,67700.0,500,Sell,232882927
2024-08-20 09:21:15,67700.0,100,Sell,232883131
2024-08-20 09:21:19,67700.0,100,Sell,232883230
2024-08-20 09:21:21,67700.0,1900,Sell,232883294
2024-08-20 09:21:33,67600.0,9800,Sell,232883578
2024-08-20 09:21:46,67600.0,7000,Sell,232883900
2024-08-20 09:21:48,67600.0,300,Buy,232883961
2024-08-20 09:21:59,67600.0,300,Buy,232884261
2024-08-20 09:22:07,67600.0,100,Buy,232884532
2024-08-20 09:22:09,67500.0,100,Sell,232884565
2024-08-20 09:22:11,67600.0,1300,Buy,232884636
2024-08-20 09:22:13,67600.0,100,Buy,232884674
2024-08-20 09:22:16,67600.0,2200,Buy,232884750
2024-08-20 09:22:20,67600.0,2400,Sell,232884836
2024-08-20 09:22:24,67600.0,100,Sell,232884934
2024-08-20 09:22:27,67600.0,400,Sell,232885003
2024-08-20 09:22:28,67600.0,100,Sell,232885009
2024-08-20 09:22:32,67600.0,100,Sell,232885135
2024-08-20 09:22:35,67600.0,1000,Sell,232885219
2024-08-20 09:22:37,67600.0,1000,Sell,232885253
2024-08-20 09:22:43,67600.0,100,Sell,232885498
2024-08-20 09:22:48,67700.0,1100,Buy,232885613
2024-08-20 09:23:07,67800.0,1000,Buy,232886107
2024-08-20 09:23:19,67700.0,200,Sell,232886426
2024-08-20 09:23:28,67700.0,200,Sell,232886618
2024-08-20 09:23:45,67700.0,300,Sell,232887055
2024-08-20 09:23:48,67700.0,4200,Buy,232887235
2024-08-20 09:23:49,67700.0,100,Buy,232887262
2024-08-20 09:23:50,67700.0,100,Buy,232887283
2024-08-20 09:23:56,67700.0,100,Buy,232887465
2024-08-20 09:24:04,67700.0,200,Sell,232887693
2024-08-20 09:24:15,67500.0,30000,Sell,232888082
2024-08-20 09:24:48,67600.0,100,Sell,232888875
2024-08-20 09:25:08,67600.0,500,Buy,232889347
2024-08-20 09:25:09,67500.0,17800,Sell,232889369
2024-08-20 09:25:17,67500.0,100,Buy,232889587
2024-08-20 09:25:21,67500.0,200,Buy,232889690
2024-08-20 09:25:36,67500.0,100,Buy,232890085
2024-08-20 09:25:41,67500.0,200,Buy,232890309
2024-08-20 09:25:47,67500.0,100,Buy,232890607
2024-08-20 09:25:50,67500.0,100,Buy,232890721
2024-08-20 09:25:53,67500.0,1500,Buy,232890803
2024-08-20 09:25:56,67500.0,3000,Buy,232890875
2024-08-20 09:26:03,67500.0,1500,Buy,232891055
2024-08-20 09:26:05,67500.0,100,Buy,232891093
2024-08-20 09:26:14,67400.0,100,Sell,232891314
2024-08-20 09:26:15,67500.0,100,Buy,232891336
2024-08-20 09:26:22,67400.0,300,Sell,232891491
2024-08-20 09:26:25,67400.0,4600,Sell,232891551
2024-08-20 09:26:28,67400.0,5000,Sell,232891631
2024-08-20 09:26:34,67400.0,500,Sell,232891783
2024-08-20 09:26:35,67500.0,500,Buy,232891797
2024-08-20 09:26:37,67400.0,1000,ATO/ATC,232891859
2024-08-20 09:26:39,67400.0,100,Buy,232891906
2024-08-20 09:26:44,67400.0,4600,Buy,232892026
2024-08-20 09:26:47,67400.0,100,Buy,232892104
2024-08-20 09:26:59,67400.0,100,Buy,232892466
2024-08-20 09:27:07,67400.0,100,Buy,232892682
2024-08-20 09:27:13,67400.0,100,Buy,232892843
2024-08-20 09:27:21,67400.0,2000,Buy,232893047
2024-08-20 09:27:24,67400.0,500,Buy,232893180
2024-08-20 09:27:25,67300.0,1700,Sell,232893200
2024-08-20 09:27:28,67400.0,1000,Buy,232893316
2024-08-20 09:27:45,67400.0,100,Buy,232893716
2024-08-20 09:27:49,67400.0,900,Buy,232893800
2024-08-20 09:27:55,67300.0,1200,Buy,232893956
2024-08-20 09:27:56,67300.0,1000,Buy,232893996
2024-08-20 09:28:17,67300.0,100,Buy,232894607
2024-08-20 09:28:20,67300.0,100,Buy,232894677
2024-08-20 09:28:28,67300.0,500,Buy,232894860
2024-08-20 09:28:35,67300.0,100,Buy,232894987
2024-08-20 09:28:38,67300.0,100,Buy,232895073
2024-08-20 09:28:44,67300.0,700,Buy,232895201
2024-08-20 09:28:58,67300.0,5000,Buy,232895644
2024-08-20 09:29:02,67300.0,200,Buy,232895757
2024-08-20 09:29:03,67300.0,200,Buy,232895793
2024-08-20 09:29:05,67300.0,1000,Buy,232895815
2024-08-20 09:29:06,67300.0,100,Buy,232895846
2024-08-20 09:29:08,67300.0,100,Buy,232895892
2024-08-20 09:29:09,67300.0,600,Sell,232895926
2024-08-20 09:29:13,67200.0,9000,Sell,232896033
2024-08-20 09:29:34,67300.0,700,Sell,232896618
2024-08-20 09:29:59,67400.0,200,Buy,232897212
2024-08-20 09:30:01,67400.0,100,Buy,232897260
2024-08-20 09:30:10,67400.0,100,Buy,232897450
2024-08-20 09:30:11,67400.0,300,Buy,232897465
2024-08-20 09:30:13,67400.0,400,Buy,232897507
2024-08-20 09:30:15,67400.0,400,Buy,232897526
2024-08-20 09:30:16,67400.0,100,Buy,232897556
2024-08-20 09:30:22,67400.0,100,Sell,232897729
2024-08-20 09:30:29,67500.0,2000,Buy,232897864
2024-08-20 09:30:35,67500.0,1100,Buy,232897979
2024-08-20 09:30:36,67400.0,1000,Sell,232898017
2024-08-20 09:30:39,67500.0,1600,Buy,232898085
2024-08-20 09:30:42,67500.0,1000,Buy,232898186
2024-08-20 09:30:47,67500.0,100,Buy,232898302
2024-08-20 09:30:49,67500.0,700,Buy,232898355
2024-08-20 09:30:53,67500.0,1200,Buy,232898410
2024-08-20 09:31:19,67600.0,100,Buy,232899225
2024-08-20 09:31:21,67600.0,100,ATO/ATC,232899283
2024-08-20 09:32:26,67700.0,500,Buy,232900963
2024-08-20 09:32:31,67700.0,200,Buy,232901055
2024-08-20 09:32:50,67700.0,500,Buy,232901599
2024-08-20 09:32:52,67700.0,500,Buy,232901635
2024-08-20 09:32:54,67700.0,300,Buy,232901691
2024-08-20 09:33:04,67700.0,200,Buy,232902011
2024-08-20 09:33:10,67700.0,300,Buy,232902172
2024-08-20 09:33:19,67600.0,1700,Sell,232902416
2024-08-20 09:33:25,68000.0,20000,Buy,232902565
2024-08-20 09:33:47,68000.0,200,Buy,232903127
2024-08-20 09:33:52,68000.0,1700,Buy,232903280
2024-08-20 09:34:03,68000.0,1000,Buy,232903543
2024-08-20 09:34:04,68000.0,500,Buy,232903554
2024-08-20 09:34:13,68000.0,500,Buy,232903770
2024-08-20 09:34:19,68000.0,900,Buy,232903956
2024-08-20 09:34:26,68000.0,1000,Buy,232904106
2024-08-20 09:34:31,68000.0,100,Buy,232904309
2024-08-20 09:34:33,68000.0,100,Buy,232904363
2024-08-20 09:34:47,68000.0,500,Buy,232904750
2024-08-20 09:34:49,68000.0,100,Buy,232904807
2024-08-20 09:34:53,68000.0,300,Buy,232904915
2024-08-20 09:34:56,68000.0,1000,Buy,232905020
2024-08-20 09:35:05,67900.0,200,Buy,232905312
2024-08-20 09:35:14,68000.0,200,Buy,232905569
2024-08-20 09:35:16,67800.0,2000,Sell,232905599
2024-08-20 09:37:07,67900.0,100,Buy,232908626
2024-08-20 09:37:30,67900.0,300,Buy,232909244
2024-08-20 09:37:35,67800.0,1200,Sell,232909372
2024-08-20 09:37:41,67900.0,100,Buy,232909598
2024-08-20 09:37:48,67900.0,100,Buy,232909821
2024-08-20 09:37:58,67900.0,300,Buy,232910116
2024-08-20 09:38:01,67900.0,200,Buy,232910193
2024-08-20 09:38:06,67900.0,100,Buy,232910410
2024-08-20 09:38:08,67900.0,1000,Buy,232910515
2024-08-20 09:38:16,67900.0,100,Buy,232910796
2024-08-20 09:38:17,67900.0,500,Buy,232910814
2024-08-20 09:38:24,67900.0,200,Buy,232911094
2024-08-20 09:38:43,67800.0,10400,Sell,232911719
2024-08-20 09:38:51,67900.0,2000,Buy,232911951
2024-08-20 09:39:19,67900.0,100,Buy,232912988
2024-08-20 09:39:27,67800.0,900,Sell,232913315
2024-08-20 09:39:39,67800.0,200,Buy,232913710
2024-08-20 09:39:51,67800.0,100,Buy,232914056
2024-08-20 09:39:54,67700.0,1000,Sell,232914123
2024-08-20 09:40:09,67700.0,100,Sell,232914590
2024-08-20 09:40:10,67700.0,100,Sell,232914636
2024-08-20 09:40:27,67800.0,1000,Buy,232915059
2024-08-20 09:40:33,67700.0,400,Sell,232915202
2024-08-20 09:41:11,67800.0,3000,Buy,232916171
2024-08-20 09:41:19,67700.0,100,Sell,232916406
2024-08-20 09:41:40,67700.0,100,Sell,232916934
2024-08-20 09:41:50,67800.0,600,Sell,232917271
2024-08-20 09:42:03,67800.0,2400,Sell,232917540
2024-08-20 09:42:09,67800.0,200,Buy,232917698
2024-08-20 09:42:11,67800.0,1000,Buy,232917762
2024-08-20 09:42:27,67800.0,1000,Sell,232918262
2024-08-20 09:42:38,67800.0,1000,Buy,232918501
2024-08-20 09:43:06,67800.0,100,Buy,232919372
2024-08-20 09:43:10,67800.0,100,Buy,232919456
2024-08-20 09:43:46,67800.0,500,Buy,232920634
2024-08-20 09:43:49,67800.0,200,Buy,232920848
2024-08-20 09:43:53,67800.0,100,Buy,232921000
2024-08-20 09:43:56,67800.0,100,Buy,232921135
2024-08-20 09:44:05,67800.0,200,Buy,232921540
2024-08-20 09:44:57,67800.0,100,Buy,232923024
2024-08-20 09:45:02,67800.0,1700,Sell,232923183
2024-08-20 09:45:26,67800.0,100,Sell,232923953
2024-08-20 09:45:34,67800.0,100,Sell,232924123
2024-08-20 09:45:48,67800.0,2500,Buy,232924460
2024-08-20 09:46:11,67800.0,1900,Buy,232924969
2024-08-20 09:46:17,67800.0,500,Buy,232925105
2024-08-20 09:46:18,67800.0,100,Buy,232925127
2024-08-20 09:46:26,67800.0,1000,Sell,232925411
2024-08-20 09:46:34,67800.0,200,Sell,232925588
2024-08-20 09:47:17,67900.0,5000,Buy,232926827
2024-08-20 09:48:00,67900.0,2000,Buy,232928047
2024-08-20 09:48:34,67900.0,300,Buy,232928946
2024-08-20 09:49:21,67900.0,300,Sell,232930230
2024-08-20 09:49:34,67900.0,100,Buy,232930584
2024-08-20 09:50:02,67800.0,3100,Sell,232931597
2024-08-20 09:50:05,67800.0,200,Buy,232931693
2024-08-20 09:50:06,67800.0,100,Buy,232931708
2024-08-20 09:50:47,67800.0,300,Buy,232933145
2024-08-20 09:51:22,67800.0,300,Buy,232934270
2024-08-20 09:51:32,67800.0,1000,Buy,232934785
2024-08-20 09:51:40,67800.0,100,Buy,232934964
2024-08-20 09:52:12,67800.0,2000,Buy,232935914
2024-08-20 09:52:20,67800.0,100,Sell,232936180
2024-08-20 09:52:43,67800.0,100,Sell,232936907
2024-08-20 09:53:30,67800.0,100,Sell,232938453
2024-08-20 09:53:40,67900.0,1000,Buy,232938832
2024-08-20 09:53:47,67800.0,2100,Sell,232939018
2024-08-20 09:54:19,67800.0,1000,Sell,232940008
2024-08-20 09:54:31,67800.0,2600,Buy,232940233
2024-08-20 09:54:44,67800.0,400,Buy,232940581
2024-08-20 09:55:11,67800.0,100,Sell,232941385
2024-08-20 09:56:05,67800.0,200,Sell,232942711
2024-08-20 09:56:36,67800.0,100,Sell,232943700
2024-08-20 09:56:51,67800.0,1900,Buy,232944142
2024-08-20 09:56:52,67800.0,100,Buy,232944165
2024-08-20 09:57:05,68000.0,14400,Buy,232944537
2024-08-20 09:57:09,68000.0,200,Sell,232944598
2024-08-20 09:57:36,68000.0,400,Sell,232945393
2024-08-20 09:57:37,68100.0,5000,Buy,232945430
2024-08-20 09:58:08,68000.0,100,Sell,232946329
2024-08-20 09:59:55,68000.0,300,Sell,232949664
2024-08-20 09:59:56,68000.0,100,Sell,232949687
2024-08-20 10:00:07,68000.0,100,Sell,232949947
2024-08-20 10:00:11,68000.0,1800,Buy,232950062
2024-08-20 10:00:24,68000.0,100,Buy,232950391
2024-08-20 10:00:30,68000.0,200,Buy,232950591
2024-08-20 10:00:35,68000.0,100,Sell,232950704
2024-08-20 10:00:38,68000.0,300,Sell,232950825
2024-08-20 10:01:01,68000.0,400,Buy,232951516
2024-08-20 10:01:33,67900.0,300,Sell,232952326
2024-08-20 10:02:00,67900.0,500,Sell,232953028
2024-08-20 10:02:05,67900.0,3000,Sell,232953147
2024-08-20 10:02:22,67900.0,400,Sell,232953733
2024-08-20 10:02:33,67900.0,600,Sell,232954062
2024-08-20 10:02:53,67900.0,1000,Sell,232954558
2024-08-20 10:03:13,67900.0,500,Sell,232955186
2024-08-20 10:03:30,67900.0,200,Sell,232955586
2024-08-20 10:03:53,67900.0,1000,Sell,232956295
2024-08-20 10:04:27,67800.0,6500,Sell,232957115
2024-08-20 10:04:54,67900.0,100,Sell,232957968
2024-08-20 10:06:00,67800.0,2000,Sell,232960028
2024-08-20 10:06:01,67800.0,100,Sell,232960049
2024-08-20 10:06:39,67900.0,300,Buy,232960981
2024-08-20 10:06:43,67900.0,500,Buy,232961058
2024-08-20 10:06:48,67800.0,3000,Sell,232961189
2024-08-20 10:07:04,67800.0,500,Sell,232961651
2024-08-20 10:07:10,67800.0,3100,Sell,232961854
2024-08-20 10:07:11,67800.0,300,Buy,232961890
2024-08-20 10:07:42,67700.0,1700,Sell,232962553
2024-08-20 10:07:50,67800.0,100,Buy,232962674
2024-08-20 10:07:53,67700.0,2000,Sell,232962765
2024-08-20 10:08:04,67800.0,500,Buy,232963007
2024-08-20 10:09:44,67700.0,2000,Sell,232965445
2024-08-20 10:09:55,67700.0,100,Sell,232965681
2024-08-20 10:09:57,67800.0,100,Buy,232965716
2024-08-20 10:10:20,67700.0,5300,Sell,232966446
2024-08-20 10:10:51,67600.0,800,Sell,232967257
2024-08-20 10:10:56,67700.0,1000,Buy,232967410
2024-08-20 10:11:03,67600.0,1000,Sell,232967599
2024-08-20 10:11:05,67600.0,500,Sell,232967727
2024-08-20 10:11:14,67600.0,200,Sell,232967955
2024-08-20 10:11:17,67600.0,1500,Sell,232968064
2024-08-20 10:11:26,67600.0,1400,Sell,232968250
2024-08-20 10:11:31,67600.0,3200,Sell,232968386
2024-08-20 10:11:38,67600.0,300,Sell,232968569
2024-08-20 10:11:40,67600.0,200,Buy,232968634
2024-08-20 10:11:45,67600.0,300,Sell,232968779
2024-08-20 10:11:52,67600.0,100,Buy,232968951
2024-08-20 10:12:00,67600.0,400,Sell,232969345
2024-08-20 10:12:09,67600.0,500,Sell,232969598
2024-08-20 10:12:17,67600.0,1000,Sell,232969894
2024-08-20 10:12:24,67600.0,200,Buy,232970117
2024-08-20 10:12:29,67600.0,800,Buy,232970213
2024-08-20 10:12:34,67600.0,200,Sell,232970367
2024-08-20 10:12:36,67600.0,300,Buy,232970471
2024-08-20 10:12:45,67600.0,400,Sell,232970732
2024-08-20 10:12:50,67600.0,2800,Sell,232970977
2024-08-20 10:12:53,67600.0,100,Buy,232971079
2024-08-20 10:13:23,67600.0,100,Buy,232971880
2024-08-20 10:13:38,67500.0,500,Sell,232972301
2024-08-20 10:13:39,67600.0,100,Buy,232972321
2024-08-20 10:13:41,67600.0,100,Buy,232972452
2024-08-20 10:14:21,67600.0,200,Buy,232973294
2024-08-20 10:14:23,67500.0,500,Sell,232973323
2024-08-20 10:14:53,67500.0,500,Sell,232973946
2024-08-20 10:15:04,67500.0,1000,Sell,232974417
2024-08-20 10:15:14,67500.0,1000,Sell,232974669
2024-08-20 10:15:24,67600.0,500,Buy,232974870
2024-08-20 10:15:44,67600.0,1000,Buy,232975577
2024-08-20 10:15:56,67600.0,100,Buy,232975848
2024-08-20 10:15:57,67600.0,500,Buy,232975865
2024-08-20 10:16:18,67600.0,500,Buy,232976345
2024-08-20 10:16:55,67600.0,1000,Buy,232977283
2024-08-20 10:17:04,67600.0,700,Buy,232977478
2024-08-20 10:17:05,67600.0,500,Buy,232977516
2024-08-20 10:17:27,67600.0,100,Buy,232978093
2024-08-20 10:17:28,67600.0,100,Buy,232978111
2024-08-20 10:17:37,67500.0,900,Sell,232978275
2024-08-20 10:17:40,67600.0,200,Buy,232978312
2024-08-20 10:17:56,67600.0,100,Buy,232978694
2024-08-20 10:17:58,67600.0,200,Buy,232978719
2024-08-20 10:18:13,67600.0,100,Buy,232979099
2024-08-20 10:18:16,67600.0,500,Buy,232979163
2024-08-20 10:18:18,67500.0,3000,Sell,232979196
2024-08-20 10:18:24,67600.0,2500,Buy,232979342
2024-08-20 10:18:45,67600.0,100,Buy,232979768
2024-08-20 10:19:07,67600.0,100,Buy,232980304
2024-08-20 10:19:35,67600.0,100,Buy,232980951
2024-08-20 10:19:53,67600.0,200,Buy,232981383
2024-08-20 10:20:39,67600.0,600,Buy,232982263
2024-08-20 10:20:53,67600.0,500,Buy,232982846
2024-08-20 10:20:56,67600.0,600,Buy,232982904
2024-08-20 10:21:08,67600.0,400,Buy,232983191
2024-08-20 10:21:09,67600.0,900,Buy,232983201
2024-08-20 10:21:27,67600.0,200,Buy,232983638
2024-08-20 10:21:42,67600.0,1000,Buy,232983921
2024-08-20 10:21:43,67600.0,100,Buy,232983941
2024-08-20 10:21:44,67600.0,100,Buy,232983959
2024-08-20 10:22:10,67600.0,100,Buy,232984502
2024-08-20 10:22:19,67600.0,100,Buy,232984626
2024-08-20 10:22:30,67500.0,1300,Sell,232984920
2024-08-20 10:22:32,67600.0,100,Buy,232984971
2024-08-20 10:23:26,67600.0,1000,Buy,232986141
2024-08-20 10:23:54,67600.0,200,Buy,232986613
2024-08-20 10:24:09,67600.0,100,Buy,232986858
2024-08-20 10:25:30,67600.0,500,Buy,232988423
2024-08-20 10:25:35,67600.0,200,Buy,232988489
2024-08-20 10:25:42,67600.0,2000,Buy,232988587
2024-08-20 10:26:04,67600.0,500,Buy,232989045
2024-08-20 10:26:28,67500.0,7100,Sell,232989472
2024-08-20 10:27:05,67500.0,800,Sell,232990137
2024-08-20 10:27:24,67500.0,500,Sell,232990467
2024-08-20 10:27:51,67500.0,1000,Sell,232990940
2024-08-20 10:28:03,67500.0,2000,Sell,232991146
2024-08-20 10:28:09,67500.0,2900,Sell,232991209
2024-08-20 10:28:13,67600.0,200,Buy,232991284
2024-08-20 10:28:14,67500.0,2000,Sell,232991294
2024-08-20 10:28:15,67500.0,200,Sell,232991301
2024-08-20 10:28:16,67500.0,1000,Sell,232991322
2024-08-20 10:28:17,67500.0,1000,Sell,232991338
2024-08-20 10:28:36,67500.0,2000,Sell,232991780
2024-08-20 10:28:38,67500.0,500,Sell,232991801
2024-08-20 10:28:39,67500.0,200,Sell,232991810
2024-08-20 10:28:41,67500.0,3000,Sell,232991854
2024-08-20 10:28:45,67500.0,200,Sell,232991931
2024-08-20 10:28:52,67500.0,500,Sell,232992045
2024-08-20 10:28:59,67500.0,900,Sell,232992185
2024-08-20 10:30:24,67500.0,100,Sell,232994609
2024-08-20 10:30:45,67500.0,1700,Sell,232995185
2024-08-20 10:30:56,67500.0,400,Sell,232995408
2024-08-20 10:31:01,67500.0,3900,Sell,232995554
2024-08-20 10:31:05,67500.0,2000,Sell,232995685
2024-08-20 10:31:13,67500.0,100,Sell,232995890
2024-08-20 10:31:21,67500.0,2300,Sell,232996008
2024-08-20 10:31:44,67500.0,200,Buy,232996379
2024-08-20 10:31:46,67500.0,1300,Buy,232996401
2024-08-20 10:31:58,67500.0,200,Sell,232996660
2024-08-20 10:32:14,67500.0,100,Buy,232996865
2024-08-20 10:32:20,67500.0,1500,Sell,232996928
2024-08-20 10:32:21,67500.0,100,Sell,232996937
2024-08-20 10:33:22,67500.0,2700,Sell,232998216
2024-08-20 10:34:11,67500.0,500,ATO/ATC,232999076
2024-08-20 10:35:19,67500.0,1100,Buy,233000052
2024-08-20 10:35:34,67500.0,500,Buy,233000259
2024-08-20 10:35:50,67500.0,1100,Buy,233000613
2024-08-20 10:36:01,67500.0,500,Buy,233000782
2024-08-20 10:36:34,67500.0,300,Buy,233001349
2024-08-20 10:37:56,67500.0,2000,Sell,233002761
2024-08-20 10:39:18,67500.0,400,Sell,233003908
2024-08-20 10:39:23,67600.0,200,Buy,233004082
2024-08-20 10:39:54,67500.0,2000,Sell,233004654
2024-08-20 10:40:05,67500.0,3000,Sell,233004750
2024-08-20 10:40:06,67600.0,1100,Buy,233004766
2024-08-20 10:40:13,67600.0,300,Sell,233004844
2024-08-20 10:40:18,67600.0,100,Sell,233004918
2024-08-20 10:40:30,67600.0,500,Sell,233005063
2024-08-20 10:41:28,67700.0,100,Buy,233005825
2024-08-20 10:41:51,67700.0,1500,Buy,233006050
2024-08-20 10:42:03,67700.0,400,Sell,233006174
2024-08-20 10:43:08,67700.0,300,Sell,233007316
2024-08-20 10:43:50,67700.0,500,Sell,233007940
2024-08-20 10:44:09,67700.0,400,Sell,233008245
2024-08-20 10:45:34,67700.0,100,Buy,233009529
2024-08-20 10:46:06,67700.0,500,Buy,233009931
2024-08-20 10:47:39,67700.0,200,Buy,233011091
2024-08-20 10:48:16,67700.0,1500,Buy,233011648
2024-08-20 10:49:06,67700.0,100,Buy,233012337
2024-08-20 10:49:59,67700.0,500,Buy,233012917
2024-08-20 10:50:00,67600.0,2000,Sell,233012928
2024-08-20 10:50:22,67600.0,200,Sell,233013286
2024-08-20 10:50:29,67600.0,100,Sell,233013447
2024-08-20 10:51:14,67600.0,300,Sell,233014206
2024-08-20 10:51:40,67600.0,300,Sell,233014642
2024-08-20 10:52:23,67600.0,100,Sell,233015276
2024-08-20 10:52:52,67600.0,600,Sell,233015801
2024-08-20 10:54:38,67600.0,700,Buy,233017892
2024-08-20 10:54:39,67600.0,1000,Buy,233017921
2024-08-20 10:54:47,67500.0,3000,Sell,233018059
2024-08-20 10:54:50,67600.0,200,Buy,233018107
2024-08-20 10:56:00,67500.0,300,Sell,233019649
2024-08-20 10:56:11,67500.0,200,Sell,233019942
2024-08-20 10:56:29,67600.0,1000,Buy,233020313
2024-08-20 10:56:44,67500.0,500,Sell,233020583
2024-08-20 10:56:47,67600.0,300,Buy,233020675
2024-08-20 10:57:30,67500.0,100,Sell,233021401
2024-08-20 10:57:44,67500.0,400,Sell,233021663
2024-08-20 10:58:06,67500.0,9000,Sell,233022080
2024-08-20 10:59:07,67500.0,3000,Sell,233023443
2024-08-20 10:59:20,67500.0,500,Sell,233023719
2024-08-20 10:59:37,67500.0,1000,Sell,233024065
2024-08-20 10:59:40,67500.0,100,Sell,233024149
2024-08-20 10:59:48,67500.0,1200,Sell,233024287
2024-08-20 10:59:58,67500.0,400,Sell,233024515
2024-08-20 11:00:05,67500.0,2100,Sell,233024705
2024-08-20 11:00:17,67500.0,2500,Sell,233024973
2024-08-20 11:00:20,67500.0,4000,Sell,233025012
2024-08-20 11:00:23,67500.0,100,Sell,233025055
2024-08-20 11:00:29,67500.0,200,Sell,233025155
2024-08-20 11:00:38,67400.0,1600,Sell,233025322
2024-08-20 11:01:20,67400.0,1000,Sell,233026210
2024-08-20 11:01:29,67400.0,100,Sell,233026417
2024-08-20 11:01:31,67400.0,100,Sell,233026442
2024-08-20 11:01:42,67400.0,1500,Sell,233026733
2024-08-20 11:01:58,67400.0,2600,Sell,233027355
2024-08-20 11:02:45,67400.0,6000,Sell,233028488
2024-08-20 11:03:16,67400.0,200,Sell,233029267
2024-08-20 11:03:18,67400.0,200,Sell,233029300
2024-08-20 11:03:19,67400.0,500,Sell,233029332
2024-08-20 11:03:43,67400.0,100,Sell,233029905
2024-08-20 11:04:24,67400.0,500,Sell,233030862
2024-08-20 11:05:30,67400.0,1000,Sell,233032269
2024-08-20 11:05:34,67400.0,100,Sell,233032333
2024-08-20 11:05:53,67400.0,3000,Sell,233032710
2024-08-20 11:06:13,67400.0,1000,Sell,233033091
2024-08-20 11:06:33,67400.0,1000,Sell,233033456
2024-08-20 11:06:39,67400.0,500,Sell,233033604
2024-08-20 11:06:43,67400.0,500,Sell,233033688
2024-08-20 11:07:18,67400.0,300,Sell,233034457
2024-08-20 11:07:47,67400.0,100,Sell,233034919
2024-08-20 11:07:49,67400.0,100,Sell,233034948
2024-08-20 11:08:02,67400.0,200,Sell,233035229
2024-08-20 11:08:16,67400.0,600,Sell,233035473
2024-08-20 11:08:22,67500.0,400,Buy,233035600
2024-08-20 11:09:00,67400.0,900,Sell,233036289
2024-08-20 11:09:37,67400.0,1000,Sell,233036917
2024-08-20 11:10:05,67400.0,400,Sell,233037514
2024-08-20 11:10:11,67400.0,100,Sell,233037608
2024-08-20 11:10:27,67400.0,1000,Sell,233037875
2024-08-20 11:10:44,67400.0,300,Sell,233038236
2024-08-20 11:10:50,67400.0,300,Sell,233038333
2024-08-20 11:10:52,67400.0,1000,Sell,233038357
2024-08-20 11:11:03,67400.0,700,Sell,233038536
2024-08-20 11:11:21,67400.0,200,Sell,233038870
2024-08-20 11:11:46,67400.0,1000,Sell,233039256
2024-08-20 11:12:01,67400.0,500,Sell,233039507
2024-08-20 11:12:18,67400.0,100,Sell,233039799
2024-08-20 11:12:31,67400.0,4600,Sell,233040077
2024-08-20 11:12:34,67400.0,300,Sell,233040133
2024-08-20 11:12:43,67400.0,100,Sell,233040333
2024-08-20 11:12:46,67400.0,300,Sell,233040373
2024-08-20 11:12:52,67400.0,500,Sell,233040483
2024-08-20 11:12:52,67400.0,300,Buy,233040493
2024-08-20 11:13:05,67400.0,100,Buy,233040705
2024-08-20 11:13:06,67300.0,700,Sell,233040717
2024-08-20 11:13:23,67300.0,100,Sell,233041131
2024-08-20 11:13:32,67300.0,100,Sell,233041430
2024-08-20 11:13:39,67300.0,200,Sell,233041598
2024-08-20 11:13:50,67300.0,3000,Sell,233041787
2024-08-20 11:13:59,67300.0,200,Sell,233041927
2024-08-20 11:14:06,67300.0,500,Sell,233042032
2024-08-20 11:14:08,67300.0,19000,Sell,233042055
2024-08-20 11:14:27,67300.0,1000,Sell,233042310
2024-08-20 11:14:34,67300.0,500,Sell,233042392
2024-08-20 11:15:04,67300.0,300,Sell,233042835
2024-08-20 11:15:14,67300.0,800,Sell,233042995
2024-08-20 11:15:17,67300.0,500,Sell,233043057
2024-08-20 11:17:40,67400.0,200,Buy,233045110
2024-08-20 11:18:00,67400.0,300,Buy,233045372
2024-08-20 11:18:02,67400.0,1500,Buy,233045396
2024-08-20 11:18:09,67400.0,4700,Buy,233045506
2024-08-20 11:18:19,67400.0,2800,Buy,233045662
2024-08-20 11:18:22,67400.0,400,Buy,233045751
2024-08-20 11:18:29,67400.0,100,Sell,233045817
2024-08-20 11:18:30,67400.0,300,Sell,233045828
2024-08-20 11:20:02,67400.0,400,Sell,233047190
2024-08-20 11:21:33,67400.0,2400,Sell,233048391
2024-08-20 11:21:37,67400.0,2000,Sell,233048429
2024-08-20 11:21:55,67400.0,2000,Buy,233048645
2024-08-20 11:22:18,67300.0,500,Sell,233049009
2024-08-20 11:22:53,67300.0,500,Sell,233049420
2024-08-20 11:23:31,67300.0,2000,Sell,233049907
2024-08-20 11:25:15,67300.0,200,Sell,233051396
2024-08-20 11:27:11,67400.0,100,Buy,233052916
2024-08-20 11:27:12,67400.0,300,Buy,233052923
2024-08-20 11:27:52,67400.0,100,Buy,233053618
2024-08-20 11:28:00,67400.0,200,Buy,233053745
2024-08-20 11:28:09,67400.0,500,Buy,233053835
2024-08-20 11:28:25,67400.0,100,Buy,233054035
2024-08-20 11:29:17,67400.0,100,Buy,233054629
2024-08-20 11:29:20,67300.0,2300,Sell,233054658
2024-08-20 13:00:03,67300.0,10400,Sell,233056798
2024-08-20 13:00:05,67300.0,1000,Sell,233057606
2024-08-20 13:00:07,67300.0,3000,Sell,233057970
2024-08-20 13:00:12,67300.0,400,Sell,233058493
2024-08-20 13:00:13,67300.0,100,Sell,233058664
2024-08-20 13:00:15,67300.0,500,Sell,233059133
2024-08-20 13:00:15,67300.0,6700,Sell,233059132
2024-08-20 13:00:18,67300.0,1000,Sell,233059324
2024-08-20 13:00:32,67300.0,300,Sell,233060084
2024-08-20 13:00:38,67300.0,500,Sell,233060346
2024-08-20 13:00:58,67300.0,200,Sell,233061165
2024-08-20 13:01:10,67300.0,100,Sell,233061756
2024-08-20 13:01:23,67300.0,400,Sell,233062227
2024-08-20 13:01:35,67400.0,500,Buy,233062750
2024-08-20 13:01:48,67300.0,2000,Sell,233063197
2024-08-20 13:02:09,67300.0,1200,Sell,233063969
2024-08-20 13:02:10,67300.0,3500,Sell,233063984
2024-08-20 13:02:11,67300.0,900,Sell,233064001
2024-08-20 13:02:12,67300.0,100,Sell,233064052
2024-08-20 13:02:24,67300.0,800,Sell,233064430
2024-08-20 13:02:28,67300.0,100,Sell,233064605
2024-08-20 13:02:34,67300.0,800,Sell,233064794
2024-08-20 13:02:57,67200.0,200,Sell,233065434
2024-08-20 13:03:03,67200.0,1000,Sell,233065656
2024-08-20 13:03:08,67200.0,100,Sell,233065803
2024-08-20 13:03:13,67200.0,500,Sell,233065938
2024-08-20 13:03:26,67200.0,200,Sell,233066375
2024-08-20 13:03:33,67200.0,700,Sell,233066608
2024-08-20 13:03:36,67200.0,300,Sell,233066695
2024-08-20 13:03:38,67200.0,1000,Sell,233066769
2024-08-20 13:03:42,67200.0,1000,Sell,233066966
2024-08-20 13:03:43,67300.0,200,Buy,233066983
2024-08-20 13:03:49,67200.0,500,Sell,233067264
2024-08-20 13:03:59,67300.0,1000,Buy,233067586
2024-08-20 13:04:06,67300.0,100,Buy,233067950
2024-08-20 13:04:20,67300.0,500,Buy,233068466
2024-08-20 13:04:22,67300.0,200,Buy,233068503
2024-08-20 13:04:25,67300.0,1000,Buy,233068664
2024-08-20 13:04:27,67300.0,100,Buy,233068843
2024-08-20 13:04:36,67300.0,12000,Buy,233069203
2024-08-20 13:04:44,67300.0,100,Sell,233069492
2024-08-20 13:04:52,67300.0,300,Sell,233069945
2024-08-20 13:04:55,67300.0,1000,Sell,233070021
2024-08-20 13:05:31,67300.0,300,Sell,233071492
2024-08-20 13:05:37,67300.0,100,Sell,233071687
2024-08-20 13:05:38,67400.0,100,Buy,233071788
2024-08-20 13:05:52,67400.0,100,Buy,233072442
2024-08-20 13:05:58,67400.0,400,Buy,233072823
2024-08-20 13:06:00,67400.0,3000,Buy,233072958
2024-08-20 13:06:03,67400.0,6500,Buy,233073319
2024-08-20 13:06:05,67400.0,100,Buy,233073374
2024-08-20 13:06:08,67400.0,900,Buy,233073512
2024-08-20 13:06:11,67400.0,200,Buy,233073622
2024-08-20 13:06:12,67400.0,200,Buy,233073645
2024-08-20 13:06:13,67400.0,100,Buy,233073683
2024-08-20 13:06:15,67400.0,500,Buy,233073738
2024-08-20 13:06:18,67400.0,200,Buy,233073819
2024-08-20 13:06:22,67400.0,200,Buy,233073940
2024-08-20 13:06:24,67400.0,900,Buy,233074150
2024-08-20 13:07:02,67400.0,1100,Sell,233075777
2024-08-20 13:07:33,67400.0,1100,Sell,233077381
2024-08-20 13:08:02,67400.0,200,Sell,233078614
2024-08-20 13:08:05,67400.0,1000,Sell,233078703
2024-08-20 13:08:07,67500.0,100,Buy,233078773
2024-08-20 13:08:18,67500.0,200,Buy,233079433
2024-08-20 13:08:23,67500.0,200,Buy,233079650
2024-08-20 13:08:30,67500.0,100,Buy,233079932
2024-08-20 13:08:46,67500.0,100,Buy,233080712
2024-08-20 13:09:25,67500.0,500,Buy,233082450
2024-08-20 13:09:30,67400.0,5000,Sell,233082699
2024-08-20 13:09:31,67500.0,3500,Buy,233082811
2024-08-20 13:09:33,67500.0,1000,Buy,233082871
2024-08-20 13:09:46,67500.0,600,Buy,233083394
2024-08-20 13:09:56,67400.0,3700,Sell,233083802
2024-08-20 13:10:06,67400.0,500,Buy,233084234
2024-08-20 13:10:16,67400.0,200,Buy,233084663
2024-08-20 13:10:49,67400.0,1400,ATO/ATC,233086224
2024-08-20 13:10:53,67400.0,400,Sell,233086464
2024-08-20 13:11:06,67400.0,500,Buy,233087148
2024-08-20 13:11:16,67300.0,400,Sell,233087611
2024-08-20 13:11:17,67400.0,200,Buy,233087639
2024-08-20 13:11:22,67400.0,3000,Buy,233087829
2024-08-20 13:11:27,67400.0,200,Buy,233088085
2024-08-20 13:11:30,67300.0,10000,Sell,233088233
2024-08-20 13:11:31,67400.0,100,Buy,233088279
2024-08-20 13:11:41,67400.0,200,Buy,233088693
2024-08-20 13:11:43,67400.0,1000,Buy,233088785
2024-08-20 13:11:44,67400.0,300,Buy,233088842
2024-08-20 13:11:46,67400.0,300,Buy,233088956
2024-08-20 13:11:48,67400.0,200,Buy,233089054
2024-08-20 13:11:50,67400.0,1000,Buy,233089204
2024-08-20 13:11:56,67400.0,300,Buy,233089408
2024-08-20 13:12:42,67400.0,100,Sell,233091527
2024-08-20 13:13:14,67400.0,400,Sell,233093413
2024-08-20 13:13:21,67500.0,1100,Buy,233093748
2024-08-20 13:13:26,67500.0,500,Buy,233094027
2024-08-20 13:13:30,67500.0,100,Buy,233094324
2024-08-20 13:13:55,67500.0,300,Sell,233096420
2024-08-20 13:13:59,67500.0,500,Sell,233096679
2024-08-20 13:14:00,67500.0,2000,Sell,233096743
2024-08-20 13:14:07,67400.0,10000,Sell,233097169
2024-08-20 13:14:17,67600.0,5000,Buy,233098117
2024-08-20 13:14:39,67500.0,100,ATO/ATC,233099905
2024-08-20 13:14:58,67600.0,300,Buy,233101358
2024-08-20 13:15:02,67500.0,1300,Sell,233101653
2024-08-20 13:15:03,67500.0,400,Buy,233101700
2024-08-20 13:15:04,67500.0,900,Buy,233101801
2024-08-20 13:15:12,67500.0,700,Buy,233102583
2024-08-20 13:15:20,67500.0,100,Buy,233103299
2024-08-20 13:15:21,67500.0,1800,Buy,233103385
2024-08-20 13:15:32,67500.0,300,Sell,233104186
2024-08-20 13:15:34,67600.0,100,Buy,233104337
2024-08-20 13:15:39,67500.0,200,Sell,233104664
2024-08-20 13:15:56,67600.0,800,Buy,233105756
2024-08-20 13:16:13,67600.0,500,Buy,233107078
2024-08-20 13:16:17,67600.0,1000,Buy,233107275
2024-08-20 13:16:29,67600.0,200,Buy,233107966
2024-08-20 13:16:37,67600.0,500,Sell,233108468
2024-08-20 13:16:46,67600.0,500,Sell,233108975
2024-08-20 13:16:52,67600.0,300,Sell,233109284
2024-08-20 13:17:12,67700.0,2000,Buy,233110267
2024-08-20 13:17:19,67700.0,100,Buy,233110511
2024-08-20 13:17:20,67700.0,100,Buy,233110567
2024-08-20 13:17:33,67700.0,1000,Buy,233111164
2024-08-20 13:17:35,67700.0,600,Buy,233111270
2024-08-20 13:17:42,67700.0,200,Buy,233111676
2024-08-20 13:17:45,67700.0,900,Buy,233111809
2024-08-20 13:18:06,67700.0,1000,Sell,233112918
2024-08-20 13:18:43,67700.0,500,Sell,233114655
2024-08-20 13:18:47,67700.0,2000,Sell,233114894
2024-08-20 13:18:55,67700.0,1000,Sell,233115319
2024-08-20 13:19:09,67700.0,500,Sell,233116002
2024-08-20 13:19:16,67700.0,500,Sell,233116349
2024-08-20 13:19:23,67700.0,100,Buy,233116711
2024-08-20 13:19:25,67600.0,200,Sell,233116852
2024-08-20 13:19:26,67600.0,10000,Sell,233116902
2024-08-20 13:19:30,67600.0,200,Sell,233117087
2024-08-20 13:19:33,67600.0,300,Sell,233117214
2024-08-20 13:19:43,67600.0,500,Buy,233117686
2024-08-20 13:19:45,67500.0,2400,Sell,233117759
2024-08-20 13:19:48,67500.0,200,Sell,233117884
2024-08-20 13:19:54,67500.0,4200,Sell,233118126
2024-08-20 13:20:22,67500.0,200,Sell,233119253
2024-08-20 13:20:54,67600.0,100,Buy,233120484
2024-08-20 13:20:59,67600.0,500,Buy,233120677
2024-08-20 13:21:03,67600.0,100,Buy,233120792
2024-08-20 13:21:05,67500.0,100,Sell,233120849
2024-08-20 13:21:21,67500.0,3000,Sell,233121427
2024-08-20 13:21:27,67500.0,1500,Sell,233121700
2024-08-20 13:21:39,67500.0,100,Buy,233122049
2024-08-20 13:22:28,67400.0,100,Sell,233123651
2024-08-20 13:22:46,67500.0,100,Buy,233124342
2024-08-20 13:23:05,67500.0,800,Buy,233125087
2024-08-20 13:23:23,67500.0,100,Buy,233125682
2024-08-20 13:23:30,67500.0,100,Buy,233125894
2024-08-20 13:23:31,67500.0,100,Buy,233125929
2024-08-20 13:23:42,67400.0,200,Sell,233126196
2024-08-20 13:23:49,67400.0,200,Sell,233126443
2024-08-20 13:23:56,67400.0,1000,Sell,233126657
2024-08-20 13:23:57,67400.0,1500,Sell,233126684
2024-08-20 13:23:59,67400.0,1500,Sell,233126754
2024-08-20 13:24:02,67400.0,3900,Sell,233126829
2024-08-20 13:24:19,67400.0,1000,Buy,233127374
2024-08-20 13:24:31,67300.0,1400,Sell,233127737
2024-08-20 13:24:38,67300.0,600,Sell,233127954
2024-08-20 13:24:41,67300.0,400,Sell,233128040
2024-08-20 13:24:42,67300.0,200,Sell,233128066
2024-08-20 13:24:46,67300.0,900,Sell,233128209
2024-08-20 13:24:49,67300.0,4800,Sell,233128339
2024-08-20 13:24:50,67300.0,400,Sell,233128382
2024-08-20 13:24:55,67300.0,200,Sell,233128578
2024-08-20 13:25:19,67400.0,200,Buy,233129369
2024-08-20 13:25:37,67300.0,200,Sell,233129882
2024-08-20 13:25:39,67300.0,500,Sell,233129930
2024-08-20 13:25:46,67400.0,100,Buy,233130230
2024-08-20 13:25:56,67300.0,100,Sell,233130601
2024-08-20 13:25:59,67300.0,700,Sell,233130681
2024-08-20 13:26:10,67300.0,300,Sell,233130975
2024-08-20 13:26:51,67400.0,1000,Buy,233132460
2024-08-20 13:26:56,67300.0,100,Sell,233132633
2024-08-20 13:27:03,67400.0,300,Buy,233132795
2024-08-20 13:27:15,67400.0,1000,Buy,233133253
2024-08-20 13:27:22,67400.0,100,Buy,233133445
2024-08-20 13:27:24,67400.0,400,Buy,233133525
2024-08-20 13:27:46,67400.0,100,Buy,233134471
2024-08-20 13:27:49,67400.0,5100,Buy,233134559
2024-08-20 13:27:55,67300.0,300,Sell,233134726
2024-08-20 13:28:07,67400.0,1000,Buy,233135594
2024-08-20 13:28:14,67400.0,800,Buy,233135944
2024-08-20 13:28:19,67400.0,500,Buy,233136162
2024-08-20 13:28:25,67400.0,100,Buy,233136572
2024-08-20 13:28:26,67400.0,300,Buy,233136628
2024-08-20 13:28:34,67300.0,1100,Sell,233137482
2024-08-20 13:28:37,67400.0,100,Buy,233137535
2024-08-20 13:28:49,67400.0,100,Buy,233138072
2024-08-20 13:29:00,67300.0,500,Sell,233138801
2024-08-20 13:29:12,67400.0,2300,Buy,233139508
2024-08-20 13:29:42,67300.0,5800,Sell,233141567
2024-08-20 13:29:56,67400.0,300,Buy,233142568
2024-08-20 13:29:59,67400.0,500,Buy,233142710
2024-08-20 13:30:08,67400.0,900,Buy,233143282
2024-08-20 13:30:16,67400.0,1000,Buy,233143845
2024-08-20 13:30:18,67400.0,1000,Buy,233144002
2024-08-20 13:30:19,67400.0,1200,Buy,233144037
2024-08-20 13:30:19,67400.0,300,Buy,233144065
2024-08-20 13:30:56,67400.0,3400,Sell,233146406
2024-08-20 13:31:12,67400.0,500,Sell,233147621
2024-08-20 13:31:17,67400.0,500,Sell,233148116
2024-08-20 13:31:40,67400.0,500,Sell,233149575
2024-08-20 13:31:43,67400.0,1000,Sell,233149729
2024-08-20 13:31:52,67400.0,100,Sell,233150146
2024-08-20 13:32:05,67400.0,1000,Sell,233151027
2024-08-20 13:32:10,67400.0,300,Sell,233151407
2024-08-20 13:32:36,67500.0,2000,Buy,233153095
2024-08-20 13:32:45,67400.0,500,Sell,233153746
2024-08-20 13:32:46,67500.0,500,Buy,233153827
2024-08-20 13:32:54,67500.0,800,Buy,233154292
2024-08-20 13:33:00,67500.0,1000,Buy,233154728
2024-08-20 13:33:04,67500.0,400,Buy,233155029
2024-08-20 13:33:06,67500.0,300,Buy,233155137
2024-08-20 13:33:12,67500.0,100,Buy,233155611
2024-08-20 13:33:19,67500.0,600,Buy,233156012
2024-08-20 13:33:20,67500.0,1200,Buy,233156110
2024-08-20 13:33:28,67500.0,1200,Buy,233156477
2024-08-20 13:33:29,67500.0,1700,Buy,233156517
2024-08-20 13:33:34,67500.0,2000,Buy,233156750
2024-08-20 13:33:38,67400.0,500,Sell,233157101
2024-08-20 13:33:41,67500.0,4400,Buy,233157277
2024-08-20 13:33:43,67500.0,1000,Buy,233157398
2024-08-20 13:34:21,67600.0,300,Buy,233159869
2024-08-20 13:34:32,67600.0,400,Buy,233160500
2024-08-20 13:34:36,67600.0,100,Buy,233160717
2024-08-20 13:34:39,67600.0,500,Buy,233160822
2024-08-20 13:34:42,67600.0,100,Buy,233161014
2024-08-20 13:34:44,67600.0,100,Buy,233161125
2024-08-20 13:34:46,67600.0,2000,Buy,233161238
2024-08-20 13:34:50,67500.0,300,Sell,233161436
2024-08-20 13:34:52,67600.0,500,Buy,233161554
2024-08-20 13:34:54,67600.0,300,Buy,233161659
2024-08-20 13:34:55,67600.0,200,Buy,233161734
2024-08-20 13:35:07,67700.0,300,Buy,233162474
2024-08-20 13:35:13,67700.0,4000,Buy,233162823
2024-08-20 13:35:35,67700.0,200,Sell,233164369
2024-08-20 13:35:56,67700.0,100,Sell,233165919
2024-08-20 13:35:57,67800.0,500,Buy,233165956
2024-08-20 13:36:08,67800.0,200,Buy,233166635
2024-08-20 13:36:16,67800.0,19700,Sell,233167050
2024-08-20 13:36:23,67900.0,3400,Sell,233167531
2024-08-20 13:36:29,68000.0,14600,Buy,233167765
2024-08-20 13:36:40,68100.0,600,Buy,233168370
2024-08-20 13:36:46,68000.0,100,Sell,233168662
2024-08-20 13:36:48,68100.0,1000,Buy,233168797
2024-08-20 13:36:49,68000.0,1200,Sell,233168826
2024-08-20 13:36:52,68100.0,100,Buy,233168971
2024-08-20 13:36:53,68100.0,500,Buy,233169025
2024-08-20 13:36:54,68000.0,100,Sell,233169106
2024-08-20 13:36:57,68000.0,100,Sell,233169242
2024-08-20 13:36:58,68000.0,400,Sell,233169276
2024-08-20 13:36:59,68100.0,500,Buy,233169347
2024-08-20 13:37:05,68100.0,500,ATO/ATC,233169661
2024-08-20 13:37:14,68200.0,2700,Buy,233170156
2024-08-20 13:37:40,68200.0,5300,Sell,233171690
2024-08-20 13:37:46,68300.0,100,Buy,233172169
2024-08-20 13:38:00,68300.0,100,Buy,233173032
2024-08-20 13:38:05,68200.0,7100,Sell,233173331
2024-08-20 13:38:07,68200.0,300,Buy,233173450
2024-08-20 13:38:15,68100.0,900,Sell,233173988
2024-08-20 13:38:18,68200.0,1000,Buy,233174146
2024-08-20 13:38:19,68200.0,300,Buy,233174216
2024-08-20 13:38:27,68100.0,1900,Sell,233174623
2024-08-20 13:38:34,68100.0,200,Buy,233175014
2024-08-20 13:38:46,68200.0,100,Buy,233175912
2024-08-20 13:38:47,68100.0,1000,Sell,233175957
2024-08-20 13:38:59,68100.0,500,Sell,233176577
2024-08-20 13:39:09,68100.0,2500,Sell,233177060
2024-08-20 13:39:12,68100.0,100,Sell,233177240
2024-08-20 13:39:14,68100.0,2500,Sell,233177364
2024-08-20 13:39:23,68100.0,5000,Buy,233177833
2024-08-20 13:39:47,68100.0,200,Buy,233178916
2024-08-20 13:40:02,68100.0,400,Buy,233179717
2024-08-20 13:40:06,68200.0,6000,Buy,233179903
2024-08-20 13:40:21,68200.0,300,Buy,233180567
2024-08-20 13:41:12,68100.0,400,Buy,233182941
2024-08-20 13:41:25,68100.0,400,Sell,233183508
2024-08-20 13:41:36,68100.0,600,Buy,233183970
2024-08-20 13:41:37,68100.0,100,Buy,233184028
2024-08-20 13:41:42,68100.0,300,Buy,233184214
2024-08-20 13:41:44,68100.0,700,Buy,233184337
2024-08-20 13:41:46,68000.0,8000,Sell,233184431
2024-08-20 13:41:55,68100.0,300,Buy,233184827
2024-08-20 13:41:56,68000.0,1300,Sell,233184864
2024-08-20 13:41:57,68000.0,300,Sell,233184912
2024-08-20 13:42:01,68000.0,500,Sell,233185200
2024-08-20 13:42:03,68000.0,3800,Sell,233185298
2024-08-20 13:42:16,67900.0,5100,Sell,233186000
2024-08-20 13:42:18,67900.0,1000,Sell,233186090
2024-08-20 13:42:19,68000.0,400,Buy,233186131
2024-08-20 13:42:21,67900.0,2000,Sell,233186190
2024-08-20 13:43:01,67900.0,100,Sell,233187916
2024-08-20 13:43:08,67900.0,100,Sell,233188336
2024-08-20 13:43:11,67900.0,100,Sell,233188434
2024-08-20 13:43:15,67900.0,200,Sell,233188650
2024-08-20 13:43:17,67900.0,800,Buy,233188738
2024-08-20 13:43:58,67900.0,700,Buy,233190638
2024-08-20 13:44:23,67800.0,100,Sell,233191647
2024-08-20 13:44:32,67800.0,100,Sell,233191970
2024-08-20 13:44:47,67800.0,500,Sell,233192631
2024-08-20 13:44:54,67800.0,2000,Sell,233192862
2024-08-20 13:45:03,67800.0,200,Sell,233193310
2024-08-20 13:45:13,67800.0,600,Sell,233193768
2024-08-20 13:45:16,67800.0,3400,Sell,233193895
2024-08-20 13:45:17,67800.0,1800,Sell,233193915
2024-08-20 13:45:18,67800.0,700,Buy,233193946
2024-08-20 13:45:30,67800.0,100,Buy,233194423
2024-08-20 13:45:45,67700.0,2000,Sell,233194980
2024-08-20 13:45:56,67700.0,1900,Sell,233195373
2024-08-20 13:45:59,67700.0,100,Sell,233195497
2024-08-20 13:46:00,67700.0,1100,Sell,233195530
2024-08-20 13:46:08,67700.0,400,Buy,233195785
2024-08-20 13:46:19,67700.0,500,Sell,233196267
2024-08-20 13:46:23,67700.0,100,Sell,233196427
2024-08-20 13:46:35,67700.0,3700,Sell,233196778
2024-08-20 13:46:37,67700.0,100,Sell,233196851
2024-08-20 13:46:53,67700.0,200,Sell,233197501
2024-08-20 13:47:01,67700.0,200,Sell,233197884
2024-08-20 13:47:10,67800.0,500,Buy,233198204
2024-08-20 13:47:11,67700.0,500,Sell,233198234
2024-08-20 13:47:12,67700.0,1000,Sell,233198282
2024-08-20 13:47:22,67700.0,600,Sell,233198621
2024-08-20 13:48:34,67800.0,3000,Buy,233201779
2024-08-20 13:48:54,67800.0,700,Buy,233202816
2024-08-20 13:48:57,67700.0,200,Sell,233202983
2024-08-20 13:49:45,67700.0,2000,Sell,233205205
2024-08-20 13:50:17,67800.0,200,Buy,233206894
2024-08-20 13:50:26,67700.0,800,Sell,233207223
2024-08-20 13:50:45,67700.0,500,Sell,233208086
2024-08-20 13:50:46,67700.0,2300,Sell,233208118
2024-08-20 13:50:47,67700.0,1000,Sell,233208193
2024-08-20 13:51:07,67700.0,100,Sell,233209238
2024-08-20 13:51:26,67800.0,2000,Buy,233210397
2024-08-20 13:51:31,67700.0,3000,Sell,233210691
2024-08-20 13:51:47,67800.0,400,Buy,233211574
2024-08-20 13:51:49,67700.0,100,Sell,233211748
2024-08-20 13:52:12,67700.0,200,Sell,233213139
2024-08-20 13:52:13,67700.0,1000,Sell,233213248
2024-08-20 13:52:22,67800.0,300,Buy,233213668
2024-08-20 13:52:24,67700.0,5300,Sell,233213823
2024-08-20 13:52:29,67800.0,400,Buy,233214122
2024-08-20 13:52:31,67700.0,500,Sell,233214259
2024-08-20 13:52:37,67800.0,1000,Buy,233214689
2024-08-20 13:52:42,67800.0,200,Buy,233215220
2024-08-20 13:52:47,67800.0,500,Buy,233215526
2024-08-20 13:52:51,67700.0,2000,Sell,233215721
2024-08-20 13:53:00,67800.0,1800,Buy,233216196
2024-08-20 13:53:04,67700.0,700,Sell,233216433
2024-08-20 13:53:05,67800.0,100,Buy,233216498
2024-08-20 13:53:33,67800.0,4400,Buy,233217991
2024-08-20 13:53:38,67800.0,100,Sell,233218292
2024-08-20 13:53:47,67900.0,100,Buy,233218787
2024-08-20 13:53:51,67800.0,100,Sell,233219063
2024-08-20 13:54:28,67900.0,2000,Buy,233221362
2024-08-20 13:54:34,67800.0,200,Sell,233221843
2024-08-20 13:55:00,68000.0,1000,Buy,233223674
2024-08-20 13:55:10,68000.0,200,Buy,233224401
2024-08-20 13:55:15,68000.0,300,Buy,233224747
2024-08-20 13:55:29,68000.0,500,Buy,233225620
2024-08-20 13:55:46,68000.0,200,Buy,233226877
2024-08-20 13:56:01,68000.0,5000,Buy,233227910
2024-08-20 13:56:08,68000.0,1700,Buy,233228295
2024-08-20 13:56:39,68100.0,200,Buy,233229918
2024-08-20 13:56:39,68000.0,1800,Sell,233229987
2024-08-20 13:56:52,68000.0,300,Sell,233230661
2024-08-20 13:57:11,68000.0,100,Sell,233231606
2024-08-20 13:57:18,68000.0,8000,Sell,233231855
2024-08-20 13:57:21,68100.0,300,Buy,233232295
2024-08-20 13:57:57,68100.0,100,Buy,233234140
2024-08-20 13:58:10,68100.0,100,Buy,233234839
2024-08-20 13:58:16,68100.0,5000,Buy,233235184
2024-08-20 13:58:31,68100.0,2000,Buy,233235922
2024-08-20 13:58:40,68100.0,2000,Buy,233236459
2024-08-20 13:58:51,68000.0,3100,Sell,233236938
2024-08-20 13:58:52,68300.0,60000,Buy,233236977
2024-08-20 13:59:15,68300.0,400,Buy,233238133
2024-08-20 13:59:17,68300.0,50300,Buy,233238225
2024-08-20 13:59:28,68300.0,100,Buy,233238839
2024-08-20 13:59:35,68300.0,30000,Buy,233239322
2024-08-20 13:59:36,68300.0,2100,Buy,233239368
2024-08-20 13:59:52,68300.0,100,Sell,233240161
2024-08-20 14:00:12,68300.0,500,Sell,233241160
2024-08-20 14:00:18,68300.0,4100,Sell,233241446
2024-08-20 14:00:27,68300.0,5200,Buy,233241882
2024-08-20 14:00:36,68300.0,1000,Buy,233242309
2024-08-20 14:00:37,68300.0,100,Buy,233242345
2024-08-20 14:00:42,68300.0,100,Buy,233242565
2024-08-20 14:00:43,68300.0,200,Buy,233242614
2024-08-20 14:01:09,68300.0,100,Buy,233243989
2024-08-20 14:01:12,68200.0,300,Sell,233244123
2024-08-20 14:01:16,68200.0,5900,Buy,233244251
2024-08-20 14:01:21,68100.0,1000,Sell,233244447
2024-08-20 14:01:22,68200.0,3500,Buy,233244506
2024-08-20 14:01:37,68200.0,100,Buy,233245041
2024-08-20 14:01:40,68200.0,200,Buy,233245145
2024-08-20 14:01:49,68200.0,2000,Buy,233245545
2024-08-20 14:01:50,68100.0,100,Sell,233245638
2024-08-20 14:02:14,68200.0,3000,Buy,233246703
2024-08-20 14:02:21,68100.0,2000,Sell,233247035
2024-08-20 14:02:22,68100.0,100,Sell,233247088
2024-08-20 14:02:23,68200.0,100,Buy,233247120
2024-08-20 14:02:32,68200.0,300,Buy,233247472
2024-08-20 14:02:38,68200.0,200,Buy,233247802
2024-08-20 14:03:19,68200.0,100,Buy,233249798
2024-08-20 14:03:33,68200.0,200,Buy,233250661
2024-08-20 14:03:48,68200.0,100,Buy,233251460
2024-08-20 14:04:26,68100.0,200,Sell,233253495
2024-08-20 14:04:29,68200.0,100,Buy,233253661
2024-08-20 14:04:44,68200.0,1500,Buy,233254295
2024-08-20 14:04:55,68100.0,500,Sell,233254807
2024-08-20 14:05:10,68200.0,10600,Buy,233255661
2024-08-20 14:05:13,68100.0,400,Sell,233255848
2024-08-20 14:05:28,68100.0,200,Sell,233256516
2024-08-20 14:05:48,68100.0,2400,Sell,233257327
2024-08-20 14:05:52,68200.0,500,Buy,233257497
2024-08-20 14:05:55,68100.0,1000,Sell,233257681
2024-08-20 14:05:58,68100.0,1000,Sell,233257776
2024-08-20 14:05:59,68200.0,100,Buy,233257816
2024-08-20 14:06:00,68100.0,100,Sell,233257865
2024-08-20 14:06:07,68200.0,400,Buy,233258226
2024-08-20 14:06:11,68100.0,300,Sell,233258400
2024-08-20 14:06:14,68200.0,400,Buy,233258568
2024-08-20 14:06:20,68100.0,100,Sell,233258800
2024-08-20 14:06:22,68200.0,100,Buy,233258897
2024-08-20 14:06:37,68100.0,3500,Sell,233259477
2024-08-20 14:06:39,68100.0,400,Sell,233259552
2024-08-20 14:06:42,68100.0,1500,Sell,233259655
2024-08-20 14:07:00,68100.0,100,Sell,233260576
2024-08-20 14:07:16,68100.0,300,Sell,233261160
2024-08-20 14:07:23,68100.0,100,Sell,233261385
2024-08-20 14:07:43,68100.0,6000,Sell,233262275
2024-08-20 14:07:44,68100.0,400,Sell,233262313
2024-08-20 14:07:57,68100.0,100,Buy,233262825
2024-08-20 14:07:58,68100.0,200,Sell,233262858
2024-08-20 14:08:05,68100.0,600,Buy,233263180
2024-08-20 14:08:06,68100.0,100,Buy,233263209
2024-08-20 14:08:12,68100.0,300,Buy,233263434
2024-08-20 14:08:22,68100.0,1000,Buy,233263905
2024-08-20 14:08:37,68100.0,100,Buy,233264561
2024-08-20 14:08:58,68100.0,100,Buy,233265557
2024-08-20 14:08:59,68100.0,2300,Buy,233265574
2024-08-20 14:09:09,68100.0,400,Sell,233265976
2024-08-20 14:09:31,68200.0,2300,Buy,233266828
2024-08-20 14:09:32,68100.0,700,Sell,233266857
2024-08-20 14:09:39,68100.0,2000,Sell,233267127
2024-08-20 14:09:43,68100.0,2000,Sell,233267332
2024-08-20 14:09:51,68100.0,2000,Sell,233267579
2024-08-20 14:09:52,68100.0,300,Sell,233267600
2024-08-20 14:10:03,68100.0,1000,Sell,233268053
2024-08-20 14:10:05,68200.0,200,Buy,233268120
2024-08-20 14:10:15,68100.0,2000,Sell,233268571
2024-08-20 14:10:42,68100.0,1000,Sell,233269872
2024-08-20 14:10:56,68100.0,1000,Sell,233270511
2024-08-20 14:11:08,68100.0,300,Sell,233271007
2024-08-20 14:11:14,68200.0,100,Buy,233271349
2024-08-20 14:11:15,68100.0,3100,Buy,233271406
2024-08-20 14:11:21,68100.0,1500,Buy,233271621
2024-08-20 14:11:29,68000.0,300,Sell,233272025
2024-08-20 14:11:38,68000.0,100,Sell,233272481
2024-08-20 14:11:40,68100.0,2500,Buy,233272593
2024-08-20 14:11:45,68100.0,1000,Buy,233272847
2024-08-20 14:12:01,68100.0,300,Buy,233273498
2024-08-20 14:12:04,68100.0,1800,Buy,233273737
2024-08-20 14:12:09,68000.0,100,Sell,233273992
2024-08-20 14:12:13,68100.0,1700,Buy,233274236
2024-08-20 14:12:16,68000.0,5000,Sell,233274431
2024-08-20 14:12:18,68000.0,100,Sell,233274526
2024-08-20 14:12:22,68000.0,1000,Sell,233274870
2024-08-20 14:12:24,68000.0,5000,Sell,233274927
2024-08-20 14:12:27,68000.0,100,Sell,233275042
2024-08-20 14:12:29,68000.0,500,Sell,233275173
2024-08-20 14:12:35,68000.0,1500,Sell,233275416
2024-08-20 14:12:46,68000.0,300,Buy,233275923
2024-08-20 14:12:56,68000.0,200,Buy,233276398
2024-08-20 14:13:06,68000.0,1000,Buy,233277053
2024-08-20 14:13:10,68000.0,1000,Buy,233277254
2024-08-20 14:13:21,68000.0,200,Buy,233277982
2024-08-20 14:13:22,67900.0,500,Sell,233278016
2024-08-20 14:13:46,67900.0,100,Sell,233279329
2024-08-20 14:14:01,67900.0,900,Sell,233280430
2024-08-20 14:14:13,68000.0,100,Buy,233281056
2024-08-20 14:14:15,67900.0,200,Sell,233281227
2024-08-20 14:14:28,67900.0,300,Sell,233281987
2024-08-20 14:14:41,67900.0,1000,Sell,233282562
2024-08-20 14:15:03,67900.0,100,Sell,233283716
2024-08-20 14:15:17,67900.0,100,Sell,233284368
2024-08-20 14:15:28,67900.0,700,Sell,233284843
2024-08-20 14:15:30,67900.0,800,Sell,233285003
2024-08-20 14:15:38,67900.0,5500,Buy,233285392
2024-08-20 14:15:47,67900.0,300,Buy,233285902
2024-08-20 14:15:50,67900.0,100,Buy,233286090
2024-08-20 14:15:51,67900.0,100,Buy,233286166
2024-08-20 14:16:06,67800.0,600,Sell,233286867
2024-08-20 14:16:10,67800.0,4500,Sell,233287122
2024-08-20 14:16:16,67800.0,100,Buy,233287497
2024-08-20 14:16:37,67800.0,700,Buy,233288725
2024-08-20 14:16:55,67800.0,200,Buy,233289644
2024-08-20 14:16:56,67800.0,300,Buy,233289686
2024-08-20 14:17:02,67700.0,5000,Sell,233289964
2024-08-20 14:17:18,67800.0,200,Buy,233290806
2024-08-20 14:17:19,67700.0,4000,Sell,233290851
2024-08-20 14:17:21,67700.0,600,Sell,233290947
2024-08-20 14:17:22,67700.0,800,Sell,233290980
2024-08-20 14:17:27,67700.0,1800,Sell,233291200
2024-08-20 14:17:31,67700.0,100,Sell,233291357
2024-08-20 14:17:47,67700.0,2100,Sell,233292034
2024-08-20 14:18:04,67700.0,13900,Sell,233293004
2024-08-20 14:18:09,67700.0,400,Sell,233293265
2024-08-20 14:18:15,67700.0,200,Sell,233293566
2024-08-20 14:18:25,67700.0,100,Buy,233294030
2024-08-20 14:18:29,67600.0,100,Sell,233294253
2024-08-20 14:18:33,67600.0,1000,Sell,233294393
2024-08-20 14:18:41,67600.0,800,Sell,233294730
2024-08-20 14:18:57,67600.0,200,Sell,233295403
2024-08-20 14:19:04,67600.0,10000,Sell,233295773
2024-08-20 14:19:08,67600.0,200,Sell,233296002
2024-08-20 14:19:21,67600.0,100,Sell,233296755
2024-08-20 14:19:23,67600.0,2000,Sell,233296811
2024-08-20 14:19:40,67700.0,100,Buy,233297609
2024-08-20 14:20:03,67700.0,500,Buy,233298566
2024-08-20 14:20:15,67600.0,500,Sell,233299004
2024-08-20 14:20:28,67600.0,1000,Sell,233299469
2024-08-20 14:20:33,67600.0,500,Sell,233299641
2024-08-20 14:20:34,67600.0,200,Sell,233299690
2024-08-20 14:20:34,67600.0,200,Sell,233299720
2024-08-20 14:20:36,67600.0,100,Sell,233299798
2024-08-20 14:20:47,67600.0,300,Sell,233300190
2024-08-20 14:20:52,67600.0,1000,Sell,233300506
2024-08-20 14:21:11,67600.0,200,Sell,233301277
2024-08-20 14:21:13,67600.0,100,Sell,233301305
2024-08-20 14:21:37,67600.0,100,Sell,233302284
2024-08-20 14:21:46,67600.0,100,Sell,233302556
2024-08-20 14:21:52,67600.0,4500,Sell,233302788
2024-08-20 14:22:07,67700.0,2000,Buy,233303297
2024-08-20 14:22:10,67600.0,4000,Sell,233303444
2024-08-20 14:22:32,67600.0,500,Sell,233304345
2024-08-20 14:22:39,67600.0,400,Sell,233304582
2024-08-20 14:22:50,67600.0,5000,Sell,233304913
2024-08-20 14:23:19,67600.0,800,Sell,233305847
2024-08-20 14:23:22,67600.0,200,Sell,233305979
2024-08-20 14:23:24,67600.0,2000,Sell,233306054
2024-08-20 14:23:38,67600.0,200,Sell,233306555
2024-08-20 14:23:39,67600.0,2000,Sell,233306680
2024-08-20 14:23:43,67600.0,3000,Sell,233306806
2024-08-20 14:23:48,67600.0,200,Sell,233306966
2024-08-20 14:23:49,67600.0,700,Sell,233307008
2024-08-20 14:23:52,67600.0,4000,Sell,233307092
2024-08-20 14:24:03,67600.0,1700,Sell,233307538
2024-08-20 14:24:06,67600.0,500,Sell,233307629
2024-08-20 14:24:07,67700.0,2800,Buy,233307685
2024-08-20 14:24:09,67600.0,2000,Sell,233307708
2024-08-20 14:24:20,67600.0,200,Sell,233308132
2024-08-20 14:24:42,67600.0,1000,Sell,233308825
2024-08-20 14:24:43,67700.0,2000,Buy,233308867
2024-08-20 14:24:57,67700.0,1600,Buy,233309440
2024-08-20 14:25:03,67700.0,1000,Sell,233309619
2024-08-20 14:25:15,67700.0,100,Sell,233310054
2024-08-20 14:25:30,67800.0,100,Buy,233310571
2024-08-20 14:25:41,67800.0,3000,Buy,233311007
2024-08-20 14:25:44,67800.0,300,Buy,233311153
2024-08-20 14:25:54,67800.0,1000,Sell,233311535
2024-08-20 14:26:03,67800.0,5000,Sell,233311924
2024-08-20 14:26:19,67800.0,1900,Sell,233312481
2024-08-20 14:26:23,67800.0,300,Buy,233312679
2024-08-20 14:26:29,67800.0,100,Buy,233312868
2024-08-20 14:26:42,67800.0,300,Buy,233313336
2024-08-20 14:26:47,67700.0,2400,Sell,233313552
2024-08-20 14:26:53,67700.0,1700,Sell,233313739
2024-08-20 14:26:54,67700.0,100,Buy,233313788
2024-08-20 14:26:59,67700.0,100,Buy,233314014
2024-08-20 14:27:08,67700.0,100,Buy,233314444
2024-08-20 14:27:10,67600.0,700,Sell,233314547
2024-08-20 14:27:18,67900.0,400,Buy,233314866
2024-08-20 14:27:28,67900.0,400,Sell,233315404
2024-08-20 14:27:45,67900.0,600,Buy,233316150
2024-08-20 14:27:50,67600.0,2000,Sell,233316308
2024-08-20 14:28:02,67900.0,700,Buy,233316882
2024-08-20 14:29:07,67900.0,6700,Buy,233319757
2024-08-20 14:29:14,67900.0,1000,Sell,233320098
2024-08-20 14:29:16,67900.0,1000,Sell,233320199
2024-08-20 14:29:18,67900.0,500,Sell,233320244
2024-08-20 14:29:28,67900.0,2000,Sell,233320864
2024-08-20 14:29:31,67900.0,1000,Sell,233321040
2024-08-20 14:29:39,68000.0,100,Buy,233321437
2024-08-20 14:30:01,67900.0,400,Sell,233322528
2024-08-20 14:30:13,68000.0,600,Buy,233322550
2024-08-20 14:30:14,68000.0,100,Buy,233322551
2024-08-20 14:30:16,67900.0,1000,Sell,233322554
2024-08-20 14:30:19,67900.0,1000,Sell,233322559
2024-08-20 14:31:27,67900.0,100,Buy,233322642
2024-08-20 14:32:17,67900.0,100,Buy,233322696
2024-08-20 14:32:56,67800.0,400,Sell,233322732
2024-08-20 14:33:25,67800.0,200,Buy,233322760
2024-08-20 14:33:42,67700.0,1500,Sell,233322770
2024-08-20 14:34:16,67800.0,300,Buy,233322800
2024-08-20 14:34:37,67800.0,300,Buy,233322819
2024-08-20 14:34:52,67800.0,5000,Buy,233322837
2024-08-20 14:35:50,67800.0,3800,Sell,233322892
2024-08-20 14:37:12,67800.0,100,Sell,233322969
2024-08-20 14:37:29,67800.0,300,Sell,233322995
2024-08-20 14:39:12,67800.0,500,Sell,233323091
2024-08-20 14:39:18,67900.0,500,Buy,233323096
2024-08-20 14:39:28,67800.0,200,Sell,233323104
2024-08-20 14:42:09,67900.0,500,Buy,233323241
2024-08-20 14:42:18,67900.0,500,Buy,233323249
2024-08-20 14:42:38,67900.0,200,Sell,233323265
2024-08-20 14:43:23,67900.0,100,Sell,233323293
2024-08-20 14:43:38,68000.0,7700,Buy,233323308
2024-08-20 14:43:45,67900.0,100,Sell,233323316
2024-08-20 14:44:07,67900.0,100,Sell,233323339
2024-08-20 14:45:33,67900.0,500,Sell,233323886
2024-08-20 14:45:36,68000.0,100,Buy,233323888
2024-08-20 14:46:24,68000.0,100,Buy,233323943
2024-08-20 14:46:37,68000.0,200,Buy,233323953
2024-08-20 14:46:48,68000.0,100,Buy,233323963
2024-08-20 14:47:13,68000.0,1000,Buy,233323988
2024-08-20 14:47:35,67900.0,2000,Sell,233324010
2024-08-20 14:48:07,67900.0,100,Sell,233324061
2024-08-20 14:48:21,67900.0,6200,Sell,233324078
2024-08-20 14:48:48,67900.0,300,Buy,233324113
2024-08-20 14:50:22,67900.0,100,Buy,233324185
2024-08-20 14:50:47,67900.0,100,Buy,233324199
2024-08-20 14:50:56,67900.0,100,Buy,233324207
2024-08-20 14:51:16,67800.0,100,Sell,233324226
2024-08-20 14:52:21,67900.0,500,Buy,233324279
2024-08-20 14:53:09,67900.0,100,Buy,233324311
2024-08-20 14:53:32,67900.0,100,Buy,233324326
2024-08-20 14:53:41,67800.0,200,Sell,233324331
2024-08-20 14:53:46,67800.0,100,Sell,233324335
2024-08-20 14:54:16,67800.0,10000,Sell,233324353
2024-08-20 14:54:25,67800.0,1000,Sell,233324357
2024-08-20 14:54:38,67800.0,1000,Sell,233324370
2024-08-20 14:54:39,67800.0,200,Sell,233324372
2024-08-20 14:54:41,67800.0,1500,Sell,233324374
2024-08-20 14:54:44,67800.0,500,Sell,233324378
2024-08-20 14:55:20,67800.0,500,Sell,233324412
2024-08-20 14:56:25,68000.0,20600,Sell,233324466
2024-08-20 14:56:44,68000.0,500,Sell,233324489
2024-08-20 14:56:55,68000.0,5000,Sell,233324495
2024-08-20 14:57:12,68000.0,200,Sell,233324513
2024-08-20 14:57:23,68000.0,1000,Sell,233324522
2024-08-20 14:57:26,68000.0,500,Sell,233324527
2024-08-20 14:57:32,68000.0,1800,Sell,233324534
2024-08-20 14:58:19,68000.0,6000,Buy,233324579
2024-08-20 14:58:39,68000.0,100,Buy,233324598
2024-08-20 14:59:20,67900.0,100,Buy,233324650
2024-08-20 14:59:36,67900.0,1300,Buy,233324692
2024-08-20 14:59:45,68000.0,100,Buy,233324714
2024-08-20 14:59:47,67900.0,1000,Sell,233324715
2024-08-20 14:59:49,68000.0,400,Buy,233324722
2024-08-20 14:59:53,68000.0,1000,Buy,233324731
