time,price,volume,match_type,id
2024-08-15 09:00:06,67800.0,100,Sell,231689322
2024-08-15 09:00:24,67800.0,700,Buy,231689447
2024-08-15 09:00:30,67800.0,100,Buy,231689480
2024-08-15 09:05:22,67300.0,600,Sell,231690021
2024-08-15 09:05:23,67300.0,900,Sell,231690023
2024-08-15 09:05:44,67200.0,100,Sell,231690064
2024-08-15 09:05:45,67200.0,400,Sell,231690067
2024-08-15 09:05:53,67200.0,100,Sell,231690084
2024-08-15 09:06:10,67100.0,100,Sell,231690115
2024-08-15 09:06:19,67100.0,100,Buy,231690129
2024-08-15 09:06:31,67000.0,700,Buy,231690151
2024-08-15 09:06:46,66900.0,100,Buy,231690172
2024-08-15 09:07:32,66800.0,400,ATO/ATC,231690241
2024-08-15 09:07:33,66800.0,200,Buy,231690243
2024-08-15 09:08:01,66700.0,5000,Sell,231690291
2024-08-15 09:08:04,66700.0,400,Sell,231690296
2024-08-15 09:08:05,66700.0,400,Buy,231690299
2024-08-15 09:08:06,66600.0,1200,Sell,231690301
2024-08-15 09:08:09,66600.0,100,Buy,231690303
2024-08-15 09:08:19,66500.0,200,Sell,231690316
2024-08-15 09:08:20,66500.0,1000,ATO/ATC,231690318
2024-08-15 09:08:22,66000.0,500,Sell,231690324
2024-08-15 09:08:23,66000.0,500,Sell,231690327
2024-08-15 09:08:30,66000.0,100,Sell,231690343
2024-08-15 09:08:34,66000.0,900,Sell,231690350
2024-08-15 09:08:36,66000.0,900,Sell,231690353
2024-08-15 09:08:41,66000.0,1000,Sell,231690362
2024-08-15 09:08:42,66000.0,200,Sell,231690365
2024-08-15 09:08:49,66000.0,900,Sell,231690377
2024-08-15 09:08:50,66000.0,2000,Sell,231690380
2024-08-15 09:09:02,66100.0,1500,ATO/ATC,231690401
2024-08-15 09:09:05,66000.0,400,Sell,231690405
2024-08-15 09:09:06,66000.0,300,Sell,231690406
2024-08-15 09:09:10,66000.0,100,Sell,231690414
2024-08-15 09:09:12,66000.0,200,Sell,231690419
2024-08-15 09:09:22,66000.0,100,Sell,231690435
2024-08-15 09:09:27,66100.0,300,Buy,231690443
2024-08-15 09:09:30,66000.0,100,Sell,231690450
2024-08-15 09:09:32,66000.0,4700,Sell,231690455
2024-08-15 09:09:34,66000.0,400,Sell,231690458
2024-08-15 09:09:39,66000.0,900,Buy,231690465
2024-08-15 09:10:12,65900.0,700,Buy,231690574
2024-08-15 09:10:14,65900.0,100,Buy,231690581
2024-08-15 09:10:17,65800.0,200,ATO/ATC,231690592
2024-08-15 09:10:19,65700.0,500,Sell,231690600
2024-08-15 09:10:22,66000.0,1000,Buy,231690612
2024-08-15 09:10:32,66000.0,200,Buy,231690645
2024-08-15 09:10:42,65900.0,400,ATO/ATC,231690675
2024-08-15 09:10:48,66000.0,300,Buy,231690685
2024-08-15 09:10:58,65900.0,200,Sell,231690702
2024-08-15 09:11:10,65900.0,100,Buy,231690715
2024-08-15 09:11:12,65900.0,600,Buy,231690719
2024-08-15 09:11:22,65900.0,200,Buy,231690734
2024-08-15 09:11:24,65800.0,200,Sell,231690737
2024-08-15 09:11:31,65900.0,100,Buy,231690751
2024-08-15 09:11:35,65900.0,100,Buy,231690759
2024-08-15 09:11:38,65900.0,100,Buy,231690767
2024-08-15 09:11:48,65900.0,12700,Buy,231690781
2024-08-15 09:12:05,66000.0,2300,Buy,231690810
2024-08-15 09:12:06,66000.0,1000,Buy,231690814
2024-08-15 09:12:16,66100.0,100,Buy,231690829
2024-08-15 09:12:21,66100.0,100,Buy,231690840
2024-08-15 09:12:24,66100.0,500,Sell,231690845
2024-08-15 09:12:31,66200.0,500,Sell,231690860
2024-08-15 09:12:57,66600.0,300,ATO/ATC,231690904
2024-08-15 09:13:11,66500.0,200,ATO/ATC,231690927
2024-08-15 09:13:39,66500.0,100,Buy,231690977
2024-08-15 09:13:55,66800.0,200,Buy,231691006
2024-08-15 09:14:00,66500.0,200,Sell,231691016
2024-08-15 09:14:30,66500.0,400,Sell,231691070
2024-08-15 09:14:47,66500.0,400,Sell,231691104
2024-08-15 09:14:54,66500.0,1500,Sell,231691122
2024-08-15 09:15:20,66500.0,100,Sell,231691641
2024-08-15 09:15:40,66500.0,100,Sell,231691986
2024-08-15 09:16:06,66500.0,300,Sell,231692398
2024-08-15 09:16:12,66700.0,100,ATO/ATC,231692467
2024-08-15 09:16:28,66500.0,700,ATO/ATC,231692670
2024-08-15 09:16:47,66400.0,100,ATO/ATC,231692920
2024-08-15 09:17:03,66500.0,100,Buy,231693154
2024-08-15 09:17:35,66500.0,100,ATO/ATC,231693753
2024-08-15 09:17:52,66400.0,100,Sell,231694183
2024-08-15 09:17:59,66400.0,200,Sell,231694391
2024-08-15 09:18:03,66400.0,800,Buy,231694458
2024-08-15 09:18:19,66300.0,1900,Sell,231694734
2024-08-15 09:18:29,66300.0,2300,Sell,231694914
2024-08-15 09:18:43,66300.0,100,Buy,231695189
2024-08-15 09:18:45,66300.0,100,Buy,231695220
2024-08-15 09:18:48,66000.0,10100,Sell,231695269
2024-08-15 09:18:51,66300.0,200,Buy,231695302
2024-08-15 09:19:01,66000.0,300,Sell,231695479
2024-08-15 09:19:21,66000.0,500,ATO/ATC,231695846
2024-08-15 09:19:30,66000.0,1000,Sell,231696019
2024-08-15 09:19:36,66000.0,100,Sell,231696137
2024-08-15 09:19:37,65900.0,6200,Buy,231696147
2024-08-15 09:19:39,65900.0,100,Buy,231696178
2024-08-15 09:19:44,65900.0,100,Buy,231696271
2024-08-15 09:19:49,65900.0,2000,Buy,231696344
2024-08-15 09:19:50,65900.0,200,Buy,231696367
2024-08-15 09:20:05,65900.0,2600,Sell,231696641
2024-08-15 09:20:09,65900.0,200,Sell,231696719
2024-08-15 09:20:15,65900.0,1700,Sell,231696797
2024-08-15 09:20:28,65900.0,2000,Sell,231697132
2024-08-15 09:20:40,65900.0,100,Sell,231697462
2024-08-15 09:20:41,65900.0,700,Buy,231697481
2024-08-15 09:20:52,65900.0,2000,Sell,231697720
2024-08-15 09:20:53,65900.0,200,Sell,231697740
2024-08-15 09:21:03,65900.0,2200,Sell,231697887
2024-08-15 09:21:05,65900.0,700,Sell,231697926
2024-08-15 09:21:15,65900.0,900,Buy,231698125
2024-08-15 09:21:17,65900.0,100,ATO/ATC,231698150
2024-08-15 09:21:38,65900.0,500,Buy,231698584
2024-08-15 09:21:49,65800.0,5200,Sell,231698768
2024-08-15 09:21:55,65900.0,900,Buy,231698859
2024-08-15 09:21:57,65800.0,4500,Sell,231698913
2024-08-15 09:22:03,65800.0,2700,Buy,231698998
2024-08-15 09:22:05,65800.0,100,Buy,231699059
2024-08-15 09:22:10,65800.0,200,Buy,231699190
2024-08-15 09:22:11,65700.0,1500,Sell,231699200
2024-08-15 09:22:22,65700.0,200,Sell,231699365
2024-08-15 09:22:23,65700.0,1100,Buy,231699376
2024-08-15 09:22:29,65500.0,1000,Sell,231699474
2024-08-15 09:22:29,65600.0,500,Sell,231699461
2024-08-15 09:22:37,65500.0,300,Sell,231699592
2024-08-15 09:22:42,65500.0,7300,Sell,231699663
2024-08-15 09:22:43,65500.0,2000,Sell,231699694
2024-08-15 09:22:45,65500.0,200,Sell,231699725
2024-08-15 09:22:46,65500.0,500,Sell,231699757
2024-08-15 09:22:49,65500.0,100,Sell,231699815
2024-08-15 09:22:54,65500.0,1500,Sell,231699910
2024-08-15 09:22:56,65500.0,10000,Buy,231699939
2024-08-15 09:23:10,65500.0,200,Buy,231700113
2024-08-15 09:23:23,65500.0,100,Buy,231700281
2024-08-15 09:23:26,65500.0,100,Buy,231700314
2024-08-15 09:23:27,65500.0,1000,Buy,231700324
2024-08-15 09:23:29,65500.0,200,Buy,231700359
2024-08-15 09:23:30,65500.0,100,Buy,231700367
2024-08-15 09:23:35,65400.0,500,Sell,231700466
2024-08-15 09:23:36,65500.0,100,Buy,231700474
2024-08-15 09:23:42,65500.0,100,Buy,231700579
2024-08-15 09:23:42,65500.0,100,Buy,231700610
2024-08-15 09:23:43,65500.0,600,Buy,231700625
2024-08-15 09:23:48,65400.0,300,Sell,231700689
2024-08-15 09:23:50,65500.0,700,Buy,231700733
2024-08-15 09:23:52,65500.0,300,Buy,231700753
2024-08-15 09:23:55,65300.0,300,Sell,231700797
2024-08-15 09:24:03,65500.0,100,Buy,231700915
2024-08-15 09:24:12,65500.0,6400,Sell,231701062
2024-08-15 09:24:17,65500.0,1000,Sell,231701165
2024-08-15 09:24:21,65700.0,200,Sell,231701234
2024-08-15 09:24:24,65700.0,200,Sell,231701286
2024-08-15 09:24:29,65800.0,100,Buy,231701373
2024-08-15 09:24:32,65800.0,1000,Buy,231701437
2024-08-15 09:24:33,65800.0,500,Buy,231701450
2024-08-15 09:24:35,65800.0,100,Buy,231701502
2024-08-15 09:24:42,65800.0,500,Buy,231701589
2024-08-15 09:24:46,65800.0,500,Buy,231701662
2024-08-15 09:25:01,65800.0,100,Buy,231701956
2024-08-15 09:25:08,65800.0,900,Sell,231702067
2024-08-15 09:25:17,65900.0,100,ATO/ATC,231702294
2024-08-15 09:25:32,65800.0,2000,Sell,231702526
2024-08-15 09:25:35,66000.0,5600,Sell,231702555
2024-08-15 09:26:03,66300.0,200,Buy,231703001
2024-08-15 09:26:16,66300.0,200,Buy,231703204
2024-08-15 09:26:18,66000.0,100,Sell,231703251
2024-08-15 09:26:30,66100.0,300,Sell,231703432
2024-08-15 09:26:32,66100.0,100,Buy,231703468
2024-08-15 09:26:37,66000.0,4500,Sell,231703543
2024-08-15 09:27:04,66100.0,100,Buy,231703924
2024-08-15 09:27:07,66100.0,100,Buy,231703976
2024-08-15 09:27:09,66100.0,100,Sell,231704012
2024-08-15 09:27:32,66100.0,100,Sell,231704388
2024-08-15 09:28:41,66200.0,100,ATO/ATC,231705327
2024-08-15 09:28:42,66100.0,100,Sell,231705345
2024-08-15 09:28:48,66200.0,100,Sell,231705442
2024-08-15 09:29:08,66500.0,1000,Buy,231705763
2024-08-15 09:29:47,66300.0,400,Sell,231706353
2024-08-15 09:30:28,66300.0,100,Sell,231707022
2024-08-15 09:30:44,66300.0,800,Sell,231707300
2024-08-15 09:30:50,66300.0,100,Sell,231707427
2024-08-15 09:30:58,66300.0,1800,Buy,231707551
2024-08-15 09:31:04,66300.0,1000,Buy,231707678
2024-08-15 09:31:32,66300.0,500,Buy,231708011
2024-08-15 09:31:33,66300.0,600,Buy,231708031
2024-08-15 09:31:38,66300.0,400,Buy,231708091
2024-08-15 09:32:06,66200.0,1000,Sell,231708422
2024-08-15 09:32:20,66200.0,100,Sell,231708615
2024-08-15 09:32:32,66300.0,1500,Buy,231708839
2024-08-15 09:32:42,66200.0,1000,Sell,231709018
2024-08-15 09:32:45,66200.0,200,Sell,231709080
2024-08-15 09:32:46,66200.0,400,Sell,231709092
2024-08-15 09:32:47,66100.0,300,Sell,231709108
2024-08-15 09:33:52,66200.0,500,Buy,231709892
2024-08-15 09:33:53,66200.0,600,Buy,231709904
2024-08-15 09:33:59,66200.0,100,Buy,231709977
2024-08-15 09:34:03,66100.0,400,Sell,231710027
2024-08-15 09:34:44,66200.0,300,Sell,231710809
2024-08-15 09:34:48,66300.0,800,ATO/ATC,231710847
2024-08-15 09:35:05,66300.0,100,Buy,231711081
2024-08-15 09:35:09,66200.0,100,Sell,231711183
2024-08-15 09:35:14,66300.0,1700,Sell,231711260
2024-08-15 09:35:26,66300.0,2300,Buy,231711503
2024-08-15 09:35:45,66300.0,400,Buy,231711841
2024-08-15 09:36:26,66300.0,300,ATO/ATC,231712654
2024-08-15 09:37:17,66200.0,1300,Buy,231713625
2024-08-15 09:37:28,66200.0,200,ATO/ATC,231713840
2024-08-15 09:37:47,66200.0,100,ATO/ATC,231714124
2024-08-15 09:38:23,66100.0,200,Sell,231714764
2024-08-15 09:39:27,66100.0,500,Sell,231715920
2024-08-15 09:39:43,66100.0,200,Sell,231716301
2024-08-15 09:39:47,66100.0,200,Sell,231716381
2024-08-15 09:39:56,66200.0,100,Buy,231716531
2024-08-15 09:40:17,66200.0,100,Buy,231716925
2024-08-15 09:40:29,66200.0,100,Buy,231717169
2024-08-15 09:40:31,66200.0,300,Buy,231717225
2024-08-15 09:41:08,66200.0,200,Buy,231717900
2024-08-15 09:41:12,66200.0,100,Buy,231717969
2024-08-15 09:41:29,66100.0,5000,Sell,231718251
2024-08-15 09:42:00,66200.0,500,Buy,231718921
2024-08-15 09:42:18,66200.0,100,Buy,231719302
2024-08-15 09:42:39,66200.0,200,Buy,231719656
2024-08-15 09:42:40,66200.0,200,Buy,231719671
2024-08-15 09:42:43,66200.0,500,Buy,231719728
2024-08-15 09:42:44,66200.0,800,Buy,231719745
2024-08-15 09:42:54,66200.0,100,Buy,231719914
2024-08-15 09:42:56,66200.0,100,Buy,231719956
2024-08-15 09:42:57,66200.0,200,Buy,231719970
2024-08-15 09:42:59,66200.0,1000,Buy,231720012
2024-08-15 09:43:00,66200.0,500,Sell,231720024
2024-08-15 09:43:16,66300.0,100,Buy,231720327
2024-08-15 09:43:34,66300.0,100,Buy,231720633
2024-08-15 09:44:17,66300.0,700,Sell,231721233
2024-08-15 09:44:46,66300.0,200,Sell,231721631
2024-08-15 09:44:59,66300.0,1000,Sell,231721839
2024-08-15 09:45:14,66300.0,200,Buy,231722110
2024-08-15 09:45:19,66300.0,500,Sell,231722209
2024-08-15 09:45:53,66400.0,200,Buy,231722653
2024-08-15 09:45:59,66300.0,600,Sell,231722729
2024-08-15 09:46:09,66400.0,200,Buy,231722876
2024-08-15 09:47:45,66300.0,100,Sell,231724355
2024-08-15 09:47:50,66400.0,100,Buy,231724431
2024-08-15 09:47:58,66400.0,1000,Buy,231724527
2024-08-15 09:48:24,66400.0,100,Buy,231724931
2024-08-15 09:48:46,66400.0,1800,Sell,231725281
2024-08-15 09:49:22,66500.0,200,Buy,231725962
2024-08-15 09:49:51,66500.0,500,Buy,231726559
2024-08-15 09:49:58,66500.0,3700,Sell,231726725
2024-08-15 09:50:13,66600.0,500,Sell,231727039
2024-08-15 09:50:45,66700.0,500,Buy,231727568
2024-08-15 09:50:50,66700.0,200,Buy,231727659
2024-08-15 09:50:53,66700.0,100,Buy,231727693
2024-08-15 09:50:55,66700.0,200,Sell,231727722
2024-08-15 09:51:12,66700.0,1600,Sell,231728019
2024-08-15 09:51:31,66700.0,300,Buy,231728511
2024-08-15 09:51:49,66600.0,300,Sell,231728795
2024-08-15 09:51:52,66600.0,400,Buy,231728846
2024-08-15 09:51:53,66600.0,400,Buy,231728866
2024-08-15 09:52:04,66600.0,200,Sell,231729205
2024-08-15 09:52:11,66600.0,100,Buy,231729326
2024-08-15 09:52:20,66500.0,100,Sell,231729450
2024-08-15 09:52:25,66500.0,900,Sell,231729531
2024-08-15 09:52:43,66600.0,200,Sell,231729851
2024-08-15 09:53:22,66600.0,100,Buy,231730410
2024-08-15 09:53:44,66500.0,200,Sell,231730857
2024-08-15 09:53:58,66500.0,100,Sell,231731040
2024-08-15 09:54:16,66500.0,200,ATO/ATC,231731275
2024-08-15 09:56:02,66500.0,400,Buy,231732829
2024-08-15 09:56:20,66500.0,200,Buy,231733082
2024-08-15 09:56:43,66500.0,600,Buy,231733370
2024-08-15 09:56:53,66500.0,200,Buy,231733495
2024-08-15 09:58:00,66400.0,1900,Buy,231734677
2024-08-15 09:58:20,66300.0,1900,Buy,231734904
2024-08-15 09:58:38,66300.0,100,Sell,231735262
2024-08-15 09:58:45,66200.0,2000,Sell,231735364
2024-08-15 09:59:54,66200.0,100,Sell,231736466
2024-08-15 10:00:43,66200.0,1500,Sell,231737043
2024-08-15 10:01:14,66200.0,1900,Buy,231737401
2024-08-15 10:02:14,66100.0,1000,Sell,231738207
2024-08-15 10:02:48,66100.0,2000,Sell,231738642
2024-08-15 10:02:50,66100.0,1000,Sell,231738733
2024-08-15 10:02:52,66100.0,1500,Sell,231738760
2024-08-15 10:03:13,66200.0,100,Buy,231739029
2024-08-15 10:03:49,66200.0,100,Buy,231739836
2024-08-15 10:04:19,66200.0,300,Buy,231740352
2024-08-15 10:04:26,66100.0,100,Sell,231740506
2024-08-15 10:04:30,66200.0,100,Buy,231740577
2024-08-15 10:04:38,66100.0,2300,Buy,231740690
2024-08-15 10:04:57,66100.0,500,Buy,231740934
2024-08-15 10:05:02,66000.0,5000,Sell,231740998
2024-08-15 10:05:10,66100.0,1400,Buy,231741287
2024-08-15 10:05:12,66000.0,4800,Buy,231741309
2024-08-15 10:05:43,65900.0,200,Sell,231741811
2024-08-15 10:05:48,65800.0,6200,Sell,231741963
2024-08-15 10:06:09,66000.0,1600,Sell,231742481
2024-08-15 10:06:41,66000.0,100,Sell,231743096
2024-08-15 10:06:43,66000.0,500,Sell,231743118
2024-08-15 10:06:45,66000.0,2300,Sell,231743157
2024-08-15 10:07:12,66000.0,400,Sell,231743599
2024-08-15 10:07:26,66000.0,5300,Sell,231743784
2024-08-15 10:07:39,66000.0,500,Buy,231744077
2024-08-15 10:08:03,66000.0,5000,Buy,231744670
2024-08-15 10:08:32,65900.0,200,Sell,231745299
2024-08-15 10:09:40,65900.0,300,Sell,231746456
2024-08-15 10:09:44,66000.0,100,Buy,231746511
2024-08-15 10:09:52,65900.0,1000,Sell,231746624
2024-08-15 10:10:15,65800.0,11900,Buy,231746967
2024-08-15 10:10:34,65800.0,100,Buy,231747210
2024-08-15 10:10:39,65800.0,300,Buy,231747300
2024-08-15 10:10:43,65700.0,2200,Buy,231747335
2024-08-15 10:10:57,65600.0,2500,Sell,231747457
2024-08-15 10:11:07,65600.0,100,Buy,231747592
2024-08-15 10:11:08,65600.0,300,Buy,231747612
2024-08-15 10:11:18,65500.0,6600,Sell,231747746
2024-08-15 10:11:32,65600.0,900,Sell,231747888
2024-08-15 10:11:34,65600.0,500,Sell,231747922
2024-08-15 10:11:59,65700.0,400,Sell,231748267
2024-08-15 10:12:06,65700.0,500,Sell,231748400
2024-08-15 10:12:34,65700.0,1700,Buy,231748724
2024-08-15 10:12:37,65700.0,100,Buy,231748840
2024-08-15 10:12:42,65700.0,200,ATO/ATC,231748910
2024-08-15 10:13:53,65700.0,400,Sell,231749996
2024-08-15 10:15:48,65800.0,200,Buy,231751632
2024-08-15 10:15:51,65900.0,200,Buy,231751648
2024-08-15 10:16:00,65700.0,5000,Sell,231751857
2024-08-15 10:16:28,65800.0,500,Buy,231752315
2024-08-15 10:16:48,65800.0,100,Buy,231752745
2024-08-15 10:16:58,65800.0,1000,Buy,231752886
2024-08-15 10:17:04,65800.0,100,Buy,231752998
2024-08-15 10:17:20,65700.0,300,Sell,231753245
2024-08-15 10:17:37,65800.0,1000,Buy,231753517
2024-08-15 10:18:05,65700.0,1900,Sell,231753946
2024-08-15 10:18:07,65800.0,5000,Buy,231754001
2024-08-15 10:18:16,65800.0,100,Buy,231754144
2024-08-15 10:18:38,65800.0,100,Buy,231754474
2024-08-15 10:18:43,65700.0,100,Sell,231754527
2024-08-15 10:18:52,65700.0,1000,Sell,231754692
2024-08-15 10:18:56,65800.0,4000,Buy,231754743
2024-08-15 10:19:16,65800.0,100,Buy,231755033
2024-08-15 10:19:27,65800.0,200,Buy,231755305
2024-08-15 10:19:29,65800.0,300,Buy,231755356
2024-08-15 10:19:40,65800.0,400,Buy,231755555
2024-08-15 10:19:51,65800.0,100,Buy,231755865
2024-08-15 10:19:54,65800.0,300,Buy,231755912
2024-08-15 10:19:55,65800.0,1500,Buy,231755926
2024-08-15 10:20:45,65800.0,100,Buy,231756984
2024-08-15 10:20:53,65700.0,1000,Sell,231757205
2024-08-15 10:21:09,65800.0,1100,Buy,231757521
2024-08-15 10:21:26,65700.0,1000,Sell,231758055
2024-08-15 10:21:40,65700.0,2100,Sell,231758370
2024-08-15 10:21:42,65700.0,300,Sell,231758411
2024-08-15 10:22:04,65700.0,2000,Sell,231758913
2024-08-15 10:22:17,65700.0,1100,Sell,231759146
2024-08-15 10:22:24,65700.0,900,Sell,231759285
2024-08-15 10:22:33,65700.0,1200,Sell,231759465
2024-08-15 10:23:12,65600.0,600,Sell,231760717
2024-08-15 10:23:19,65600.0,400,Sell,231760856
2024-08-15 10:23:33,65600.0,2300,Buy,231761317
2024-08-15 10:23:39,65600.0,100,Buy,231761476
2024-08-15 10:23:50,65600.0,100,ATO/ATC,231761694
2024-08-15 10:23:51,65500.0,3000,Sell,231761776
2024-08-15 10:24:08,65500.0,1000,Sell,231762205
2024-08-15 10:24:12,65500.0,1000,Sell,231762305
2024-08-15 10:24:26,65500.0,200,Sell,231762665
2024-08-15 10:24:32,65600.0,100,Buy,231762796
2024-08-15 10:24:33,65500.0,1000,Sell,231762808
2024-08-15 10:24:54,65500.0,1000,Sell,231763258
2024-08-15 10:25:00,65700.0,500,Buy,231763361
2024-08-15 10:26:09,65600.0,300,Sell,231764897
2024-08-15 10:26:17,65600.0,200,Sell,231765045
2024-08-15 10:26:36,65600.0,200,Buy,231765436
2024-08-15 10:26:37,65500.0,100,Sell,231765460
2024-08-15 10:26:55,65500.0,1000,Sell,231765907
2024-08-15 10:27:19,65500.0,400,Sell,231766523
2024-08-15 10:27:24,65500.0,5000,Sell,231766626
2024-08-15 10:27:27,65500.0,100,Sell,231766674
2024-08-15 10:27:28,65500.0,5000,Sell,231766683
2024-08-15 10:27:34,65600.0,1300,Buy,231766803
2024-08-15 10:27:35,65500.0,5000,Sell,231766815
2024-08-15 10:27:38,65500.0,5000,Sell,231766883
2024-08-15 10:27:54,65500.0,3000,Sell,231767172
2024-08-15 10:28:01,65500.0,200,Sell,231767375
2024-08-15 10:28:06,65500.0,200,Sell,231767456
2024-08-15 10:28:07,65500.0,1400,Sell,231767461
2024-08-15 10:28:10,65500.0,500,Sell,231767502
2024-08-15 10:28:18,65500.0,2000,Sell,231767649
2024-08-15 10:28:21,65500.0,200,Buy,231767750
2024-08-15 10:28:31,65400.0,5800,Sell,231767905
2024-08-15 10:28:34,65500.0,300,Buy,231767983
2024-08-15 10:28:37,65400.0,100,Sell,231768048
2024-08-15 10:28:41,65500.0,5500,Buy,231768105
2024-08-15 10:28:46,65500.0,100,Sell,231768244
2024-08-15 10:28:55,65400.0,6200,Buy,231768409
2024-08-15 10:28:56,65400.0,100,Buy,231768476
2024-08-15 10:29:00,65400.0,100,Buy,231768568
2024-08-15 10:29:14,65400.0,1000,Buy,231768938
2024-08-15 10:29:19,65400.0,200,Buy,231769041
2024-08-15 10:29:28,65400.0,1200,Buy,231769191
2024-08-15 10:29:30,65400.0,500,Buy,231769227
2024-08-15 10:29:38,65400.0,100,Buy,231769422
2024-08-15 10:29:40,65400.0,200,Buy,231769452
2024-08-15 10:29:47,65400.0,1000,Buy,231769602
2024-08-15 10:30:17,65500.0,2900,Sell,231770110
2024-08-15 10:30:35,65600.0,1000,Buy,231770461
2024-08-15 10:30:41,65600.0,1400,Sell,231770579
2024-08-15 10:30:52,65600.0,300,Sell,231770758
2024-08-15 10:30:55,65600.0,1000,Sell,231770822
2024-08-15 10:31:04,65700.0,200,Buy,231771014
2024-08-15 10:31:12,65700.0,1000,Buy,231771124
2024-08-15 10:31:18,65700.0,2800,Sell,231771212
2024-08-15 10:31:46,65700.0,1000,Buy,231771707
2024-08-15 10:32:04,65700.0,100,Buy,231771965
2024-08-15 10:32:05,65700.0,100,Buy,231771973
2024-08-15 10:32:11,65700.0,100,Buy,231772076
2024-08-15 10:32:55,65700.0,100,Buy,231772991
2024-08-15 10:32:56,65700.0,100,Buy,231773006
2024-08-15 10:32:59,65700.0,100,Buy,231773056
2024-08-15 10:33:13,65700.0,200,Sell,231773266
2024-08-15 10:33:16,65700.0,100,Buy,231773305
2024-08-15 10:34:24,65700.0,900,Sell,231774307
2024-08-15 10:34:49,65600.0,2000,Sell,231774666
2024-08-15 10:34:54,65600.0,2000,Sell,231774744
2024-08-15 10:35:12,65600.0,1000,Sell,231775057
2024-08-15 10:35:24,65600.0,800,Sell,231775287
2024-08-15 10:35:35,65600.0,300,Sell,231775489
2024-08-15 10:35:49,65700.0,200,Buy,231775700
2024-08-15 10:35:51,65700.0,100,Buy,231775723
2024-08-15 10:36:21,65700.0,100,Buy,231776249
2024-08-15 10:36:37,65700.0,500,Buy,231776467
2024-08-15 10:37:03,65700.0,100,Buy,231776816
2024-08-15 10:37:09,65700.0,100,Buy,231776892
2024-08-15 10:38:01,65700.0,200,Buy,231777606
2024-08-15 10:38:47,65700.0,100,Buy,231778284
2024-08-15 10:38:54,65600.0,100,Sell,231778384
2024-08-15 10:39:08,65600.0,300,Sell,231778561
2024-08-15 10:39:13,65600.0,1000,Sell,231778621
2024-08-15 10:39:14,65600.0,300,Sell,231778630
2024-08-15 10:39:39,65600.0,300,Sell,231778898
2024-08-15 10:39:45,65600.0,2400,Sell,231778959
2024-08-15 10:40:16,65600.0,100,Buy,231779338
2024-08-15 10:40:30,65600.0,200,Buy,231779481
2024-08-15 10:40:36,65600.0,2000,Buy,231779550
2024-08-15 10:41:00,65600.0,100,Buy,231779938
2024-08-15 10:41:33,65700.0,2000,Buy,231780374
2024-08-15 10:42:48,65600.0,1000,Sell,231781295
2024-08-15 10:43:25,65600.0,300,Sell,231781785
2024-08-15 10:43:32,65600.0,500,Sell,231781863
2024-08-15 10:43:52,65600.0,300,Sell,231782108
2024-08-15 10:43:54,65600.0,700,Sell,231782130
2024-08-15 10:45:23,65600.0,400,Buy,231783276
2024-08-15 10:46:03,65600.0,2000,Buy,231783779
2024-08-15 10:46:50,65600.0,500,Buy,231784480
2024-08-15 10:47:29,65600.0,100,Buy,231784835
2024-08-15 10:47:55,65500.0,1000,Sell,231785171
2024-08-15 10:48:03,65600.0,1000,Buy,231785270
2024-08-15 10:48:32,65600.0,100,Buy,231785551
2024-08-15 10:48:39,65500.0,1000,Sell,231785681
2024-08-15 10:49:47,65500.0,300,Sell,231786367
2024-08-15 10:49:54,65500.0,400,Sell,231786425
2024-08-15 10:50:13,65500.0,300,Sell,231786587
2024-08-15 10:50:28,65500.0,100,Sell,231786819
2024-08-15 10:50:37,65500.0,2000,Sell,231786978
2024-08-15 10:50:49,65600.0,200,Buy,231787085
2024-08-15 10:50:51,65500.0,2000,Sell,231787103
2024-08-15 10:50:55,65500.0,300,Sell,231787156
2024-08-15 10:50:57,65500.0,2100,Sell,231787192
2024-08-15 10:52:19,65400.0,10000,Sell,231788283
2024-08-15 10:52:22,65400.0,1000,Sell,231788338
2024-08-15 10:52:24,65400.0,300,Sell,231788373
2024-08-15 10:52:41,65400.0,100,Sell,231788573
2024-08-15 10:53:01,65400.0,400,Buy,231788885
2024-08-15 10:53:11,65400.0,200,Buy,231789014
2024-08-15 10:53:18,65400.0,300,Buy,231789145
2024-08-15 10:53:28,65400.0,100,Buy,231789321
2024-08-15 10:53:52,65400.0,300,Buy,231789576
2024-08-15 10:54:03,65300.0,5000,Sell,231789741
2024-08-15 10:54:06,65300.0,400,Sell,231789766
2024-08-15 10:54:13,65300.0,300,Sell,231789879
2024-08-15 10:54:14,65300.0,5000,Sell,231789891
2024-08-15 10:54:20,65300.0,6500,Sell,231789952
2024-08-15 10:54:25,65300.0,500,Sell,231790009
2024-08-15 10:54:27,65300.0,1100,Sell,231790032
2024-08-15 10:54:33,65300.0,1000,Buy,231790112
2024-08-15 10:54:34,65300.0,1000,Buy,231790129
2024-08-15 10:54:44,65200.0,500,Sell,231790246
2024-08-15 10:54:44,65200.0,1500,Sell,231790253
2024-08-15 10:54:46,65300.0,200,Buy,231790265
2024-08-15 10:54:51,65300.0,200,Buy,231790379
2024-08-15 10:54:57,65300.0,200,Buy,231790479
2024-08-15 10:55:12,65300.0,100,Buy,231790625
2024-08-15 10:55:31,65300.0,100,Buy,231790878
2024-08-15 10:55:46,65300.0,1200,Buy,231791211
2024-08-15 10:56:34,65400.0,300,Buy,231791803
2024-08-15 10:56:58,65300.0,100,Sell,231792152
2024-08-15 10:57:03,65400.0,200,Buy,231792226
2024-08-15 10:57:32,65300.0,100,Sell,231792742
2024-08-15 10:57:52,65400.0,300,Buy,231793009
2024-08-15 10:58:01,65300.0,400,Sell,231793164
2024-08-15 10:58:05,65300.0,300,Sell,231793236
2024-08-15 10:58:09,65400.0,200,Buy,231793295
2024-08-15 10:58:11,65400.0,100,Buy,231793320
2024-08-15 10:58:22,65400.0,100,Buy,231793499
2024-08-15 10:59:01,65400.0,200,Buy,231794089
2024-08-15 10:59:22,65400.0,100,Buy,231794442
2024-08-15 10:59:44,65300.0,300,Sell,231794801
2024-08-15 10:59:57,65300.0,1200,Sell,231795023
2024-08-15 11:00:27,65300.0,300,Sell,231795478
2024-08-15 11:01:18,65300.0,300,Sell,231796057
2024-08-15 11:01:38,65300.0,300,Sell,231796396
2024-08-15 11:01:44,65200.0,3200,Sell,231796457
2024-08-15 11:01:53,65100.0,5000,Sell,231796603
2024-08-15 11:02:07,65100.0,2000,Sell,231796786
2024-08-15 11:02:09,65100.0,2000,Sell,231796811
2024-08-15 11:02:15,65100.0,1600,Sell,231796950
2024-08-15 11:02:20,65100.0,400,Buy,231797011
2024-08-15 11:02:26,65000.0,3500,Sell,231797129
2024-08-15 11:02:27,65000.0,1400,Sell,231797159
2024-08-15 11:02:48,65100.0,100,Buy,231797537
2024-08-15 11:02:49,65000.0,400,Sell,231797576
2024-08-15 11:02:59,65100.0,100,Buy,231797670
2024-08-15 11:03:00,65000.0,2000,Sell,231797674
2024-08-15 11:03:12,65100.0,200,Buy,231797850
2024-08-15 11:03:24,65100.0,500,Buy,231798030
2024-08-15 11:03:37,65100.0,300,Buy,231798435
2024-08-15 11:04:00,65100.0,400,Sell,231798962
2024-08-15 11:04:59,65200.0,2000,Sell,231799793
2024-08-15 11:05:04,65200.0,900,Sell,231799867
2024-08-15 11:05:12,65200.0,300,Buy,231800052
2024-08-15 11:05:20,65200.0,1000,Buy,231800188
2024-08-15 11:05:27,65200.0,200,Sell,231800463
2024-08-15 11:05:35,65200.0,100,Buy,231800578
2024-08-15 11:05:36,65200.0,1100,Buy,231800591
2024-08-15 11:05:42,65200.0,200,Buy,231800667
2024-08-15 11:05:45,65200.0,700,Buy,231800785
2024-08-15 11:06:22,65200.0,400,Sell,231801281
2024-08-15 11:06:24,65200.0,5000,Sell,231801338
2024-08-15 11:07:02,65200.0,400,Sell,231801824
2024-08-15 11:08:06,65200.0,200,Buy,231802750
2024-08-15 11:08:10,65200.0,100,Buy,231802792
2024-08-15 11:08:37,65200.0,100,Buy,231803285
2024-08-15 11:08:42,65200.0,100,Buy,231803327
2024-08-15 11:08:53,65200.0,300,Buy,231803533
2024-08-15 11:09:14,65200.0,300,Buy,231803753
2024-08-15 11:10:13,65100.0,4300,Sell,231804565
2024-08-15 11:11:01,65100.0,400,Sell,231805345
2024-08-15 11:11:04,65100.0,500,Sell,231805388
2024-08-15 11:11:05,65100.0,2700,Sell,231805400
2024-08-15 11:11:10,65100.0,500,Buy,231805457
2024-08-15 11:11:20,65100.0,100,Buy,231805556
2024-08-15 11:11:21,65100.0,200,Buy,231805563
2024-08-15 11:11:48,65000.0,5000,Sell,231805850
2024-08-15 11:11:56,65000.0,1000,Sell,231805925
2024-08-15 11:12:15,65000.0,100,Sell,231806186
2024-08-15 11:12:16,65000.0,300,Sell,231806212
2024-08-15 11:13:05,65100.0,200,Buy,231806998
2024-08-15 11:13:12,65100.0,100,Buy,231807072
2024-08-15 11:13:17,65100.0,1500,Buy,231807158
2024-08-15 11:13:35,65100.0,100,Buy,231807486
2024-08-15 11:13:39,65100.0,500,Buy,231807542
2024-08-15 11:13:42,65100.0,1000,Buy,231807569
2024-08-15 11:14:23,65100.0,100,Sell,231808237
2024-08-15 11:14:38,65100.0,300,Sell,231808444
2024-08-15 11:14:49,65100.0,1000,Sell,231808570
2024-08-15 11:15:28,65100.0,1000,Sell,231809152
2024-08-15 11:15:49,65100.0,400,Sell,231809349
2024-08-15 11:15:55,65200.0,4000,Buy,231809468
2024-08-15 11:16:21,65100.0,3000,Sell,231809854
2024-08-15 11:16:31,65100.0,1400,Sell,231809997
2024-08-15 11:17:00,65100.0,400,Sell,231810617
2024-08-15 11:17:04,65100.0,100,Sell,231810682
2024-08-15 11:17:15,65100.0,1400,Sell,231810900
2024-08-15 11:17:59,65000.0,7000,Sell,231812278
2024-08-15 11:18:06,65000.0,4500,Sell,231812475
2024-08-15 11:18:11,65000.0,300,Sell,231812546
2024-08-15 11:18:21,65000.0,500,Sell,231812683
2024-08-15 11:18:39,65000.0,3500,Sell,231812941
2024-08-15 11:18:44,65000.0,200,Buy,231813029
2024-08-15 11:18:52,64900.0,1000,Sell,231813150
2024-08-15 11:19:08,65000.0,200,Buy,231813561
2024-08-15 11:19:17,65000.0,500,Buy,231813741
2024-08-15 11:19:30,64900.0,8000,Sell,231813957
2024-08-15 11:19:33,64900.0,600,Sell,231814017
2024-08-15 11:19:35,64900.0,100,Buy,231814044
2024-08-15 11:19:39,64900.0,100,Buy,231814170
2024-08-15 11:19:47,64900.0,200,Buy,231814306
2024-08-15 11:19:50,64900.0,100,Buy,231814359
2024-08-15 11:19:54,64900.0,2800,Buy,231814410
2024-08-15 11:19:55,64900.0,500,Sell,231814418
2024-08-15 11:20:47,64900.0,500,Sell,231815533
2024-08-15 11:21:20,64900.0,600,Sell,231816074
2024-08-15 11:21:35,64900.0,1900,Sell,231816577
2024-08-15 11:22:06,64900.0,3000,Sell,231817105
2024-08-15 11:22:11,64900.0,100,Sell,231817209
2024-08-15 11:22:19,64900.0,2400,Sell,231817388
2024-08-15 11:22:25,64900.0,100,Buy,231817514
2024-08-15 11:22:32,64900.0,1000,Buy,231817632
2024-08-15 11:22:45,64900.0,300,Buy,231817938
2024-08-15 11:23:03,64900.0,500,Buy,231818353
2024-08-15 11:23:07,64900.0,2000,Buy,231818393
2024-08-15 11:23:20,64900.0,500,Buy,231818720
2024-08-15 11:23:25,64900.0,400,Buy,231818794
2024-08-15 11:23:54,64900.0,400,Sell,231819313
2024-08-15 11:24:05,64900.0,500,Sell,231819457
2024-08-15 11:24:08,64900.0,500,Sell,231819513
2024-08-15 11:24:17,64900.0,200,Sell,231819671
2024-08-15 11:24:23,64900.0,300,Sell,231819791
2024-08-15 11:24:29,64900.0,100,Sell,231819917
2024-08-15 11:24:31,64900.0,600,Sell,231819987
2024-08-15 11:24:50,64900.0,500,Sell,231820697
2024-08-15 11:25:07,64900.0,200,Sell,231820955
2024-08-15 11:25:08,64900.0,1000,Sell,231820987
2024-08-15 11:25:12,64900.0,100,Sell,231821040
2024-08-15 11:25:36,64900.0,200,Sell,231821609
2024-08-15 11:25:56,64900.0,1000,Sell,231821978
2024-08-15 11:26:04,64900.0,1500,Sell,231822109
2024-08-15 11:26:08,64900.0,800,Sell,231822196
2024-08-15 11:26:18,64900.0,200,Sell,231822373
2024-08-15 11:26:21,64900.0,2100,Sell,231822419
2024-08-15 11:26:38,64900.0,1700,Sell,231822670
2024-08-15 11:26:46,64900.0,300,Buy,231822788
2024-08-15 11:27:04,64900.0,1000,Sell,231823067
2024-08-15 11:27:11,64900.0,500,Sell,231823200
2024-08-15 11:27:21,64900.0,100,Buy,231823423
2024-08-15 11:27:26,64900.0,2000,Buy,231823545
2024-08-15 11:27:32,64900.0,700,Buy,231823765
2024-08-15 11:27:39,64900.0,300,Sell,231823880
2024-08-15 11:27:43,64900.0,500,Sell,231823942
2024-08-15 11:27:56,64900.0,100,Buy,231824265
2024-08-15 11:28:08,64900.0,100,Buy,231824398
2024-08-15 11:28:10,64900.0,300,Buy,231824434
2024-08-15 11:28:41,64900.0,300,Buy,231824928
2024-08-15 11:29:06,64900.0,100,Buy,231825420
2024-08-15 11:29:27,64900.0,100,Buy,231825793
2024-08-15 11:29:32,64800.0,5100,Sell,231825937
2024-08-15 11:29:53,64900.0,200,Buy,231826368
2024-08-15 13:00:05,64600.0,16500,Sell,231828587
2024-08-15 13:00:09,64600.0,1800,Buy,231829469
2024-08-15 13:00:11,64500.0,1400,Sell,231829945
2024-08-15 13:00:14,64600.0,100,Buy,231830336
2024-08-15 13:00:15,64600.0,300,Buy,231830395
2024-08-15 13:00:15,64500.0,1000,Sell,231830459
2024-08-15 13:00:17,64600.0,100,Buy,231830636
2024-08-15 13:00:24,64500.0,200,Sell,231831020
2024-08-15 13:00:26,64500.0,2000,Sell,231831052
2024-08-15 13:00:31,64500.0,1000,Sell,231831328
2024-08-15 13:00:34,64500.0,900,Sell,231831424
2024-08-15 13:00:35,64500.0,4200,Sell,231831505
2024-08-15 13:00:36,64500.0,300,Sell,231831549
2024-08-15 13:00:37,64500.0,5300,Buy,231831576
2024-08-15 13:00:38,64500.0,300,Buy,231831635
2024-08-15 13:00:55,64300.0,1000,Sell,231832170
2024-08-15 13:01:04,64400.0,100,Sell,231832481
2024-08-15 13:01:17,64400.0,500,Sell,231832844
2024-08-15 13:01:18,64400.0,500,Buy,231832875
2024-08-15 13:01:21,64200.0,6600,Sell,231833008
2024-08-15 13:01:24,64300.0,600,Sell,231833076
2024-08-15 13:01:27,64500.0,2000,Buy,231833156
2024-08-15 13:01:28,64500.0,500,Buy,231833183
2024-08-15 13:01:29,64400.0,800,Sell,231833214
2024-08-15 13:01:30,64400.0,1000,Sell,231833289
2024-08-15 13:01:37,64300.0,100,Sell,231833508
2024-08-15 13:01:40,64400.0,500,Sell,231833573
2024-08-15 13:01:50,64400.0,1300,Buy,231833816
2024-08-15 13:01:57,64400.0,700,Sell,231833987
2024-08-15 13:01:58,64400.0,400,Sell,231834002
2024-08-15 13:01:59,64400.0,1500,Sell,231834031
2024-08-15 13:02:08,64400.0,1100,Sell,231834412
2024-08-15 13:02:09,64400.0,100,ATO/ATC,231834467
2024-08-15 13:02:11,64300.0,2700,Sell,231834518
2024-08-15 13:02:12,64500.0,800,Buy,231834548
2024-08-15 13:02:14,64400.0,100,ATO/ATC,231834576
2024-08-15 13:02:17,64400.0,100,Buy,231834641
2024-08-15 13:02:26,64400.0,100,Buy,231834865
2024-08-15 13:02:30,64400.0,100,Buy,231834954
2024-08-15 13:02:34,64400.0,300,Buy,231835113
2024-08-15 13:02:43,64400.0,100,Buy,231835404
2024-08-15 13:02:58,64400.0,500,Buy,231835807
2024-08-15 13:03:06,64400.0,700,Buy,231836017
2024-08-15 13:03:08,64400.0,200,Buy,231836082
2024-08-15 13:03:10,64400.0,100,Buy,231836146
2024-08-15 13:03:12,64300.0,500,Sell,231836221
2024-08-15 13:03:16,64300.0,1000,Sell,231836344
2024-08-15 13:03:19,64400.0,100,Buy,231836422
2024-08-15 13:03:20,64400.0,31500,Buy,231836462
2024-08-15 13:03:39,64400.0,1800,Sell,231836905
2024-08-15 13:03:41,64500.0,500,Buy,231836954
2024-08-15 13:03:44,64500.0,200,Buy,231837063
2024-08-15 13:03:46,64400.0,4900,Sell,231837098
2024-08-15 13:04:10,64300.0,200,Sell,231837786
2024-08-15 13:04:11,64300.0,400,Sell,231837813
2024-08-15 13:04:12,64400.0,2000,Buy,231837859
2024-08-15 13:04:17,64200.0,700,Sell,231837977
2024-08-15 13:04:19,64200.0,200,Sell,231838043
2024-08-15 13:04:22,64200.0,1000,Sell,231838138
2024-08-15 13:04:25,64200.0,600,Buy,231838218
2024-08-15 13:04:26,64100.0,2000,Sell,231838238
2024-08-15 13:04:30,64200.0,2000,Buy,231838291
2024-08-15 13:04:35,64100.0,1000,Sell,231838412
2024-08-15 13:04:37,64100.0,400,Sell,231838452
2024-08-15 13:04:43,64100.0,500,Sell,231838649
2024-08-15 13:04:46,64100.0,100,Sell,231838752
2024-08-15 13:04:47,64200.0,200,Buy,231838786
2024-08-15 13:04:56,64200.0,100,Buy,231838992
2024-08-15 13:04:58,64200.0,500,Buy,231839056
2024-08-15 13:05:01,64200.0,100,Buy,231839123
2024-08-15 13:05:05,64200.0,100,Buy,231839215
2024-08-15 13:05:09,64200.0,2000,Buy,231839345
2024-08-15 13:05:17,64100.0,2000,Sell,231839567
2024-08-15 13:05:18,64200.0,1600,Buy,231839603
2024-08-15 13:05:25,64100.0,200,Sell,231839902
2024-08-15 13:05:26,64000.0,17000,Sell,231839927
2024-08-15 13:05:27,63900.0,1900,Sell,231839947
2024-08-15 13:05:28,64000.0,700,Buy,231840023
2024-08-15 13:05:29,63900.0,500,Sell,231840052
2024-08-15 13:05:30,64200.0,300,Buy,231840076
2024-08-15 13:05:54,64100.0,400,Sell,231840968
2024-08-15 13:06:12,64100.0,1000,Sell,231841731
2024-08-15 13:06:15,64100.0,900,Sell,231841883
2024-08-15 13:06:21,64100.0,100,Buy,231842120
2024-08-15 13:06:22,64000.0,3000,Sell,231842183
2024-08-15 13:06:25,64100.0,1000,Buy,231842327
2024-08-15 13:06:29,64000.0,700,Sell,231842435
2024-08-15 13:06:33,64000.0,700,Sell,231842564
2024-08-15 13:06:35,64000.0,5000,Sell,231842610
2024-08-15 13:06:36,64000.0,600,Sell,231842657
2024-08-15 13:06:39,64000.0,2000,Sell,231842768
2024-08-15 13:06:40,64000.0,400,Buy,231842792
2024-08-15 13:06:45,64000.0,1100,Buy,231842944
2024-08-15 13:06:52,64000.0,200,Sell,231843133
2024-08-15 13:06:53,64000.0,500,Sell,231843152
2024-08-15 13:06:54,64000.0,400,Sell,231843181
2024-08-15 13:06:55,64000.0,500,Sell,231843216
2024-08-15 13:06:56,64100.0,2000,Buy,231843240
2024-08-15 13:06:58,64000.0,300,Buy,231843283
2024-08-15 13:07:00,64000.0,100,Buy,231843328
2024-08-15 13:07:02,64000.0,300,Buy,231843376
2024-08-15 13:07:27,64000.0,4500,Buy,231843929
2024-08-15 13:07:28,64000.0,300,Buy,231843983
2024-08-15 13:07:30,64000.0,300,Buy,231844029
2024-08-15 13:07:31,64000.0,200,ATO/ATC,231844044
2024-08-15 13:07:35,64000.0,100,Buy,231844135
2024-08-15 13:07:39,64000.0,1000,Buy,231844223
2024-08-15 13:07:41,64000.0,200,Buy,231844273
2024-08-15 13:07:42,64000.0,1000,Buy,231844286
2024-08-15 13:07:43,63900.0,200,Sell,231844378
2024-08-15 13:07:46,63900.0,1000,Sell,231844440
2024-08-15 13:07:49,64000.0,1000,Buy,231844517
2024-08-15 13:08:04,64000.0,100,Buy,231844919
2024-08-15 13:08:12,64000.0,500,Buy,231845057
2024-08-15 13:08:13,64000.0,2500,Buy,231845077
2024-08-15 13:08:18,63900.0,3000,Sell,231845191
2024-08-15 13:08:19,63900.0,2000,Sell,231845217
2024-08-15 13:08:20,63900.0,700,Sell,231845251
2024-08-15 13:08:22,63900.0,400,Sell,231845327
2024-08-15 13:08:30,63900.0,2000,Buy,231845621
2024-08-15 13:08:37,63800.0,2000,Sell,231845823
2024-08-15 13:08:39,63800.0,200,Sell,231845876
2024-08-15 13:08:42,63800.0,500,Sell,231846030
2024-08-15 13:08:44,63800.0,5500,Buy,231846091
2024-08-15 13:08:46,63700.0,1000,Sell,231846147
2024-08-15 13:08:50,63700.0,2000,Sell,231846251
2024-08-15 13:08:54,63800.0,100,Buy,231846337
2024-08-15 13:08:57,63700.0,200,Sell,231846429
2024-08-15 13:09:01,63700.0,12000,Sell,231846550
2024-08-15 13:09:02,63700.0,800,Buy,231846668
2024-08-15 13:09:03,63700.0,300,Buy,231846679
2024-08-15 13:09:07,63600.0,1000,Sell,231846764
2024-08-15 13:09:08,63700.0,100,Buy,231846777
2024-08-15 13:09:13,63600.0,1000,Sell,231846951
2024-08-15 13:09:15,63600.0,8300,Buy,231846991
2024-08-15 13:09:19,63600.0,200,Buy,231847081
2024-08-15 13:09:21,63600.0,200,Buy,231847136
2024-08-15 13:09:22,63600.0,1000,Buy,231847157
2024-08-15 13:09:24,63600.0,200,Buy,231847215
2024-08-15 13:09:25,63600.0,500,Buy,231847233
2024-08-15 13:09:26,63600.0,600,Buy,231847247
2024-08-15 13:09:27,63500.0,5000,Sell,231847269
2024-08-15 13:09:29,63500.0,1400,Sell,231847356
2024-08-15 13:09:31,63600.0,100,Buy,231847388
2024-08-15 13:09:35,63500.0,11300,Sell,231847529
2024-08-15 13:09:37,63500.0,1500,Sell,231847577
2024-08-15 13:09:38,63600.0,1000,Buy,231847606
2024-08-15 13:09:42,63600.0,1000,Sell,231847678
2024-08-15 13:09:43,63600.0,400,Sell,231847766
2024-08-15 13:09:47,63500.0,4300,Sell,231847840
2024-08-15 13:09:48,63600.0,2100,Buy,231847858
2024-08-15 13:09:49,63600.0,500,Buy,231847889
2024-08-15 13:09:50,63600.0,100,Buy,231847909
2024-08-15 13:09:53,63600.0,200,Sell,231847987
2024-08-15 13:10:02,63600.0,4000,Buy,231848247
2024-08-15 13:10:03,63600.0,300,Buy,231848274
2024-08-15 13:10:05,63600.0,100,Buy,231848330
2024-08-15 13:10:06,63600.0,500,Buy,231848433
2024-08-15 13:10:07,63600.0,300,Sell,231848453
2024-08-15 13:10:11,63600.0,200,Sell,231848526
2024-08-15 13:10:17,63600.0,1000,Sell,231848647
2024-08-15 13:10:19,63700.0,500,Buy,231848727
2024-08-15 13:10:20,63700.0,5000,Buy,231848775
2024-08-15 13:10:21,63600.0,500,Sell,231848827
2024-08-15 13:10:22,63700.0,200,Sell,231848845
2024-08-15 13:10:32,63800.0,300,Buy,231849085
2024-08-15 13:10:33,63800.0,200,Buy,231849115
2024-08-15 13:10:49,63900.0,100,Sell,231849540
2024-08-15 13:10:57,64000.0,5700,Sell,231849703
2024-08-15 13:10:58,64000.0,400,Sell,231849742
2024-08-15 13:11:05,64100.0,500,Sell,231849909
2024-08-15 13:11:10,64200.0,100,Buy,231850135
2024-08-15 13:11:12,64200.0,100,Buy,231850264
2024-08-15 13:11:19,64300.0,100,Buy,231850421
2024-08-15 13:11:22,64300.0,100,Buy,231850477
2024-08-15 13:11:25,64300.0,100,Buy,231850587
2024-08-15 13:11:32,64300.0,100,Sell,231850817
2024-08-15 13:11:39,64400.0,400,Buy,231851025
2024-08-15 13:11:43,64400.0,100,Buy,231851163
2024-08-15 13:11:47,64400.0,300,Buy,231851326
2024-08-15 13:11:49,64400.0,500,Buy,231851401
2024-08-15 13:11:51,64400.0,2100,Buy,231851454
2024-08-15 13:11:54,64400.0,2300,Buy,231851512
2024-08-15 13:11:55,64400.0,100,Buy,231851550
2024-08-15 13:11:56,64400.0,1500,Buy,231851573
2024-08-15 13:12:01,64400.0,200,Buy,231851755
2024-08-15 13:12:02,64400.0,800,Buy,231851795
2024-08-15 13:12:04,64400.0,300,Buy,231851843
2024-08-15 13:12:05,64300.0,800,Buy,231851866
2024-08-15 13:12:07,64400.0,500,Buy,231851962
2024-08-15 13:12:18,64300.0,100,Buy,231852184
2024-08-15 13:12:19,64300.0,300,Buy,231852197
2024-08-15 13:12:22,64300.0,100,Buy,231852258
2024-08-15 13:12:23,64300.0,200,Buy,231852279
2024-08-15 13:12:25,64300.0,100,Buy,231852523
2024-08-15 13:12:28,64300.0,100,Buy,231852573
2024-08-15 13:12:29,64300.0,100,Sell,231852594
2024-08-15 13:12:39,64300.0,300,Sell,231852890
2024-08-15 13:12:45,64400.0,300,Buy,231853019
2024-08-15 13:13:03,64300.0,200,Sell,231853659
2024-08-15 13:13:08,64300.0,100,Sell,231853762
2024-08-15 13:13:09,64400.0,1500,Buy,231853787
2024-08-15 13:13:10,64400.0,200,Buy,231853803
2024-08-15 13:13:15,64400.0,100,Buy,231853922
2024-08-15 13:13:22,64400.0,1500,Buy,231854077
2024-08-15 13:13:30,64500.0,2700,Buy,231854281
2024-08-15 13:13:49,64500.0,100,Sell,231854709
2024-08-15 13:14:02,64600.0,200,Buy,231854992
2024-08-15 13:14:07,64600.0,500,Buy,231855140
2024-08-15 13:14:17,64500.0,1200,Sell,231855386
2024-08-15 13:14:18,64600.0,200,Buy,231855395
2024-08-15 13:14:21,64600.0,200,Buy,231855458
2024-08-15 13:14:26,64500.0,4000,Sell,231855548
2024-08-15 13:14:27,64600.0,100,Buy,231855582
2024-08-15 13:14:30,64500.0,200,Sell,231855640
2024-08-15 13:14:31,64600.0,700,Buy,231855674
2024-08-15 13:14:33,64600.0,1000,Buy,231855734
2024-08-15 13:14:44,64500.0,2900,Buy,231855996
2024-08-15 13:14:52,64400.0,500,Sell,231856176
2024-08-15 13:15:00,64500.0,1200,Buy,231856362
2024-08-15 13:15:09,64500.0,100,Buy,231856520
2024-08-15 13:15:26,64400.0,900,Buy,231857001
2024-08-15 13:15:30,64400.0,100,Buy,231857096
2024-08-15 13:15:43,64400.0,1500,Sell,231857454
2024-08-15 13:15:58,64400.0,200,Sell,231857992
2024-08-15 13:16:08,64400.0,300,Buy,231858232
2024-08-15 13:16:13,64400.0,100,Sell,231858392
2024-08-15 13:16:39,64500.0,3500,Sell,231859177
2024-08-15 13:17:00,64600.0,1000,Buy,231859793
2024-08-15 13:17:05,64600.0,1500,Buy,231859909
2024-08-15 13:17:08,64600.0,100,Buy,231859982
2024-08-15 13:17:14,64600.0,100,Sell,231860154
2024-08-15 13:17:15,64600.0,500,Sell,231860170
2024-08-15 13:17:37,64600.0,2000,Sell,231860676
2024-08-15 13:17:38,64700.0,200,Buy,231860685
2024-08-15 13:17:42,64700.0,500,Buy,231860783
2024-08-15 13:17:45,64700.0,100,Buy,231860845
2024-08-15 13:17:49,64700.0,200,Buy,231860927
2024-08-15 13:17:51,64700.0,500,Buy,231860982
2024-08-15 13:17:55,64700.0,100,Buy,231861057
2024-08-15 13:17:58,64700.0,100,Buy,231861107
2024-08-15 13:17:59,64700.0,700,Sell,231861123
2024-08-15 13:18:11,64800.0,500,Buy,231861343
2024-08-15 13:18:19,64800.0,100,Buy,231861520
2024-08-15 13:18:22,64800.0,500,Buy,231861590
2024-08-15 13:18:29,64800.0,300,Buy,231861816
2024-08-15 13:18:37,64700.0,1000,Sell,231861953
2024-08-15 13:18:39,64700.0,200,Sell,231862010
2024-08-15 13:18:42,64800.0,100,Buy,231862091
2024-08-15 13:18:43,64800.0,2800,Buy,231862112
2024-08-15 13:18:48,64600.0,1300,Sell,231862209
2024-08-15 13:18:58,64600.0,600,Sell,231862406
2024-08-15 13:19:02,64600.0,400,Sell,231862493
2024-08-15 13:19:12,64600.0,2000,Sell,231862726
2024-08-15 13:19:23,64600.0,200,Sell,231862957
2024-08-15 13:19:25,64600.0,500,Sell,231862994
2024-08-15 13:19:29,64600.0,100,Sell,231863062
2024-08-15 13:19:52,64600.0,500,Sell,231863575
2024-08-15 13:20:07,64600.0,100,Sell,231863900
2024-08-15 13:20:09,64600.0,600,Sell,231863925
2024-08-15 13:20:12,64600.0,100,Sell,231864004
2024-08-15 13:20:13,64600.0,500,Sell,231864027
2024-08-15 13:20:56,64600.0,500,Sell,231864898
2024-08-15 13:20:58,64600.0,400,Sell,231864942
2024-08-15 13:20:59,64600.0,100,Buy,231864976
2024-08-15 13:21:02,64600.0,100,Buy,231865027
2024-08-15 13:21:06,64600.0,100,Buy,231865132
2024-08-15 13:21:18,64500.0,11700,Buy,231865358
2024-08-15 13:21:38,64400.0,1000,Sell,231865752
2024-08-15 13:21:59,64400.0,1000,Sell,231866124
2024-08-15 13:22:22,64300.0,200,Sell,231866593
2024-08-15 13:22:24,64400.0,100,Buy,231866637
2024-08-15 13:22:27,64400.0,100,Buy,231866717
2024-08-15 13:22:32,64400.0,100,Buy,231866828
2024-08-15 13:22:36,64300.0,400,Sell,231866932
2024-08-15 13:22:42,64400.0,900,ATO/ATC,231867091
2024-08-15 13:22:52,64300.0,500,Sell,231867320
2024-08-15 13:22:56,64200.0,3000,Sell,231867383
2024-08-15 13:23:09,64300.0,3200,Sell,231867616
2024-08-15 13:23:14,64300.0,500,Buy,231867729
2024-08-15 13:23:29,64300.0,600,Buy,231867991
2024-08-15 13:23:30,64000.0,18700,Buy,231868009
2024-08-15 13:23:46,64000.0,300,Buy,231868482
2024-08-15 13:23:47,64000.0,100,Buy,231868500
2024-08-15 13:23:51,64000.0,900,Sell,231868598
2024-08-15 13:23:53,64000.0,1000,Sell,231868628
2024-08-15 13:24:08,64000.0,3000,Sell,231869034
2024-08-15 13:24:37,64000.0,1100,Sell,231869704
2024-08-15 13:24:39,64100.0,200,Buy,231869743
2024-08-15 13:24:42,64100.0,500,Buy,231869787
2024-08-15 13:24:44,64100.0,300,Buy,231869842
2024-08-15 13:25:02,64100.0,1100,Sell,231870252
2024-08-15 13:25:05,64200.0,2000,Buy,231870301
2024-08-15 13:25:11,64100.0,100,ATO/ATC,231870415
2024-08-15 13:25:20,64100.0,300,Buy,231870597
2024-08-15 13:25:26,64000.0,8000,Sell,231870736
2024-08-15 13:25:27,64200.0,100,Buy,231870765
2024-08-15 13:25:36,64200.0,200,Buy,231870921
2024-08-15 13:25:45,64200.0,500,ATO/ATC,231871128
2024-08-15 13:26:01,64200.0,500,ATO/ATC,231871564
2024-08-15 13:26:24,64200.0,200,Sell,231871992
2024-08-15 13:26:37,64200.0,3000,Sell,231872219
2024-08-15 13:26:48,64200.0,200,Sell,231872443
2024-08-15 13:26:51,64200.0,600,Sell,231872504
2024-08-15 13:27:13,64200.0,5000,ATO/ATC,231873001
2024-08-15 13:27:31,64200.0,100,ATO/ATC,231873357
2024-08-15 13:27:35,64200.0,100,Sell,231873432
2024-08-15 13:27:37,64200.0,100,Buy,231873471
2024-08-15 13:27:40,64200.0,400,Buy,231873519
2024-08-15 13:27:51,64000.0,5000,Sell,231873729
2024-08-15 13:27:55,63900.0,500,Sell,231873854
2024-08-15 13:28:06,64000.0,400,Sell,231874156
2024-08-15 13:28:21,64000.0,100,Sell,231874471
2024-08-15 13:28:36,64000.0,5000,Sell,231874878
2024-08-15 13:28:48,64000.0,100,Sell,231875077
2024-08-15 13:29:05,64000.0,1500,Sell,231875434
2024-08-15 13:29:06,64200.0,100,Buy,231875452
2024-08-15 13:29:44,64200.0,900,Sell,231876241
2024-08-15 13:29:45,64200.0,100,Sell,231876274
2024-08-15 13:30:15,64300.0,2000,Buy,231876998
2024-08-15 13:30:18,64200.0,400,Sell,231877068
2024-08-15 13:30:36,64200.0,200,Sell,231877473
2024-08-15 13:30:38,64200.0,800,Sell,231877501
2024-08-15 13:30:42,64300.0,1000,Buy,231877598
2024-08-15 13:30:59,64300.0,100,Buy,231877923
2024-08-15 13:31:03,64300.0,500,Buy,231878004
2024-08-15 13:31:30,64300.0,100,Buy,231878557
2024-08-15 13:32:31,64200.0,3400,Sell,231879716
2024-08-15 13:32:40,64200.0,200,Buy,231879932
2024-08-15 13:32:55,64200.0,1400,Buy,231880217
2024-08-15 13:32:59,64200.0,500,Buy,231880292
2024-08-15 13:33:00,64200.0,100,Buy,231880322
2024-08-15 13:33:02,64200.0,100,Buy,231880354
2024-08-15 13:33:10,64200.0,500,Buy,231880546
2024-08-15 13:33:20,64200.0,600,ATO/ATC,231880738
2024-08-15 13:33:24,64200.0,500,Buy,231880819
2024-08-15 13:33:29,64200.0,2500,Sell,231880935
2024-08-15 13:33:59,64200.0,100,Sell,231881514
2024-08-15 13:34:00,64200.0,100,Sell,231881540
2024-08-15 13:34:38,64200.0,1000,Sell,231882335
2024-08-15 13:35:00,64200.0,200,Sell,231882929
2024-08-15 13:35:48,64200.0,100,Sell,231883871
2024-08-15 13:36:03,64300.0,500,Buy,231884201
2024-08-15 13:36:07,64300.0,700,Buy,231884308
2024-08-15 13:36:19,64300.0,200,Sell,231884930
2024-08-15 13:36:22,64400.0,5000,Buy,231884988
2024-08-15 13:36:29,64400.0,800,Buy,231885266
2024-08-15 13:36:30,64400.0,200,Buy,231885281
2024-08-15 13:36:35,64400.0,400,Buy,231885405
2024-08-15 13:36:39,64400.0,400,Buy,231885548
2024-08-15 13:36:41,64400.0,700,Buy,231885568
2024-08-15 13:36:45,64400.0,100,Buy,231885659
2024-08-15 13:36:49,64400.0,1500,ATO/ATC,231885758
2024-08-15 13:36:59,64400.0,200,Buy,231885986
2024-08-15 13:37:08,64400.0,1000,Buy,231886206
2024-08-15 13:37:11,64400.0,2200,Buy,231886271
2024-08-15 13:37:16,64400.0,100,Buy,231886372
2024-08-15 13:37:24,64400.0,200,Buy,231886531
2024-08-15 13:37:26,64400.0,2000,Buy,231886563
2024-08-15 13:37:28,64400.0,100,Buy,231886597
2024-08-15 13:37:30,64400.0,400,Sell,231886640
2024-08-15 13:37:46,64500.0,500,Buy,231886924
2024-08-15 13:37:49,64500.0,300,Buy,231887000
2024-08-15 13:37:52,64500.0,200,Buy,231887043
2024-08-15 13:37:55,64500.0,100,Buy,231887170
2024-08-15 13:37:56,64500.0,100,Buy,231887211
2024-08-15 13:37:59,64500.0,100,Buy,231887260
2024-08-15 13:38:07,64500.0,300,Sell,231887468
2024-08-15 13:38:29,64500.0,300,Sell,231887970
2024-08-15 13:38:52,64600.0,100,Buy,231888516
2024-08-15 13:39:02,64500.0,100,Sell,231888741
2024-08-15 13:39:23,64500.0,200,Sell,231889247
2024-08-15 13:39:30,64600.0,500,Buy,231889396
2024-08-15 13:39:31,64600.0,200,Buy,231889448
2024-08-15 13:39:36,64600.0,800,Buy,231889569
2024-08-15 13:40:03,64600.0,100,Buy,231890135
2024-08-15 13:40:08,64600.0,1000,Buy,231890237
2024-08-15 13:40:12,64600.0,100,Buy,231890334
2024-08-15 13:40:12,64600.0,2900,Buy,231890305
2024-08-15 13:40:16,64600.0,3400,Buy,231890419
2024-08-15 13:40:18,64600.0,100,Buy,231890479
2024-08-15 13:40:19,64600.0,600,Sell,231890490
2024-08-15 13:40:32,64600.0,500,Sell,231890810
2024-08-15 13:41:03,64600.0,1300,Sell,231891492
2024-08-15 13:41:04,64700.0,500,Buy,231891549
2024-08-15 13:41:16,64700.0,100,Buy,231891805
2024-08-15 13:41:24,64700.0,600,Sell,231891996
2024-08-15 13:41:26,64700.0,500,Sell,231892120
2024-08-15 13:41:31,64700.0,300,Sell,231892212
2024-08-15 13:41:39,64700.0,100,Sell,231892396
2024-08-15 13:41:56,64800.0,200,Buy,231892813
2024-08-15 13:42:00,64800.0,500,Buy,231892892
2024-08-15 13:42:07,64800.0,400,Sell,231893055
2024-08-15 13:42:08,64900.0,700,Buy,231893073
2024-08-15 13:42:34,64900.0,1000,Buy,231893733
2024-08-15 13:42:36,64900.0,600,Buy,231893811
2024-08-15 13:42:50,64800.0,3000,Sell,231894064
2024-08-15 13:42:55,64800.0,100,Sell,231894161
2024-08-15 13:42:56,64800.0,500,Buy,231894173
2024-08-15 13:43:10,64700.0,2000,Sell,231894451
2024-08-15 13:43:13,64700.0,200,Sell,231894562
2024-08-15 13:43:15,64700.0,100,Sell,231894609
2024-08-15 13:43:17,64700.0,500,Sell,231894635
2024-08-15 13:43:18,64800.0,500,Buy,231894653
2024-08-15 13:43:28,64700.0,100,Buy,231894851
2024-08-15 13:43:56,64600.0,2300,Buy,231895402
2024-08-15 13:43:57,64600.0,700,Sell,231895428
2024-08-15 13:44:07,64600.0,100,Sell,231895674
2024-08-15 13:44:12,64600.0,300,Sell,231895794
2024-08-15 13:44:13,64600.0,400,Buy,231895828
2024-08-15 13:44:22,64600.0,500,Buy,231896075
2024-08-15 13:44:32,64500.0,400,Sell,231896268
2024-08-15 13:44:39,64500.0,100,Sell,231896437
2024-08-15 13:44:52,64500.0,5100,Sell,231896674
2024-08-15 13:44:54,64500.0,1700,Sell,231896718
2024-08-15 13:44:56,64500.0,10500,Buy,231896749
2024-08-15 13:45:16,64400.0,2200,Buy,231897215
2024-08-15 13:45:32,64400.0,2800,Buy,231897549
2024-08-15 13:45:36,64300.0,900,Sell,231897629
2024-08-15 13:45:49,64300.0,200,Sell,231897866
2024-08-15 13:46:22,64400.0,1300,Sell,231898668
2024-08-15 13:46:29,64300.0,1400,Sell,231898808
2024-08-15 13:47:09,64400.0,600,Buy,231899612
2024-08-15 13:47:19,64400.0,400,Buy,231899830
2024-08-15 13:47:45,64400.0,200,Sell,231900388
2024-08-15 13:48:12,64500.0,500,Buy,231900919
2024-08-15 13:48:23,64500.0,400,Buy,231901174
2024-08-15 13:48:25,64500.0,100,Buy,231901203
2024-08-15 13:48:27,64500.0,1000,Buy,231901238
2024-08-15 13:48:50,64400.0,100,Sell,231901662
2024-08-15 13:49:06,64500.0,100,Buy,231901950
2024-08-15 13:49:07,64500.0,400,Buy,231901961
2024-08-15 13:49:27,64500.0,1000,Buy,231902377
2024-08-15 13:49:35,64500.0,300,Buy,231902594
2024-08-15 13:49:38,64500.0,800,Buy,231902649
2024-08-15 13:50:21,64500.0,1200,Sell,231903516
2024-08-15 13:50:33,64500.0,1000,Sell,231903752
2024-08-15 13:51:11,64500.0,100,Sell,231904597
2024-08-15 13:52:27,64600.0,100,Buy,231906186
2024-08-15 13:52:54,64500.0,100,Sell,231906716
2024-08-15 13:53:02,64600.0,3600,Sell,231906901
2024-08-15 13:53:17,64600.0,500,Sell,231907212
2024-08-15 13:53:42,64600.0,500,Sell,231907700
2024-08-15 13:53:52,64600.0,200,Sell,231907970
2024-08-15 13:53:53,64600.0,100,Sell,231908000
2024-08-15 13:53:56,64600.0,800,Buy,231908066
2024-08-15 13:54:17,64600.0,100,Buy,231908531
2024-08-15 13:54:22,64600.0,100,Buy,231908618
2024-08-15 13:54:43,64600.0,100,Buy,231909031
2024-08-15 13:54:45,64600.0,300,Buy,231909133
2024-08-15 13:54:52,64500.0,200,Sell,231909296
2024-08-15 13:55:08,64500.0,3000,Sell,231909676
2024-08-15 13:55:10,64600.0,200,Buy,231909748
2024-08-15 13:55:48,64500.0,8300,Buy,231910888
2024-08-15 13:56:03,64500.0,100,Buy,231911185
2024-08-15 13:56:09,64500.0,100,Buy,231911297
2024-08-15 13:56:26,64500.0,100,Buy,231911936
2024-08-15 13:57:04,64400.0,2800,Buy,231913059
2024-08-15 13:57:06,64400.0,500,Buy,231913141
2024-08-15 13:57:21,64400.0,100,Buy,231913735
2024-08-15 13:57:49,64300.0,4500,Sell,231914697
2024-08-15 13:57:54,64300.0,500,Sell,231914917
2024-08-15 13:57:55,64300.0,1000,Sell,231914965
2024-08-15 13:57:58,64400.0,100,Buy,231915087
2024-08-15 13:57:59,64300.0,2000,Sell,231915131
2024-08-15 13:58:00,64300.0,1000,Sell,231915162
2024-08-15 13:58:02,64300.0,1000,Sell,231915215
2024-08-15 13:58:03,64300.0,900,Sell,231915231
2024-08-15 13:58:05,64300.0,100,Buy,231915371
2024-08-15 13:58:12,64300.0,500,Buy,231915710
2024-08-15 13:58:16,64300.0,500,Buy,231915842
2024-08-15 13:58:39,64300.0,300,Buy,231916644
2024-08-15 13:58:52,64300.0,300,Buy,231917077
2024-08-15 13:58:58,64300.0,100,Buy,231917241
2024-08-15 13:58:59,64300.0,100,Buy,231917257
2024-08-15 13:59:05,64300.0,100,Buy,231917478
2024-08-15 13:59:11,64200.0,500,Sell,231917728
2024-08-15 13:59:26,64200.0,300,Sell,231918247
2024-08-15 13:59:37,64200.0,100,Sell,231918521
2024-08-15 13:59:40,64200.0,2000,Sell,231918822
2024-08-15 13:59:45,64200.0,500,Sell,231918948
2024-08-15 14:00:05,64200.0,3000,Sell,231919740
2024-08-15 14:00:14,64200.0,500,Sell,231920011
2024-08-15 14:00:17,64200.0,1500,Sell,231920100
2024-08-15 14:00:26,64200.0,400,Sell,231920368
2024-08-15 14:00:29,64200.0,500,Sell,231920467
2024-08-15 14:00:32,64300.0,2500,Buy,231920619
2024-08-15 14:00:35,64200.0,5200,Buy,231920707
2024-08-15 14:00:48,64200.0,100,Buy,231921075
2024-08-15 14:00:50,64100.0,100,Sell,231921116
2024-08-15 14:00:52,64100.0,100,Sell,231921173
2024-08-15 14:01:34,64200.0,100,Buy,231922407
2024-08-15 14:01:40,64100.0,100,Sell,231922656
2024-08-15 14:01:51,64100.0,500,Sell,231922957
2024-08-15 14:01:52,64100.0,200,Sell,231922974
2024-08-15 14:01:58,64000.0,52000,Sell,231923182
2024-08-15 14:02:01,64000.0,500,Sell,231923325
2024-08-15 14:02:12,64000.0,900,Buy,231923780
2024-08-15 14:02:18,64000.0,300,Buy,231924087
2024-08-15 14:02:20,64000.0,100,Buy,231924171
2024-08-15 14:02:22,64000.0,100,Buy,231924227
2024-08-15 14:02:24,64000.0,200,Buy,231924288
2024-08-15 14:02:29,64000.0,200,Buy,231924562
2024-08-15 14:02:31,64000.0,1600,Buy,231924606
2024-08-15 14:02:35,64000.0,100,Sell,231924830
2024-08-15 14:02:37,64000.0,100,Sell,231924918
2024-08-15 14:02:39,64000.0,200,Buy,231925016
2024-08-15 14:02:40,63900.0,500,Sell,231925049
2024-08-15 14:02:48,63900.0,200,Sell,231925380
2024-08-15 14:02:54,63900.0,2300,Sell,231925612
2024-08-15 14:02:59,63900.0,500,Sell,231925890
2024-08-15 14:03:01,63900.0,2700,Buy,231925986
2024-08-15 14:03:06,63900.0,200,Buy,231926174
2024-08-15 14:03:12,63900.0,200,Buy,231926367
2024-08-15 14:03:15,63900.0,400,ATO/ATC,231926467
2024-08-15 14:03:19,63900.0,200,Buy,231926646
2024-08-15 14:03:27,63900.0,100,Buy,231926924
2024-08-15 14:03:31,63900.0,200,Buy,231927195
2024-08-15 14:03:32,63800.0,200,Sell,231927230
2024-08-15 14:03:38,63800.0,100,Sell,231927476
2024-08-15 14:03:39,63800.0,300,Sell,231927585
2024-08-15 14:03:49,63800.0,14200,Buy,231928183
2024-08-15 14:03:51,63800.0,100,Buy,231928282
2024-08-15 14:03:55,63800.0,1300,Buy,231928425
2024-08-15 14:03:59,63800.0,500,Buy,231928614
2024-08-15 14:04:07,63700.0,14000,Buy,231928830
2024-08-15 14:04:11,63700.0,300,Buy,231929103
2024-08-15 14:04:12,63700.0,300,Buy,231929144
2024-08-15 14:04:14,63700.0,100,Buy,231929170
2024-08-15 14:04:25,63600.0,12900,Sell,231930340
2024-08-15 14:04:33,63600.0,500,Sell,231930652
2024-08-15 14:04:41,63600.0,1000,Sell,231931055
2024-08-15 14:04:52,63600.0,300,Sell,231931915
2024-08-15 14:04:53,63600.0,100,Sell,231931939
2024-08-15 14:04:54,63700.0,700,Buy,231931971
2024-08-15 14:05:03,63700.0,100,Buy,231932343
2024-08-15 14:05:06,63700.0,5000,Buy,231932548
2024-08-15 14:05:07,63700.0,500,Buy,231932580
2024-08-15 14:05:11,63700.0,300,Buy,231932745
2024-08-15 14:05:12,63700.0,5000,Buy,231932778
2024-08-15 14:05:13,63700.0,900,Buy,231932802
2024-08-15 14:05:14,63700.0,200,Buy,231933227
2024-08-15 14:05:16,63700.0,800,Buy,231933422
2024-08-15 14:05:17,63700.0,100,Buy,231933463
2024-08-15 14:05:19,63700.0,100,Buy,231933542
2024-08-15 14:05:20,63600.0,1000,Sell,231933568
2024-08-15 14:05:22,63700.0,100,Buy,231933662
2024-08-15 14:05:24,63700.0,2200,Buy,231933720
2024-08-15 14:05:26,63600.0,200,Sell,231934027
2024-08-15 14:05:28,63700.0,300,ATO/ATC,231934235
2024-08-15 14:05:37,63700.0,700,Sell,231934635
2024-08-15 14:05:44,63800.0,1100,Buy,231934919
2024-08-15 14:05:45,63700.0,1000,Sell,231934963
2024-08-15 14:05:46,63800.0,100,Buy,231934992
2024-08-15 14:05:47,63800.0,400,Buy,231935056
2024-08-15 14:05:48,63700.0,1200,Sell,231935068
2024-08-15 14:05:49,63800.0,100,Buy,231935158
2024-08-15 14:05:52,63800.0,100,Buy,231935301
2024-08-15 14:05:54,63800.0,500,Buy,231935426
2024-08-15 14:05:55,63800.0,600,Buy,231935482
2024-08-15 14:05:57,63800.0,400,Sell,231935579
2024-08-15 14:05:59,63700.0,5000,Sell,231935636
2024-08-15 14:06:17,63900.0,1000,Buy,231936356
2024-08-15 14:06:23,63900.0,100,Buy,231936742
2024-08-15 14:06:26,63900.0,100,Buy,231936869
2024-08-15 14:06:27,63900.0,100,Buy,231936912
2024-08-15 14:06:29,63900.0,200,Buy,231936999
2024-08-15 14:06:30,63900.0,500,Buy,231937095
2024-08-15 14:06:46,64000.0,5000,Buy,231937805
2024-08-15 14:06:55,64000.0,2800,Buy,231938252
2024-08-15 14:06:57,64000.0,2100,Buy,231938322
2024-08-15 14:06:58,64000.0,500,Buy,231938348
2024-08-15 14:07:07,64200.0,300,Buy,231938657
2024-08-15 14:07:35,64100.0,100,Buy,231939613
2024-08-15 14:07:44,64100.0,100,Sell,231939895
2024-08-15 14:07:55,64100.0,100,Sell,231940455
2024-08-15 14:07:58,64200.0,2900,Buy,231940538
2024-08-15 14:08:01,64200.0,700,Buy,231940624
2024-08-15 14:08:06,64200.0,200,Buy,231940755
2024-08-15 14:08:11,64100.0,300,Sell,231940938
2024-08-15 14:08:13,64100.0,300,Buy,231940987
2024-08-15 14:08:25,64100.0,2300,Sell,231941288
2024-08-15 14:08:30,64000.0,8000,Sell,231941393
2024-08-15 14:08:37,64000.0,100,Sell,231941598
2024-08-15 14:08:51,64000.0,100,Sell,231942108
2024-08-15 14:09:26,64000.0,200,Sell,231943098
2024-08-15 14:09:28,64100.0,5900,Buy,231943159
2024-08-15 14:09:44,64100.0,600,Sell,231943530
2024-08-15 14:10:01,64100.0,500,Sell,231944010
2024-08-15 14:10:07,64100.0,100,Sell,231944182
2024-08-15 14:10:27,64100.0,100,Sell,231944675
2024-08-15 14:10:43,64200.0,1100,Buy,231945088
2024-08-15 14:11:00,64200.0,400,Buy,231945555
2024-08-15 14:11:05,64100.0,1000,Sell,231945682
2024-08-15 14:11:14,64200.0,700,Buy,231945951
2024-08-15 14:11:27,64200.0,200,Buy,231946312
2024-08-15 14:11:35,64200.0,500,Buy,231946540
2024-08-15 14:11:38,64200.0,200,Buy,231946650
2024-08-15 14:11:44,64200.0,100,Buy,231946827
2024-08-15 14:11:49,64200.0,1600,Buy,231946991
2024-08-15 14:12:15,64300.0,500,Buy,231947643
2024-08-15 14:12:18,64300.0,100,Buy,231947714
2024-08-15 14:12:21,64300.0,1000,Buy,231947785
2024-08-15 14:12:24,64300.0,200,Buy,231947875
2024-08-15 14:12:28,64300.0,400,Buy,231947991
2024-08-15 14:12:43,64300.0,600,Sell,231948414
2024-08-15 14:12:47,64300.0,200,Buy,231948485
2024-08-15 14:12:54,64300.0,4200,Buy,231948640
2024-08-15 14:13:02,64300.0,1000,Buy,231948845
2024-08-15 14:13:04,64300.0,400,Buy,231948889
2024-08-15 14:13:07,64300.0,1000,Buy,231948990
2024-08-15 14:13:08,64300.0,700,Buy,231949020
2024-08-15 14:13:13,64400.0,500,Buy,231949136
2024-08-15 14:13:24,64400.0,2900,Buy,231949402
2024-08-15 14:13:26,64400.0,500,Buy,231949425
2024-08-15 14:13:30,64400.0,200,Buy,231949514
2024-08-15 14:13:48,64400.0,800,Buy,231949983
2024-08-15 14:13:53,64400.0,100,Buy,231950154
2024-08-15 14:14:19,64400.0,200,Buy,231950875
2024-08-15 14:14:25,64400.0,3800,Buy,231951015
2024-08-15 14:14:31,64300.0,300,Sell,231951141
2024-08-15 14:14:40,64400.0,100,Buy,231951415
2024-08-15 14:14:41,64400.0,1000,Buy,231951431
2024-08-15 14:14:45,64400.0,1200,Buy,231951513
2024-08-15 14:14:54,64400.0,100,Buy,231951861
2024-08-15 14:14:55,64300.0,100,Sell,231951880
2024-08-15 14:15:25,64300.0,100,Sell,231952742
2024-08-15 14:15:30,64300.0,2100,Sell,231952936
2024-08-15 14:15:31,64300.0,800,Sell,231952973
2024-08-15 14:15:50,64300.0,800,Buy,231953691
2024-08-15 14:15:52,64300.0,100,Buy,231953724
2024-08-15 14:15:54,64300.0,300,Buy,231953773
2024-08-15 14:15:55,64300.0,500,Buy,231953791
2024-08-15 14:16:02,64300.0,200,Buy,231953971
2024-08-15 14:16:04,64300.0,100,Buy,231954021
2024-08-15 14:16:07,64300.0,300,Buy,231954114
2024-08-15 14:16:13,64300.0,200,Sell,231954305
2024-08-15 14:16:18,64300.0,300,Buy,231954455
2024-08-15 14:16:19,64300.0,100,Buy,231954475
2024-08-15 14:16:47,64300.0,100,Sell,231955224
2024-08-15 14:17:07,64300.0,200,Sell,231955855
2024-08-15 14:17:47,64300.0,300,Sell,231957152
2024-08-15 14:17:48,64400.0,200,Buy,231957164
2024-08-15 14:17:53,64400.0,3200,Buy,231957279
2024-08-15 14:18:25,64400.0,100,Sell,231958287
2024-08-15 14:18:30,64400.0,100,Sell,231958407
2024-08-15 14:18:33,64500.0,700,Buy,231958517
2024-08-15 14:18:37,64400.0,1000,Sell,231958606
2024-08-15 14:18:54,64400.0,5600,Sell,231959084
2024-08-15 14:18:54,64400.0,100,Buy,231959112
2024-08-15 14:18:57,64400.0,900,Buy,231959175
2024-08-15 14:19:09,64400.0,2000,Sell,231959624
2024-08-15 14:19:14,64500.0,300,Buy,231959856
2024-08-15 14:19:26,64400.0,2700,Sell,231960148
2024-08-15 14:19:28,64400.0,100,Buy,231960184
2024-08-15 14:19:32,64400.0,300,Buy,231960333
2024-08-15 14:19:42,64400.0,1000,Buy,231960696
2024-08-15 14:19:45,64400.0,100,Buy,231960825
2024-08-15 14:19:47,64400.0,500,Buy,231960846
2024-08-15 14:19:50,64400.0,600,Buy,231960931
2024-08-15 14:20:36,64400.0,100,Buy,231962408
2024-08-15 14:20:37,64400.0,100,Buy,231962428
2024-08-15 14:20:53,64400.0,1500,Buy,231962889
2024-08-15 14:21:01,64400.0,200,Buy,231963144
2024-08-15 14:21:08,64400.0,300,Buy,231963422
2024-08-15 14:21:11,64400.0,400,Buy,231963537
2024-08-15 14:21:13,64400.0,100,Buy,231963587
2024-08-15 14:21:16,64400.0,600,Buy,231963659
2024-08-15 14:21:50,64500.0,900,Buy,231964564
2024-08-15 14:21:57,64400.0,3600,Sell,231964771
2024-08-15 14:22:15,64400.0,900,Sell,231965339
2024-08-15 14:22:17,64400.0,100,Buy,231965410
2024-08-15 14:22:41,64400.0,200,Sell,231966195
2024-08-15 14:23:10,64400.0,1000,Sell,231967116
2024-08-15 14:24:06,64500.0,100,Buy,231968790
2024-08-15 14:24:13,64500.0,1000,Buy,231968994
2024-08-15 14:24:42,64500.0,100,Buy,231969881
2024-08-15 14:24:55,64500.0,400,Buy,231970303
2024-08-15 14:25:29,64500.0,100,Buy,231971615
2024-08-15 14:25:41,64500.0,100,Buy,231972107
2024-08-15 14:25:45,64500.0,100,Buy,231972246
2024-08-15 14:25:51,64500.0,200,Buy,231972465
2024-08-15 14:26:25,64500.0,100,Buy,231973903
2024-08-15 14:26:36,64400.0,100,Sell,231974324
2024-08-15 14:26:43,64500.0,3200,Buy,231974576
2024-08-15 14:26:46,64400.0,1000,Sell,231974675
2024-08-15 14:26:52,64400.0,200,Sell,231974951
2024-08-15 14:27:00,64500.0,2000,Buy,231975276
2024-08-15 14:27:16,64400.0,3800,Sell,231975906
2024-08-15 14:27:19,64400.0,1000,Sell,231976016
2024-08-15 14:27:26,64400.0,100,Sell,231976371
2024-08-15 14:27:27,64400.0,400,Sell,231976459
2024-08-15 14:27:29,64400.0,200,Buy,231976586
2024-08-15 14:27:30,64400.0,200,Buy,231976635
2024-08-15 14:27:44,64400.0,100,Buy,231977165
2024-08-15 14:27:45,64400.0,1400,Buy,231977200
2024-08-15 14:27:54,64400.0,100,Buy,231977559
2024-08-15 14:28:00,64400.0,100,Buy,231977759
2024-08-15 14:28:01,64400.0,2500,Buy,231977820
2024-08-15 14:28:23,64400.0,900,Sell,231978657
2024-08-15 14:28:35,64400.0,4000,Sell,231979107
2024-08-15 14:28:37,64400.0,100,Buy,231979192
2024-08-15 14:28:44,64400.0,100,Buy,231979519
2024-08-15 14:28:51,64400.0,800,Sell,231979753
2024-08-15 14:29:04,64400.0,100,Sell,231980456
2024-08-15 14:29:09,64400.0,300,Sell,231980809
2024-08-15 14:29:19,64400.0,2500,Sell,231981403
2024-08-15 14:29:27,64400.0,1000,Sell,231981857
2024-08-15 14:29:29,64400.0,500,Sell,231982006
2024-08-15 14:29:41,64400.0,100,Sell,231982717
2024-08-15 14:29:51,64400.0,1300,Sell,231983238
2024-08-15 14:29:56,64400.0,1000,Buy,231983411
2024-08-15 14:29:58,64400.0,1000,Buy,231983507
2024-08-15 14:30:03,64400.0,100,Buy,231983655
2024-08-15 14:30:06,64400.0,1000,Buy,231983660
2024-08-15 14:30:28,64300.0,9900,Sell,231983682
2024-08-15 14:30:48,64300.0,500,Sell,231983702
2024-08-15 14:30:57,64300.0,1000,Sell,231983710
2024-08-15 14:31:24,64300.0,200,Sell,231983731
2024-08-15 14:31:29,64300.0,100,Buy,231983737
2024-08-15 14:31:30,64300.0,100,Buy,231983740
2024-08-15 14:31:43,64300.0,800,Buy,231983749
2024-08-15 14:32:02,64300.0,100,Sell,231983765
2024-08-15 14:32:18,64300.0,500,Sell,231983776
2024-08-15 14:32:40,64300.0,4000,Sell,231983792
2024-08-15 14:32:43,64300.0,100,Buy,231983793
2024-08-15 14:32:45,64300.0,200,Buy,231983797
2024-08-15 14:33:59,64300.0,100,Buy,231983844
2024-08-15 14:34:10,64200.0,2000,Sell,231983853
2024-08-15 14:34:26,64200.0,400,Sell,231983859
2024-08-15 14:34:30,64200.0,100,Sell,231983863
2024-08-15 14:35:46,64300.0,1100,Buy,231983903
2024-08-15 14:35:54,64300.0,100,Buy,231983906
2024-08-15 14:36:01,64300.0,1500,Buy,231983914
2024-08-15 14:36:05,64300.0,100,Buy,231983919
2024-08-15 14:36:27,64300.0,100,Buy,231983934
2024-08-15 14:36:38,64300.0,100,Buy,231983941
2024-08-15 14:37:02,64200.0,500,Sell,231983953
2024-08-15 14:37:22,64300.0,500,Buy,231983972
2024-08-15 14:37:34,64300.0,100,Buy,231983980
2024-08-15 14:37:50,64300.0,1000,Buy,231983995
2024-08-15 14:38:03,64300.0,400,Buy,231984001
2024-08-15 14:38:08,64300.0,100,Buy,231984004
2024-08-15 14:38:10,64300.0,1000,Buy,231984006
2024-08-15 14:38:24,64200.0,200,Sell,231984016
2024-08-15 14:38:25,64300.0,100,Buy,231984017
2024-08-15 14:38:46,64300.0,2000,Buy,231984035
2024-08-15 14:38:55,64300.0,100,Buy,231984040
2024-08-15 14:38:58,64300.0,500,Sell,231984042
2024-08-15 14:39:55,64400.0,100,Buy,231984090
2024-08-15 14:40:06,64400.0,1000,Buy,231984097
2024-08-15 14:40:50,64300.0,2000,Sell,231984119
2024-08-15 14:41:19,64300.0,200,Sell,231984132
2024-08-15 14:42:07,64300.0,200,Sell,231984149
2024-08-15 14:42:39,64300.0,200,Sell,231984164
2024-08-15 14:42:45,64300.0,500,Sell,231984167
2024-08-15 14:43:40,64400.0,300,Buy,231984211
2024-08-15 14:43:50,64300.0,600,Sell,231984221
2024-08-15 14:43:55,64300.0,800,Sell,231984223
2024-08-15 14:43:58,64300.0,700,Sell,231984225
2024-08-15 14:44:54,64300.0,400,Sell,231984261
2024-08-15 14:45:30,64300.0,5500,Sell,231984764
2024-08-15 14:45:47,64300.0,4600,Sell,231984775
2024-08-15 14:45:58,64300.0,400,Buy,231984788
2024-08-15 14:46:04,64300.0,700,Sell,231984796
2024-08-15 14:46:10,64300.0,100,Buy,231984803
2024-08-15 14:46:17,64300.0,100,Buy,231984809
2024-08-15 14:46:20,64200.0,2500,Sell,231984811
2024-08-15 14:46:31,64300.0,100,Buy,231984822
2024-08-15 14:46:43,64300.0,1000,Buy,231984831
2024-08-15 14:47:06,64300.0,200,Buy,231984847
2024-08-15 14:47:28,64300.0,100,Buy,231984867
2024-08-15 14:47:31,64300.0,2200,Buy,231984871
2024-08-15 14:47:38,64200.0,18000,Sell,231984876
2024-08-15 14:47:43,64200.0,5000,Sell,231984882
2024-08-15 14:48:09,64200.0,6000,Sell,231984906
2024-08-15 14:48:15,64200.0,7300,Sell,231984910
2024-08-15 14:48:30,64200.0,100,Sell,231984920
2024-08-15 14:48:31,64200.0,2000,Sell,231984922
2024-08-15 14:48:35,64200.0,2000,Sell,231984929
2024-08-15 14:48:38,64200.0,6000,Sell,231984932
2024-08-15 14:48:43,64100.0,16000,Sell,231984937
2024-08-15 14:48:47,64200.0,100,Buy,231984941
2024-08-15 14:49:01,64200.0,900,Buy,231984950
2024-08-15 14:49:12,64200.0,300,Buy,231984958
2024-08-15 14:49:18,64200.0,900,Buy,231984965
2024-08-15 14:50:16,64200.0,300,Sell,231984998
2024-08-15 14:50:25,64200.0,800,Sell,231985008
2024-08-15 14:51:19,64200.0,300,Buy,231985048
2024-08-15 14:51:34,64200.0,200,Buy,231985058
2024-08-15 14:51:39,64200.0,500,Buy,231985060
2024-08-15 14:51:41,64200.0,500,Buy,231985062
2024-08-15 14:52:00,64200.0,300,Buy,231985074
2024-08-15 14:52:12,64200.0,400,Buy,231985082
2024-08-15 14:52:28,64100.0,5100,Sell,231985093
2024-08-15 14:52:47,64100.0,1400,Sell,231985110
2024-08-15 14:52:51,64100.0,200,Sell,231985114
2024-08-15 14:52:54,64100.0,500,Sell,231985115
2024-08-15 14:53:05,64100.0,100,Buy,231985125
2024-08-15 14:53:12,64100.0,100,Buy,231985131
2024-08-15 14:53:20,64100.0,200,Buy,231985139
2024-08-15 14:53:29,64100.0,200,Buy,231985143
2024-08-15 14:53:40,64100.0,1000,Sell,231985151
2024-08-15 14:54:25,64100.0,600,Sell,231985180
2024-08-15 14:54:39,64100.0,300,Sell,231985196
2024-08-15 14:55:21,64000.0,10000,Sell,231985223
2024-08-15 14:55:22,64100.0,200,Sell,231985224
2024-08-15 14:55:29,64200.0,1600,Buy,231985231
2024-08-15 14:55:44,64200.0,300,Buy,231985245
2024-08-15 14:56:16,64200.0,300,Buy,231985268
2024-08-15 14:56:56,64100.0,500,Buy,231985300
2024-08-15 14:57:24,64100.0,200,Buy,231985323
2024-08-15 14:57:27,64000.0,18200,Sell,231985327
2024-08-15 14:57:28,64000.0,1500,Buy,231985330
2024-08-15 14:57:34,64000.0,400,Buy,231985337
2024-08-15 14:57:51,64100.0,800,Buy,231985358
2024-08-15 14:58:22,64000.0,500,Sell,231985380
2024-08-15 14:58:24,64100.0,100,Buy,231985383
2024-08-15 14:58:26,64100.0,300,Buy,231985384
2024-08-15 14:58:34,64000.0,200,Sell,231985387
2024-08-15 14:58:48,64100.0,1000,Buy,231985407
2024-08-15 14:58:57,64000.0,100,Sell,231985415
2024-08-15 14:59:02,64000.0,300,Sell,231985422
2024-08-15 14:59:06,63800.0,7000,Sell,231985427
2024-08-15 14:59:30,63900.0,300,Sell,231985459
2024-08-15 14:59:31,63800.0,100,Sell,231985462
2024-08-15 14:59:38,63800.0,100,Sell,231985478
2024-08-15 14:59:40,63900.0,100,Buy,231985479
2024-08-15 14:59:44,63800.0,10100,Sell,231985484
2024-08-15 14:59:45,63800.0,500,Sell,231985485
2024-08-15 14:59:48,63900.0,1000,Buy,231985489
2024-08-15 14:59:52,63800.0,100,Sell,231985496
2024-08-15 14:59:55,63800.0,1000,Sell,231985506
2024-08-15 15:00:00,63800.0,200,Sell,231985513
