time,price,volume,match_type,id
2024-08-16 09:00:15,65000.0,3300,Buy,231985641
2024-08-16 09:00:20,65000.0,1700,Sell,231985672
2024-08-16 09:00:22,64700.0,300,Buy,231985692
2024-08-16 09:00:41,64800.0,100,Sell,231985791
2024-08-16 09:00:45,65000.0,1500,Buy,231985801
2024-08-16 09:01:02,65000.0,500,Buy,231985844
2024-08-16 09:01:08,65000.0,200,Buy,231985863
2024-08-16 09:01:20,64800.0,800,Sell,231985899
2024-08-16 09:01:28,65000.0,400,Buy,231985918
2024-08-16 09:01:49,64900.0,2000,Buy,231985979
2024-08-16 09:01:59,65000.0,500,Buy,231986001
2024-08-16 09:02:04,65000.0,2100,Buy,231986011
2024-08-16 09:02:27,65000.0,300,Sell,231986072
2024-08-16 09:02:36,65400.0,800,Buy,231986091
2024-08-16 09:02:38,65000.0,35400,Sell,231986094
2024-08-16 09:03:05,65200.0,1000,Sell,231986150
2024-08-16 09:03:24,65200.0,2600,Sell,231986194
2024-08-16 09:03:28,65200.0,1000,Sell,231986201
2024-08-16 09:03:29,65200.0,100,Sell,231986203
2024-08-16 09:03:39,65200.0,3000,Sell,231986228
2024-08-16 09:03:50,65200.0,200,Sell,231986257
2024-08-16 09:03:55,65200.0,1000,Sell,231986271
2024-08-16 09:03:59,65200.0,100,Buy,231986278
2024-08-16 09:04:19,65000.0,200,Sell,231986318
2024-08-16 09:04:35,65200.0,3500,Buy,231986349
2024-08-16 09:04:37,65000.0,1500,Sell,231986356
2024-08-16 09:04:38,65000.0,200,Sell,231986358
2024-08-16 09:04:43,65000.0,100,Sell,231986371
2024-08-16 09:04:56,65100.0,100,Buy,231986400
2024-08-16 09:05:12,65100.0,1000,Sell,231986438
2024-08-16 09:05:22,65200.0,3000,Buy,231986465
2024-08-16 09:05:27,65200.0,500,Buy,231986476
2024-08-16 09:05:35,65200.0,100,Sell,231986490
2024-08-16 09:06:03,65200.0,500,Sell,231986561
2024-08-16 09:06:20,65200.0,100,Buy,231986600
2024-08-16 09:06:25,65000.0,900,Sell,231986610
2024-08-16 09:06:38,65000.0,100,Buy,231986637
2024-08-16 09:06:41,65000.0,500,Buy,231986643
2024-08-16 09:07:27,65200.0,7500,ATO/ATC,231986754
2024-08-16 09:08:17,65200.0,2000,Buy,231986866
2024-08-16 09:08:19,65200.0,200,Buy,231986869
2024-08-16 09:08:33,65100.0,100,Sell,231986895
2024-08-16 09:08:35,65100.0,300,Sell,231986898
2024-08-16 09:08:36,65200.0,400,Buy,231986903
2024-08-16 09:08:41,65100.0,1100,Buy,231986908
2024-08-16 09:08:49,65000.0,1000,Buy,231986926
2024-08-16 09:09:05,65000.0,1000,Buy,231986954
2024-08-16 09:09:30,65000.0,2000,Buy,231987003
2024-08-16 09:09:31,65000.0,700,Buy,231987006
2024-08-16 09:09:58,64800.0,1300,Sell,231987064
2024-08-16 09:10:21,64800.0,200,Sell,231987114
2024-08-16 09:10:34,64800.0,700,Sell,231987135
2024-08-16 09:10:56,64700.0,1000,Sell,231987174
2024-08-16 09:11:17,64700.0,200,Buy,231987207
2024-08-16 09:11:20,64700.0,200,Buy,231987211
2024-08-16 09:11:29,64500.0,200,Sell,231987227
2024-08-16 09:12:07,64500.0,2000,Buy,231987287
2024-08-16 09:12:12,64500.0,1000,Sell,231987301
2024-08-16 09:12:16,64500.0,1000,Buy,231987307
2024-08-16 09:12:30,64500.0,500,Sell,231987335
2024-08-16 09:12:31,64500.0,1000,Sell,231987338
2024-08-16 09:12:35,64700.0,100,Buy,231987349
2024-08-16 09:12:36,64400.0,1500,Sell,231987353
2024-08-16 09:12:51,64500.0,300,Sell,231987374
2024-08-16 09:12:54,64700.0,100,Buy,231987383
2024-08-16 09:13:11,64600.0,1000,Buy,231987413
2024-08-16 09:13:50,64600.0,4000,Buy,231987475
2024-08-16 09:14:05,64600.0,1000,Buy,231987512
2024-08-16 09:14:09,64600.0,1100,Buy,231987518
2024-08-16 09:14:12,64600.0,1000,Sell,231987524
2024-08-16 09:14:19,64600.0,1000,Sell,231987540
2024-08-16 09:14:32,64600.0,100,Sell,231987573
2024-08-16 09:14:46,64700.0,1000,Buy,231987600
2024-08-16 09:14:54,64600.0,100,Sell,231987617
2024-08-16 09:14:58,64700.0,300,Buy,231987910
2024-08-16 09:15:13,64700.0,1000,Buy,231988095
2024-08-16 09:15:14,64600.0,100,Sell,231988102
2024-08-16 09:15:17,64700.0,700,Buy,231988137
2024-08-16 09:15:22,64700.0,100,Sell,231988215
2024-08-16 09:15:31,64800.0,200,ATO/ATC,231988334
2024-08-16 09:16:25,65000.0,100,Buy,231989312
2024-08-16 09:16:29,64800.0,500,Sell,231989412
2024-08-16 09:16:39,64900.0,100,ATO/ATC,231989565
2024-08-16 09:17:06,64900.0,1000,Buy,231990209
2024-08-16 09:17:17,64900.0,1100,Buy,231990485
2024-08-16 09:18:01,65000.0,1200,Buy,231991504
2024-08-16 09:18:17,65000.0,500,Buy,231991937
2024-08-16 09:18:19,65000.0,100,Buy,231991961
2024-08-16 09:18:23,65000.0,900,Buy,231992052
2024-08-16 09:18:27,65000.0,100,Buy,231992163
2024-08-16 09:18:29,65000.0,5000,Buy,231992195
2024-08-16 09:18:38,65000.0,1000,Buy,231992375
2024-08-16 09:18:56,65000.0,100,Buy,231992742
2024-08-16 09:19:07,65000.0,700,Sell,231992984
2024-08-16 09:19:22,65000.0,1700,Buy,231993197
2024-08-16 09:19:23,65000.0,3000,Buy,231993231
2024-08-16 09:19:24,65000.0,200,Buy,231993259
2024-08-16 09:19:27,65000.0,5100,Sell,231993302
2024-08-16 09:19:41,65100.0,100,Buy,231993558
2024-08-16 09:19:44,65000.0,3000,Sell,231993609
2024-08-16 09:19:54,65000.0,500,Sell,231993801
2024-08-16 09:20:10,65000.0,1000,Sell,231994125
2024-08-16 09:20:15,65100.0,500,Buy,231994257
2024-08-16 09:20:37,65100.0,500,Buy,231994794
2024-08-16 09:20:39,65100.0,200,Sell,231994838
2024-08-16 09:20:49,65100.0,1000,Sell,231995049
2024-08-16 09:20:58,65100.0,800,Sell,231995273
2024-08-16 09:21:43,65000.0,200,Sell,231996114
2024-08-16 09:21:49,65100.0,200,Buy,231996193
2024-08-16 09:21:58,65000.0,300,Sell,231996340
2024-08-16 09:22:15,65100.0,600,Buy,231996658
2024-08-16 09:22:17,64800.0,8000,Sell,231996784
2024-08-16 09:22:51,64800.0,5000,Sell,231997302
2024-08-16 09:23:02,64700.0,13300,Sell,231997449
2024-08-16 09:23:18,64700.0,500,Buy,231997655
2024-08-16 09:23:26,64700.0,100,Buy,231997776
2024-08-16 09:23:33,64700.0,300,Buy,231997896
2024-08-16 09:23:41,64600.0,100,Sell,231998012
2024-08-16 09:23:56,64700.0,200,Buy,231998344
2024-08-16 09:24:01,64700.0,100,Buy,231998435
2024-08-16 09:24:33,64700.0,500,Buy,231999043
2024-08-16 09:24:42,64700.0,400,Buy,231999184
2024-08-16 09:24:59,64600.0,2000,Sell,231999529
2024-08-16 09:25:14,64700.0,100,Buy,231999823
2024-08-16 09:25:22,64700.0,1200,Buy,231999970
2024-08-16 09:25:30,64500.0,1000,Sell,232000099
2024-08-16 09:26:05,64600.0,200,Sell,232000680
2024-08-16 09:26:45,64600.0,200,Sell,232001373
2024-08-16 09:26:59,64700.0,300,Buy,232001607
2024-08-16 09:27:06,64600.0,600,Sell,232001731
2024-08-16 09:27:30,64600.0,400,Sell,232002037
2024-08-16 09:28:26,64600.0,1700,Sell,232003047
2024-08-16 09:28:26,64700.0,1000,Buy,232003069
2024-08-16 09:28:45,64700.0,500,Buy,232003391
2024-08-16 09:29:41,64700.0,100,Buy,232004433
2024-08-16 09:29:55,64700.0,100,Buy,232004695
2024-08-16 09:30:34,64700.0,200,Buy,232005306
2024-08-16 09:30:53,64700.0,1000,Buy,232005609
2024-08-16 09:30:56,64700.0,500,Buy,232005656
2024-08-16 09:31:20,64700.0,100,Buy,232006020
2024-08-16 09:31:34,64700.0,100,Buy,232006211
2024-08-16 09:31:36,64700.0,100,Sell,232006233
2024-08-16 09:31:50,64700.0,1000,Sell,232006446
2024-08-16 09:32:50,64800.0,1000,Sell,232007453
2024-08-16 09:32:58,64800.0,1000,ATO/ATC,232007577
2024-08-16 09:33:35,64800.0,200,Buy,232008379
2024-08-16 09:34:15,64700.0,600,Sell,232009088
2024-08-16 09:34:32,64700.0,6000,Sell,232009542
2024-08-16 09:34:33,64700.0,100,Buy,232009559
2024-08-16 09:35:12,64700.0,100,Buy,232010453
2024-08-16 09:35:38,64600.0,1000,Sell,232010966
2024-08-16 09:36:58,64600.0,1000,Sell,232013029
2024-08-16 09:37:03,64600.0,700,Buy,232013122
2024-08-16 09:37:10,64600.0,200,Buy,232013327
2024-08-16 09:37:19,64600.0,100,Buy,232013587
2024-08-16 09:37:47,64600.0,100,Buy,232014431
2024-08-16 09:37:59,64600.0,700,Buy,232014773
2024-08-16 09:38:00,64600.0,300,Buy,232014793
2024-08-16 09:38:05,64600.0,100,Buy,232014909
2024-08-16 09:38:17,64600.0,100,Buy,232015378
2024-08-16 09:38:18,64500.0,3000,Sell,232015404
2024-08-16 09:38:27,64600.0,200,Buy,232015706
2024-08-16 09:38:35,64500.0,100,Sell,232015916
2024-08-16 09:38:38,64600.0,300,Buy,232015986
2024-08-16 09:38:52,64600.0,200,ATO/ATC,232016483
2024-08-16 09:39:00,64500.0,1000,Sell,232016729
2024-08-16 09:39:03,64500.0,1700,Buy,232016823
2024-08-16 09:39:11,64500.0,100,Buy,232017171
2024-08-16 09:39:20,64500.0,100,Buy,232017501
2024-08-16 09:39:21,64500.0,100,Buy,232017523
2024-08-16 09:39:23,64500.0,500,Buy,232017599
2024-08-16 09:39:26,64500.0,200,Buy,232017689
2024-08-16 09:39:33,64500.0,1000,Buy,232017973
2024-08-16 09:39:35,64500.0,200,ATO/ATC,232018051
2024-08-16 09:39:44,64500.0,1500,Buy,232018466
2024-08-16 09:39:52,64500.0,500,ATO/ATC,232018842
2024-08-16 09:40:23,64500.0,1000,Buy,232020480
2024-08-16 09:40:33,64500.0,100,Buy,232021005
2024-08-16 09:40:47,64500.0,100,Buy,232021710
2024-08-16 09:40:50,64500.0,200,Buy,232021907
2024-08-16 09:41:02,64500.0,1500,Buy,232022480
2024-08-16 09:41:15,64500.0,100,ATO/ATC,232023187
2024-08-16 09:41:35,64400.0,2700,Sell,232023990
2024-08-16 09:42:04,64400.0,6100,Buy,232025281
2024-08-16 09:42:17,64400.0,100,Buy,232025698
2024-08-16 09:42:19,64200.0,5000,Buy,232025813
2024-08-16 09:42:24,64200.0,100,Buy,232026091
2024-08-16 09:42:30,64400.0,500,Buy,232026373
2024-08-16 09:42:40,64200.0,500,Sell,232026851
2024-08-16 09:42:55,64200.0,300,Sell,232027584
2024-08-16 09:43:00,64400.0,200,Buy,232027810
2024-08-16 09:43:19,64400.0,100,Buy,232028544
2024-08-16 09:43:20,64400.0,600,Buy,232028603
2024-08-16 09:43:23,64400.0,400,Buy,232028717
2024-08-16 09:43:36,64400.0,100,Buy,232029212
2024-08-16 09:44:01,64400.0,2000,Buy,232030338
2024-08-16 09:44:06,64300.0,100,Buy,232030536
2024-08-16 09:44:11,64300.0,200,Buy,232030748
2024-08-16 09:44:15,64300.0,500,ATO/ATC,232030915
2024-08-16 09:44:37,64100.0,40000,Sell,232031705
2024-08-16 09:44:50,64100.0,2000,Sell,232032137
2024-08-16 09:45:27,64300.0,300,Buy,232033356
2024-08-16 09:45:32,64000.0,18000,Sell,232033507
2024-08-16 09:45:37,64000.0,100,Sell,232033698
2024-08-16 09:45:49,64000.0,200,Sell,232034023
2024-08-16 09:46:00,64100.0,200,Buy,232034296
2024-08-16 09:46:02,64100.0,300,Sell,232034380
2024-08-16 09:46:18,64100.0,600,Sell,232034757
2024-08-16 09:46:27,64000.0,8400,Sell,232034992
2024-08-16 09:46:41,64000.0,2000,Sell,232035334
2024-08-16 09:47:08,64000.0,2400,Sell,232036079
2024-08-16 09:47:14,64000.0,2100,Sell,232036221
2024-08-16 09:47:23,64100.0,100,Buy,232036477
2024-08-16 09:47:34,64000.0,200,Sell,232036714
2024-08-16 09:47:35,64100.0,100,Buy,232036742
2024-08-16 09:47:48,64100.0,300,Sell,232037003
2024-08-16 09:48:17,64100.0,500,Sell,232037758
2024-08-16 09:49:00,64300.0,100,Buy,232038802
2024-08-16 09:49:04,64200.0,100,Sell,232038880
2024-08-16 09:49:07,64200.0,200,Buy,232038990
2024-08-16 09:49:16,64100.0,3000,Sell,232039193
2024-08-16 09:49:18,64200.0,300,Buy,232039225
2024-08-16 09:49:28,64200.0,300,Buy,232039458
2024-08-16 09:49:37,64200.0,100,Buy,232039706
2024-08-16 09:49:38,64200.0,1100,Sell,232039746
2024-08-16 09:49:56,64300.0,500,Buy,232040205
2024-08-16 09:49:59,64200.0,4400,Sell,232040253
2024-08-16 09:50:00,64300.0,1500,Buy,232040287
2024-08-16 09:50:12,64300.0,1900,Buy,232040617
2024-08-16 09:50:16,64300.0,300,Buy,232040699
2024-08-16 09:50:48,64300.0,100,Sell,232041529
2024-08-16 09:50:58,64300.0,1000,Sell,232041752
2024-08-16 09:51:03,64400.0,300,Buy,232041878
2024-08-16 09:51:08,64400.0,100,Buy,232042000
2024-08-16 09:51:19,64300.0,500,Sell,232042213
2024-08-16 09:51:27,64300.0,600,ATO/ATC,232042466
2024-08-16 09:51:28,64400.0,4000,Buy,232042473
2024-08-16 09:51:41,64300.0,200,Sell,232042727
2024-08-16 09:51:49,64400.0,500,Buy,232042907
2024-08-16 09:51:50,64400.0,1000,Sell,232042932
2024-08-16 09:52:03,64500.0,100,Buy,232043256
2024-08-16 09:52:12,64500.0,500,Buy,232043422
2024-08-16 09:52:29,64500.0,100,Buy,232043868
2024-08-16 09:52:41,64500.0,300,Buy,232044105
2024-08-16 09:52:42,64500.0,300,ATO/ATC,232044143
2024-08-16 09:52:56,64400.0,4500,Buy,232044596
2024-08-16 09:53:04,64400.0,100,Buy,232044816
2024-08-16 09:53:24,64400.0,1400,Buy,232045323
2024-08-16 09:54:49,64400.0,600,Sell,232047548
2024-08-16 09:55:20,64400.0,200,Buy,232048360
2024-08-16 09:56:26,64400.0,3000,Buy,232049647
2024-08-16 09:56:27,64300.0,100,Sell,232049671
2024-08-16 09:56:30,64300.0,200,Sell,232049715
2024-08-16 09:56:36,64300.0,1000,Sell,232049807
2024-08-16 09:57:04,64400.0,1000,Buy,232050350
2024-08-16 09:57:22,64300.0,100,Buy,232050733
2024-08-16 09:57:44,64400.0,1000,Buy,232051142
2024-08-16 09:57:56,64400.0,100,Buy,232051386
2024-08-16 09:58:05,64400.0,100,Buy,232051548
2024-08-16 09:58:25,64400.0,100,Buy,232051847
2024-08-16 09:58:28,64400.0,2000,Buy,232051901
2024-08-16 09:58:34,64400.0,1000,Buy,232052008
2024-08-16 09:58:37,64400.0,800,Buy,232052063
2024-08-16 09:58:58,64400.0,500,ATO/ATC,232052467
2024-08-16 10:00:38,64400.0,400,Sell,232054667
2024-08-16 10:02:09,64400.0,500,Sell,232056681
2024-08-16 10:02:21,64400.0,5800,Buy,232056972
2024-08-16 10:02:28,64400.0,1100,Sell,232057157
2024-08-16 10:02:48,64500.0,4600,Sell,232057899
2024-08-16 10:03:06,64600.0,4000,Buy,232058529
2024-08-16 10:03:09,64600.0,100,Sell,232058609
2024-08-16 10:03:15,64700.0,1200,Buy,232058734
2024-08-16 10:03:39,64700.0,500,Buy,232059221
2024-08-16 10:03:40,64700.0,500,Buy,232059230
2024-08-16 10:03:48,64700.0,100,Buy,232059432
2024-08-16 10:03:54,64700.0,1000,Buy,232059547
2024-08-16 10:04:05,64700.0,600,Buy,232059712
2024-08-16 10:04:18,64700.0,500,Buy,232059991
2024-08-16 10:04:37,64700.0,300,Buy,232060484
2024-08-16 10:04:39,64700.0,2000,Buy,232060523
2024-08-16 10:04:42,64700.0,1000,Buy,232060591
2024-08-16 10:04:45,64700.0,2200,Buy,232060643
2024-08-16 10:04:45,64700.0,100,Buy,232060655
2024-08-16 10:04:57,64700.0,1000,Buy,232060925
2024-08-16 10:05:22,64700.0,1000,Sell,232061848
2024-08-16 10:05:38,64700.0,1000,Sell,232062177
2024-08-16 10:06:18,64700.0,1000,Sell,232063106
2024-08-16 10:06:21,64700.0,500,Sell,232063189
2024-08-16 10:06:40,64800.0,100,Buy,232063603
2024-08-16 10:07:34,64800.0,500,Buy,232064869
2024-08-16 10:07:42,64800.0,100,Buy,232065082
2024-08-16 10:07:43,64800.0,1000,Buy,232065100
2024-08-16 10:07:47,64800.0,100,Buy,232065294
2024-08-16 10:07:49,64800.0,500,Buy,232065330
2024-08-16 10:07:57,64800.0,100,Buy,232065559
2024-08-16 10:08:29,64900.0,1000,Buy,232066496
2024-08-16 10:08:36,64800.0,3200,Sell,232066684
2024-08-16 10:08:41,64900.0,1700,Buy,232066797
2024-08-16 10:08:45,64900.0,300,Buy,232066903
2024-08-16 10:08:47,64900.0,100,Sell,232066946
2024-08-16 10:08:48,65000.0,800,Buy,232066978
2024-08-16 10:09:08,65000.0,100,Buy,232067442
2024-08-16 10:09:09,65000.0,1000,Buy,232067483
2024-08-16 10:09:13,65000.0,200,Buy,232067597
2024-08-16 10:09:20,65000.0,1000,Buy,232067783
2024-08-16 10:09:22,65000.0,1900,Buy,232067836
2024-08-16 10:09:37,65000.0,200,Sell,232068519
2024-08-16 10:10:02,65000.0,1000,Sell,232069180
2024-08-16 10:10:09,65100.0,500,Buy,232069419
2024-08-16 10:10:35,65100.0,100,Sell,232070246
2024-08-16 10:10:41,65100.0,1000,Sell,232070443
2024-08-16 10:10:54,65200.0,2500,Buy,232070869
2024-08-16 10:11:03,65200.0,3700,Buy,232071253
2024-08-16 10:11:12,65200.0,500,Buy,232071543
2024-08-16 10:11:13,65200.0,300,Buy,232071573
2024-08-16 10:11:14,65200.0,100,Buy,232071597
2024-08-16 10:11:50,65200.0,1500,Buy,232072718
2024-08-16 10:11:51,65200.0,1000,Buy,232072758
2024-08-16 10:12:00,65200.0,2300,Sell,232073176
2024-08-16 10:12:22,65200.0,1400,Sell,232073996
2024-08-16 10:12:55,65200.0,100,Sell,232074958
2024-08-16 10:13:23,65300.0,100,Buy,232075860
2024-08-16 10:13:24,65300.0,100,Buy,232075876
2024-08-16 10:13:32,65300.0,100,Buy,232076105
2024-08-16 10:13:35,65300.0,100,Buy,232076260
2024-08-16 10:13:38,65300.0,1600,Buy,232076378
2024-08-16 10:13:46,65400.0,300,Buy,232076695
2024-08-16 10:13:48,65400.0,300,Buy,232076753
2024-08-16 10:13:57,65400.0,2100,Buy,232077495
2024-08-16 10:13:58,65400.0,4000,Buy,232077514
2024-08-16 10:14:03,65300.0,1000,Sell,232077618
2024-08-16 10:14:19,65300.0,1000,Sell,232078170
2024-08-16 10:14:34,65400.0,100,Buy,232078818
2024-08-16 10:14:45,65400.0,100,Buy,232079300
2024-08-16 10:14:50,65400.0,1000,Buy,232079592
2024-08-16 10:14:57,65500.0,4000,Buy,232079920
2024-08-16 10:15:21,65500.0,1000,Buy,232081208
2024-08-16 10:15:22,65500.0,1900,Sell,232081237
2024-08-16 10:15:41,65600.0,400,Buy,232082326
2024-08-16 10:15:53,65600.0,100,Buy,232082866
2024-08-16 10:15:55,65600.0,700,Buy,232082902
2024-08-16 10:16:07,65600.0,900,Buy,232083593
2024-08-16 10:16:13,65600.0,100,Buy,232084003
2024-08-16 10:16:52,65700.0,100,Sell,232086040
2024-08-16 10:16:53,65800.0,3000,Buy,232086105
2024-08-16 10:17:04,65800.0,3000,Buy,232086704
2024-08-16 10:17:05,65800.0,1200,Buy,232086753
2024-08-16 10:17:08,65900.0,300,Buy,232086892
2024-08-16 10:17:18,65900.0,2000,Buy,232087527
2024-08-16 10:17:21,65900.0,1000,Buy,232087669
2024-08-16 10:17:23,65900.0,200,Buy,232087829
2024-08-16 10:17:26,65900.0,600,Buy,232088045
2024-08-16 10:17:27,65900.0,100,Sell,232088070
2024-08-16 10:17:29,65900.0,900,Sell,232088186
2024-08-16 10:17:44,66000.0,7700,Buy,232089049
2024-08-16 10:17:54,66200.0,1100,Buy,232089713
2024-08-16 10:17:58,66200.0,500,Buy,232089994
2024-08-16 10:18:01,66300.0,100,Buy,232090139
2024-08-16 10:18:10,66300.0,500,Sell,232090614
2024-08-16 10:18:16,66400.0,1500,Buy,232090978
2024-08-16 10:18:26,66400.0,600,Buy,232091700
2024-08-16 10:18:32,66400.0,1900,Buy,232092048
2024-08-16 10:18:34,66400.0,3000,Sell,232092261
2024-08-16 10:18:39,66400.0,500,Sell,232092665
2024-08-16 10:18:44,66400.0,200,Sell,232092995
2024-08-16 10:18:46,66400.0,1000,Sell,232093121
2024-08-16 10:18:48,66500.0,200,Buy,232093194
2024-08-16 10:18:49,66400.0,3200,Sell,232093236
2024-08-16 10:18:50,66400.0,2000,Sell,232093298
2024-08-16 10:18:53,66400.0,1500,Sell,232093443
2024-08-16 10:19:00,66400.0,500,Sell,232094092
2024-08-16 10:19:03,66400.0,300,Sell,232094287
2024-08-16 10:19:12,66400.0,200,Buy,232094896
2024-08-16 10:19:14,66400.0,200,Buy,232095045
2024-08-16 10:19:15,66300.0,100,Sell,232095182
2024-08-16 10:19:16,66300.0,2000,Sell,232095203
2024-08-16 10:19:17,66400.0,400,Buy,232095279
2024-08-16 10:19:19,66400.0,400,Buy,232095370
2024-08-16 10:19:23,66300.0,200,Sell,232095565
2024-08-16 10:19:40,66300.0,300,Sell,232096558
2024-08-16 10:19:41,66300.0,100,Sell,232096681
2024-08-16 10:19:47,66300.0,200,Sell,232097040
2024-08-16 10:19:52,66300.0,100,Sell,232097308
2024-08-16 10:19:54,66300.0,200,Sell,232097400
2024-08-16 10:19:58,66300.0,500,Sell,232097692
2024-08-16 10:19:59,66300.0,100,Sell,232097808
2024-08-16 10:20:06,66300.0,500,Sell,232098367
2024-08-16 10:20:08,66300.0,1000,Sell,232098504
2024-08-16 10:20:09,66300.0,100,Sell,232098581
2024-08-16 10:20:21,66300.0,100,Sell,232099574
2024-08-16 10:20:27,66400.0,1000,Buy,232099974
2024-08-16 10:20:29,66300.0,100,Sell,232100059
2024-08-16 10:20:30,66300.0,1000,Sell,232100122
2024-08-16 10:20:33,66300.0,100,Sell,232100290
2024-08-16 10:20:38,66300.0,300,Sell,232100611
2024-08-16 10:20:43,66300.0,2400,Sell,232100959
2024-08-16 10:20:45,66300.0,1000,Sell,232101125
2024-08-16 10:20:48,66400.0,100,Buy,232101286
2024-08-16 10:20:50,66300.0,1000,Sell,232101352
2024-08-16 10:20:51,66300.0,3200,Sell,232101428
2024-08-16 10:20:57,66300.0,200,Buy,232101842
2024-08-16 10:21:03,66300.0,1000,Buy,232102272
2024-08-16 10:21:20,66300.0,500,Buy,232103587
2024-08-16 10:21:22,66300.0,100,Buy,232103728
2024-08-16 10:21:58,66300.0,200,Buy,232106307
2024-08-16 10:22:06,66200.0,200,Sell,232106883
2024-08-16 10:22:12,66200.0,100,Sell,232107325
2024-08-16 10:22:13,66200.0,1100,Sell,232107377
2024-08-16 10:22:15,66300.0,1200,Buy,232107510
2024-08-16 10:22:16,66200.0,300,Sell,232107589
2024-08-16 10:22:24,66200.0,500,Sell,232108275
2024-08-16 10:22:26,66200.0,200,Sell,232108411
2024-08-16 10:22:30,66200.0,500,Sell,232108770
2024-08-16 10:22:37,66200.0,200,Sell,232109289
2024-08-16 10:22:38,66200.0,100,Sell,232109321
2024-08-16 10:22:42,66200.0,100,Sell,232109513
2024-08-16 10:22:51,66200.0,100,Sell,232110151
2024-08-16 10:22:54,66200.0,1000,Sell,232110305
2024-08-16 10:23:03,66200.0,100,Sell,232110958
2024-08-16 10:23:07,66300.0,300,Buy,232111224
2024-08-16 10:23:11,66200.0,2700,Sell,232111535
2024-08-16 10:23:13,66200.0,100,Sell,232111701
2024-08-16 10:23:45,66200.0,1000,Sell,232114273
2024-08-16 10:23:53,66200.0,100,Sell,232114852
2024-08-16 10:23:55,66200.0,100,Sell,232114972
2024-08-16 10:23:59,66300.0,5000,Buy,232115241
2024-08-16 10:24:17,66300.0,600,Buy,232116532
2024-08-16 10:24:23,66300.0,5200,Buy,232116911
2024-08-16 10:24:35,66300.0,2500,Sell,232117618
2024-08-16 10:24:50,66300.0,1000,Sell,232118567
2024-08-16 10:24:53,66400.0,200,Buy,232118795
2024-08-16 10:25:03,66300.0,1600,Sell,232119542
2024-08-16 10:25:16,66300.0,500,Sell,232120581
2024-08-16 10:25:45,66300.0,1000,Sell,232122894
2024-08-16 10:25:53,66300.0,500,Sell,232123384
2024-08-16 10:25:58,66300.0,500,Sell,232123831
2024-08-16 10:25:59,66300.0,1200,Sell,232123901
2024-08-16 10:26:01,66300.0,800,Buy,232124041
2024-08-16 10:26:11,66300.0,100,Sell,232125091
2024-08-16 10:26:20,66300.0,100,Sell,232125754
2024-08-16 10:26:22,66300.0,100,Buy,232125878
2024-08-16 10:26:35,66200.0,500,Sell,232126994
2024-08-16 10:26:39,66100.0,2500,Sell,232127347
2024-08-16 10:26:56,66100.0,2500,Sell,232128632
2024-08-16 10:27:13,66200.0,100,Sell,232129573
2024-08-16 10:27:23,66300.0,2100,Buy,232130249
2024-08-16 10:27:28,66000.0,2500,Sell,232130568
2024-08-16 10:28:32,66000.0,3600,Sell,232135106
2024-08-16 10:28:36,66000.0,3000,Sell,232135312
2024-08-16 10:29:05,66100.0,200,Sell,232136864
2024-08-16 10:29:09,66100.0,100,Buy,232137165
2024-08-16 10:29:19,66100.0,100,Buy,232137694
2024-08-16 10:29:21,66000.0,100,Sell,232137827
2024-08-16 10:29:29,66100.0,1800,Sell,232138202
2024-08-16 10:29:37,66000.0,1700,Sell,232138624
2024-08-16 10:29:44,66000.0,5000,Sell,232139099
2024-08-16 10:30:10,66000.0,300,Sell,232140452
2024-08-16 10:30:17,66000.0,200,Sell,232140777
2024-08-16 10:30:19,66000.0,1000,Sell,232140901
2024-08-16 10:30:32,66000.0,1000,Sell,232141560
2024-08-16 10:30:45,66000.0,500,Sell,232142434
2024-08-16 10:30:47,66000.0,2000,Sell,232142533
2024-08-16 10:30:52,66000.0,8700,Buy,232142736
2024-08-16 10:31:17,66000.0,200,Buy,232144173
2024-08-16 10:31:20,65900.0,3200,Sell,232144364
2024-08-16 10:31:25,65900.0,1100,Sell,232144754
2024-08-16 10:31:27,65900.0,500,Buy,232144882
2024-08-16 10:32:05,65900.0,100,Buy,232147245
2024-08-16 10:32:28,65900.0,1000,Buy,232148574
2024-08-16 10:32:40,65800.0,100,Sell,232149200
2024-08-16 10:32:49,65900.0,700,Buy,232149678
2024-08-16 10:33:07,65900.0,500,Buy,232150368
2024-08-16 10:33:12,65900.0,100,Buy,232150610
2024-08-16 10:33:23,65800.0,2300,Sell,232151212
2024-08-16 10:33:24,65800.0,400,Sell,232151268
2024-08-16 10:33:27,65800.0,200,Sell,232151357
2024-08-16 10:33:31,65800.0,1800,Sell,232151636
2024-08-16 10:33:36,65800.0,500,Sell,232151766
2024-08-16 10:33:37,65800.0,800,Sell,232151814
2024-08-16 10:33:40,65800.0,100,Sell,232151938
2024-08-16 10:33:47,65800.0,500,Sell,232152407
2024-08-16 10:33:49,65800.0,900,Sell,232152484
2024-08-16 10:33:54,65800.0,500,Sell,232152654
2024-08-16 10:34:00,65800.0,400,Sell,232152943
2024-08-16 10:34:13,65900.0,600,Buy,232153557
2024-08-16 10:34:14,65800.0,300,Sell,232153634
2024-08-16 10:34:23,65800.0,400,Sell,232154014
2024-08-16 10:34:25,65800.0,500,Sell,232154045
2024-08-16 10:34:30,65800.0,1000,Sell,232154243
2024-08-16 10:34:40,65800.0,1000,Sell,232154759
2024-08-16 10:34:43,65800.0,100,Sell,232154868
2024-08-16 10:34:45,65800.0,2400,Buy,232155028
2024-08-16 10:35:07,65700.0,100,Sell,232156121
2024-08-16 10:35:23,65700.0,100,Sell,232156763
2024-08-16 10:35:24,65700.0,2000,Sell,232156850
2024-08-16 10:35:33,65700.0,1500,Sell,232157144
2024-08-16 10:35:34,65700.0,500,Sell,232157161
2024-08-16 10:35:37,65700.0,1000,Sell,232157272
2024-08-16 10:35:44,65700.0,1000,Sell,232157534
2024-08-16 10:35:47,65700.0,800,Sell,232157639
2024-08-16 10:35:55,65700.0,1300,Sell,232157952
2024-08-16 10:36:06,65600.0,4000,Sell,232158363
2024-08-16 10:36:14,65600.0,100,Sell,232158568
2024-08-16 10:36:26,65600.0,1200,Sell,232158987
2024-08-16 10:36:36,65600.0,500,Buy,232159396
2024-08-16 10:36:52,65500.0,100,Sell,232159919
2024-08-16 10:37:10,65500.0,100,Sell,232160623
2024-08-16 10:37:23,65500.0,1000,Sell,232161041
2024-08-16 10:37:26,65500.0,100,Sell,232161117
2024-08-16 10:38:09,65600.0,3900,Sell,232162590
2024-08-16 10:38:22,65600.0,1100,Sell,232163048
2024-08-16 10:38:32,65700.0,3000,Buy,232163349
2024-08-16 10:39:18,65700.0,1200,Buy,232164706
2024-08-16 10:40:18,65700.0,100,Sell,232166457
2024-08-16 10:40:26,65700.0,500,Sell,232166636
2024-08-16 10:41:18,65800.0,500,Buy,232168432
2024-08-16 10:41:32,65700.0,200,Sell,232168823
2024-08-16 10:41:42,65700.0,100,Buy,232169128
2024-08-16 10:41:57,65700.0,100,Buy,232169504
2024-08-16 10:41:58,65700.0,300,Buy,232169540
2024-08-16 10:42:59,65700.0,100,Sell,232171147
2024-08-16 10:43:06,65700.0,100,Sell,232171357
2024-08-16 10:43:19,65700.0,700,Buy,232171641
2024-08-16 10:43:26,65700.0,100,Buy,232171791
2024-08-16 10:43:34,65700.0,400,Buy,232171976
2024-08-16 10:43:50,65700.0,1000,Sell,232172292
2024-08-16 10:43:56,65700.0,500,Sell,232172408
2024-08-16 10:44:19,65700.0,1600,Buy,232173031
2024-08-16 10:44:46,65700.0,1000,Buy,232173608
2024-08-16 10:45:45,65700.0,100,Buy,232174959
2024-08-16 10:46:51,65700.0,100,Buy,232176650
2024-08-16 10:47:06,65700.0,100,Buy,232176945
2024-08-16 10:47:16,65700.0,100,Buy,232177190
2024-08-16 10:47:24,65700.0,100,Buy,232177313
2024-08-16 10:47:37,65600.0,3000,Sell,232177643
2024-08-16 10:48:04,65600.0,1600,Sell,232178183
2024-08-16 10:48:43,65600.0,500,Sell,232179057
2024-08-16 10:48:47,65600.0,200,Sell,232179295
2024-08-16 10:49:07,65600.0,100,Sell,232179704
2024-08-16 10:49:16,65600.0,2000,Sell,232179870
2024-08-16 10:49:52,65600.0,100,Sell,232181224
2024-08-16 10:49:54,65700.0,500,Buy,232181312
2024-08-16 10:50:05,65700.0,1000,Buy,232181939
2024-08-16 10:50:12,65700.0,500,Buy,232182162
2024-08-16 10:51:14,65700.0,3100,Buy,232184272
2024-08-16 10:52:14,65700.0,6600,Buy,232187298
2024-08-16 10:52:22,65700.0,500,Sell,232187685
2024-08-16 10:53:11,65700.0,500,Sell,232190019
2024-08-16 10:53:21,65800.0,1000,Buy,232190658
2024-08-16 10:53:34,65800.0,500,Buy,232191194
2024-08-16 10:53:42,65800.0,100,Buy,232191541
2024-08-16 10:53:48,65800.0,1000,Buy,232191752
2024-08-16 10:54:14,65800.0,200,Buy,232193074
2024-08-16 10:54:19,65800.0,3000,Buy,232193383
2024-08-16 10:54:21,65800.0,100,Buy,232193530
2024-08-16 10:54:22,65800.0,500,Buy,232193577
2024-08-16 10:54:30,65800.0,1000,Buy,232194087
2024-08-16 10:55:22,65900.0,500,Buy,232196945
2024-08-16 10:55:24,65900.0,900,Buy,232197032
2024-08-16 10:55:38,65900.0,1000,Buy,232197915
2024-08-16 10:55:40,65900.0,100,Buy,232197988
2024-08-16 10:55:43,65900.0,300,Buy,232198177
2024-08-16 10:55:44,65900.0,4400,Buy,232198195
2024-08-16 10:55:50,66000.0,2000,Buy,232198459
2024-08-16 10:55:54,66000.0,2800,Buy,232198743
2024-08-16 10:56:09,66100.0,200,Buy,232199529
2024-08-16 10:56:16,66100.0,100,Sell,232200152
2024-08-16 10:56:19,66200.0,500,Buy,232200334
2024-08-16 10:56:25,66200.0,100,Buy,232200754
2024-08-16 10:56:32,66200.0,2000,Buy,232201138
2024-08-16 10:56:40,66200.0,200,Buy,232201561
2024-08-16 10:56:41,66300.0,1000,Buy,232201616
2024-08-16 10:56:46,66300.0,1100,Buy,232201981
2024-08-16 10:56:48,66300.0,100,Buy,232202103
2024-08-16 10:56:53,66300.0,1200,Buy,232202334
2024-08-16 10:56:54,66400.0,1000,Buy,232202406
2024-08-16 10:57:04,66400.0,3000,Buy,232203113
2024-08-16 10:57:27,66500.0,2000,Buy,232204594
2024-08-16 10:57:38,66500.0,5000,Buy,232205130
2024-08-16 10:57:40,66500.0,300,Buy,232205267
2024-08-16 10:57:54,66500.0,6500,Buy,232206010
2024-08-16 10:57:59,66500.0,400,Buy,232206283
2024-08-16 10:58:02,66500.0,100,Buy,232206452
2024-08-16 10:58:03,66500.0,1000,Buy,232206507
2024-08-16 10:58:08,66500.0,2000,Buy,232206827
2024-08-16 10:58:09,66500.0,800,ATO/ATC,232206864
2024-08-16 10:58:44,66500.0,100,Sell,232208674
2024-08-16 10:58:45,66600.0,500,Buy,232208724
2024-08-16 10:59:02,66600.0,200,Buy,232209639
2024-08-16 10:59:03,66600.0,1000,Buy,232209659
2024-08-16 10:59:09,66600.0,400,Buy,232209909
2024-08-16 10:59:10,66600.0,200,Buy,232209941
2024-08-16 10:59:23,66700.0,200,Buy,232210761
2024-08-16 10:59:43,66700.0,1000,Buy,232211754
2024-08-16 10:59:46,66700.0,1000,Buy,232211906
2024-08-16 10:59:47,66700.0,200,Buy,232211942
2024-08-16 10:59:52,66700.0,200,Buy,232212248
2024-08-16 10:59:55,66700.0,600,Buy,232212379
2024-08-16 10:59:57,66800.0,800,Sell,232212483
2024-08-16 11:00:08,66900.0,1000,Buy,232213114
2024-08-16 11:00:20,66800.0,100,Sell,232214076
2024-08-16 11:00:21,66900.0,1000,Buy,232214106
2024-08-16 11:00:30,66900.0,300,Buy,232214575
2024-08-16 11:00:36,66800.0,100,Sell,232214988
2024-08-16 11:00:38,66900.0,200,Buy,232215080
2024-08-16 11:00:44,66900.0,400,Buy,232215461
2024-08-16 11:00:46,67000.0,2000,Buy,232215586
2024-08-16 11:00:48,67000.0,10000,Buy,232215688
2024-08-16 11:00:55,67000.0,12800,Sell,232215952
2024-08-16 11:01:04,67000.0,800,Buy,232216373
2024-08-16 11:01:10,67000.0,200,ATO/ATC,232216790
2024-08-16 11:01:19,67100.0,400,Buy,232217157
2024-08-16 11:01:37,67100.0,1100,Buy,232218069
2024-08-16 11:01:53,67100.0,800,Sell,232218729
2024-08-16 11:01:57,67200.0,1000,Buy,232218937
2024-08-16 11:02:04,67200.0,500,Buy,232219237
2024-08-16 11:02:05,67100.0,100,Sell,232219261
2024-08-16 11:02:06,67200.0,3000,Buy,232219305
2024-08-16 11:02:13,67200.0,100,Sell,232219583
2024-08-16 11:02:20,67300.0,1400,Buy,232220285
2024-08-16 11:02:26,67300.0,100,Sell,232220526
2024-08-16 11:02:30,67400.0,700,Buy,232220729
2024-08-16 11:02:32,67400.0,500,Buy,232220874
2024-08-16 11:02:36,67400.0,500,Sell,232221054
2024-08-16 11:02:39,67400.0,200,Buy,232221152
2024-08-16 11:02:46,67400.0,300,Buy,232221572
2024-08-16 11:02:48,67400.0,400,Sell,232221662
2024-08-16 11:02:51,67400.0,300,Sell,232221849
2024-08-16 11:02:52,67400.0,100,Sell,232221921
2024-08-16 11:02:56,67400.0,1400,Sell,232222101
2024-08-16 11:02:57,67400.0,1300,Buy,232222149
2024-08-16 11:03:06,67400.0,1800,Buy,232222562
2024-08-16 11:03:07,67400.0,100,Sell,232222600
2024-08-16 11:03:13,67500.0,1600,Buy,232222907
2024-08-16 11:03:16,67400.0,500,Sell,232223047
2024-08-16 11:03:19,67500.0,14500,Buy,232223167
2024-08-16 11:03:35,67500.0,1100,Sell,232224012
2024-08-16 11:03:38,67600.0,1000,Buy,232224129
2024-08-16 11:03:39,67700.0,1300,Buy,232224171
2024-08-16 11:03:49,67800.0,700,Buy,232224515
2024-08-16 11:03:51,67800.0,3100,Buy,232224574
2024-08-16 11:04:04,67800.0,2000,Sell,232225080
2024-08-16 11:04:06,67900.0,300,Buy,232225161
2024-08-16 11:04:11,67900.0,500,Buy,232225396
2024-08-16 11:04:13,67900.0,1000,Buy,232225499
2024-08-16 11:04:14,67900.0,500,Buy,232225527
2024-08-16 11:04:16,67900.0,100,Buy,232225599
2024-08-16 11:04:17,67900.0,100,Buy,232225632
2024-08-16 11:04:18,67900.0,1000,Buy,232225658
2024-08-16 11:04:22,67800.0,1600,Sell,232225786
2024-08-16 11:04:23,67900.0,1000,Buy,232225800
2024-08-16 11:04:26,67900.0,200,Sell,232225944
2024-08-16 11:04:30,67900.0,200,Sell,232226082
2024-08-16 11:04:35,68000.0,200,Buy,232226260
2024-08-16 11:04:41,68000.0,500,Buy,232226520
2024-08-16 11:04:48,67900.0,400,Sell,232226822
2024-08-16 11:04:56,67800.0,100,ATO/ATC,232227102
2024-08-16 11:05:01,67900.0,100,Buy,232227294
2024-08-16 11:05:08,67900.0,300,Buy,232227522
2024-08-16 11:05:16,67900.0,100,Buy,232227831
2024-08-16 11:05:19,67900.0,1000,Buy,232227979
2024-08-16 11:05:22,67800.0,100,ATO/ATC,232228088
2024-08-16 11:05:32,67800.0,200,Buy,232228420
2024-08-16 11:05:40,67800.0,400,Buy,232228686
2024-08-16 11:05:49,67700.0,3800,Buy,232229022
2024-08-16 11:05:54,67700.0,500,Buy,232229207
2024-08-16 11:06:01,67700.0,300,Buy,232229438
2024-08-16 11:06:06,67500.0,5000,Sell,232229602
2024-08-16 11:06:15,67500.0,300,Sell,232229861
2024-08-16 11:06:17,67500.0,1000,Sell,232230094
2024-08-16 11:06:19,67500.0,600,Sell,232230139
2024-08-16 11:06:25,67500.0,100,Sell,232230402
2024-08-16 11:06:26,67500.0,200,Buy,232230432
2024-08-16 11:06:37,67500.0,1000,Buy,232230768
2024-08-16 11:06:42,67400.0,100,Sell,232230998
2024-08-16 11:06:43,67700.0,1300,Buy,232231028
2024-08-16 11:06:46,67000.0,1000,Sell,232231112
2024-08-16 11:06:58,67000.0,100,Sell,232231580
2024-08-16 11:06:59,67500.0,200,Buy,232231622
2024-08-16 11:07:26,67500.0,300,Buy,232232669
2024-08-16 11:07:40,67400.0,100,Sell,232233120
2024-08-16 11:09:06,67100.0,1000,Sell,232236049
2024-08-16 11:09:15,67100.0,300,Sell,232236331
2024-08-16 11:09:16,67100.0,100,Sell,232236356
2024-08-16 11:09:20,67100.0,400,Sell,232236536
2024-08-16 11:09:25,67100.0,100,Sell,232236683
2024-08-16 11:09:27,67200.0,200,Buy,232236732
2024-08-16 11:09:28,67100.0,600,Sell,232236764
2024-08-16 11:09:46,67100.0,100,Sell,232237246
2024-08-16 11:10:08,67100.0,100,Sell,232237890
2024-08-16 11:10:12,67100.0,100,Sell,232237997
2024-08-16 11:10:13,67100.0,200,Sell,232238035
2024-08-16 11:10:24,67000.0,100,Sell,232238410
2024-08-16 11:10:32,67100.0,500,Buy,232238702
2024-08-16 11:11:01,67000.0,3000,Sell,232239767
2024-08-16 11:11:02,67000.0,100,Sell,232239807
2024-08-16 11:11:13,67000.0,1000,Sell,232240123
2024-08-16 11:11:23,67000.0,2000,Sell,232240387
2024-08-16 11:11:28,67000.0,7700,Sell,232240494
2024-08-16 11:11:34,67000.0,500,Buy,232240623
2024-08-16 11:11:45,67000.0,100,Buy,232240986
2024-08-16 11:12:02,66900.0,1500,Sell,232241477
2024-08-16 11:12:14,66800.0,500,Sell,232241802
2024-08-16 11:12:18,66900.0,100,Buy,232241907
2024-08-16 11:12:37,66900.0,900,Buy,232242534
2024-08-16 11:12:45,66800.0,4000,Sell,232242776
2024-08-16 11:13:01,66800.0,1000,Sell,232243261
2024-08-16 11:13:13,67000.0,2900,Buy,232243579
2024-08-16 11:13:23,67000.0,5500,Sell,232243829
2024-08-16 11:13:36,67000.0,100,Sell,232244263
2024-08-16 11:13:39,67100.0,1000,Buy,232244362
2024-08-16 11:13:46,67000.0,100,Sell,232244564
2024-08-16 11:13:48,67000.0,1000,Sell,232244633
2024-08-16 11:13:53,67000.0,100,Sell,232244740
2024-08-16 11:14:05,67000.0,500,Sell,232245154
2024-08-16 11:14:11,67000.0,200,Sell,232245419
2024-08-16 11:14:15,67100.0,1800,Buy,232245543
2024-08-16 11:14:40,67100.0,100,Sell,232246249
2024-08-16 11:14:57,67200.0,100,Buy,232246811
2024-08-16 11:15:08,67200.0,200,Buy,232247105
2024-08-16 11:15:09,67200.0,100,Buy,232247138
2024-08-16 11:15:17,67200.0,3000,Buy,232247328
2024-08-16 11:15:18,67200.0,100,Buy,232247347
2024-08-16 11:15:20,67200.0,500,Buy,232247399
2024-08-16 11:15:21,67200.0,600,Buy,232247429
2024-08-16 11:15:27,67200.0,200,Buy,232247554
2024-08-16 11:15:29,67200.0,2400,Buy,232247583
2024-08-16 11:15:46,67300.0,100,Buy,232248058
2024-08-16 11:15:56,67300.0,500,Buy,232248411
2024-08-16 11:16:20,67300.0,2000,Buy,232249146
2024-08-16 11:16:27,67300.0,100,Buy,232249365
2024-08-16 11:16:39,67300.0,1300,Buy,232249761
2024-08-16 11:16:55,67300.0,300,Buy,232250360
2024-08-16 11:17:06,67300.0,1300,Buy,232250809
2024-08-16 11:17:38,67300.0,3900,Sell,232251772
2024-08-16 11:17:46,67300.0,400,Buy,232252016
2024-08-16 11:17:56,67300.0,100,Sell,232252238
2024-08-16 11:18:03,67300.0,1600,Sell,232252414
2024-08-16 11:18:14,67300.0,1000,Sell,232252688
2024-08-16 11:18:21,67300.0,100,Buy,232252860
2024-08-16 11:18:24,67300.0,900,Buy,232252936
2024-08-16 11:18:34,67300.0,1000,Sell,232253209
2024-08-16 11:18:41,67300.0,100,Sell,232253339
2024-08-16 11:19:03,67300.0,500,Sell,232253981
2024-08-16 11:19:17,67300.0,400,Sell,232254312
2024-08-16 11:19:19,67300.0,2000,Sell,232254372
2024-08-16 11:19:22,67300.0,200,Sell,232254452
2024-08-16 11:19:39,67300.0,500,Sell,232254901
2024-08-16 11:19:43,67300.0,900,Sell,232254971
2024-08-16 11:19:52,67300.0,100,ATO/ATC,232255166
2024-08-16 11:20:07,67300.0,200,Buy,232255496
2024-08-16 11:20:09,67300.0,100,Sell,232255536
2024-08-16 11:20:22,67300.0,200,Sell,232255818
2024-08-16 11:20:27,67300.0,100,Sell,232255941
2024-08-16 11:20:34,67300.0,300,Sell,232256092
2024-08-16 11:20:43,67300.0,300,Sell,232256385
2024-08-16 11:21:11,67300.0,100,Buy,232257001
2024-08-16 11:21:38,67300.0,200,Buy,232257563
2024-08-16 11:21:59,67300.0,100,Buy,232258101
2024-08-16 11:22:01,67300.0,900,Buy,232258160
2024-08-16 11:22:07,67300.0,100,Buy,232258284
2024-08-16 11:22:16,67200.0,100,Sell,232258443
2024-08-16 11:22:18,67300.0,100,Buy,232258496
2024-08-16 11:22:39,67300.0,700,Buy,232258976
2024-08-16 11:22:50,67300.0,500,Buy,232259224
2024-08-16 11:23:58,67300.0,300,Buy,232260976
2024-08-16 11:24:19,67300.0,200,Buy,232261356
2024-08-16 11:24:54,67200.0,200,Sell,232262116
2024-08-16 11:25:06,67300.0,500,Buy,232262450
2024-08-16 11:25:07,67200.0,1000,Sell,232262468
2024-08-16 11:25:39,67200.0,1000,Sell,232263236
2024-08-16 11:25:53,67200.0,2000,Sell,232263537
2024-08-16 11:26:06,67200.0,100,Sell,232263757
2024-08-16 11:26:12,67200.0,100,Sell,232263877
2024-08-16 11:26:23,67200.0,1000,Sell,232264140
2024-08-16 11:26:36,67200.0,100,Sell,232264410
2024-08-16 11:26:37,67200.0,1000,Sell,232264424
2024-08-16 11:26:43,67200.0,1000,Sell,232264530
2024-08-16 11:26:47,67200.0,600,Sell,232264586
2024-08-16 11:26:52,67200.0,100,Sell,232264692
2024-08-16 11:26:53,67200.0,1000,Sell,232264704
2024-08-16 11:26:56,67200.0,3100,Sell,232264760
2024-08-16 11:26:59,67200.0,100,Sell,232264848
2024-08-16 11:27:00,67200.0,200,Sell,232264858
2024-08-16 11:27:01,67200.0,300,Sell,232264881
2024-08-16 11:27:22,67300.0,1000,Buy,232265341
2024-08-16 11:27:24,67200.0,3000,Sell,232265371
2024-08-16 11:27:34,67200.0,100,Sell,232265665
2024-08-16 11:27:38,67200.0,5000,Sell,232265825
2024-08-16 11:27:42,67200.0,1700,Sell,232265922
2024-08-16 11:27:48,67200.0,1000,Sell,232266048
2024-08-16 11:27:50,67200.0,2700,Sell,232266076
2024-08-16 11:27:58,67200.0,200,Sell,232266244
2024-08-16 11:28:01,67200.0,2400,Sell,232266353
2024-08-16 11:28:05,67100.0,200,Sell,232266420
2024-08-16 11:28:17,67100.0,2500,Sell,232266687
2024-08-16 11:28:29,67100.0,800,Sell,232266967
2024-08-16 11:28:34,67100.0,1100,Sell,232267068
2024-08-16 11:28:35,67100.0,200,Sell,232267090
2024-08-16 11:28:44,67100.0,100,Sell,232267274
2024-08-16 11:28:46,67100.0,900,Sell,232267311
2024-08-16 11:29:38,67100.0,5000,Sell,232268167
2024-08-16 11:29:49,67100.0,100,Sell,232268436
2024-08-16 12:59:59,67000.0,1000,Sell,232270499
2024-08-16 13:00:02,67200.0,9800,Buy,232271528
2024-08-16 13:00:05,67100.0,900,Buy,232272103
2024-08-16 13:00:07,67200.0,200,Sell,232272544
2024-08-16 13:00:08,67000.0,3000,Sell,232272775
2024-08-16 13:00:11,67100.0,1800,Buy,232273155
2024-08-16 13:00:15,67100.0,300,Sell,232273714
2024-08-16 13:00:17,67000.0,1000,Sell,232274017
2024-08-16 13:00:19,67100.0,300,Buy,232274264
2024-08-16 13:00:34,67100.0,200,Sell,232275628
2024-08-16 13:00:43,67100.0,200,Sell,232276254
2024-08-16 13:00:45,67100.0,100,Sell,232276318
2024-08-16 13:00:56,67000.0,100,Sell,232276967
2024-08-16 13:01:07,67000.0,500,Sell,232277421
2024-08-16 13:02:01,67200.0,200,Buy,232279841
2024-08-16 13:02:02,67100.0,200,Sell,232279876
2024-08-16 13:02:20,67200.0,200,Sell,232280714
2024-08-16 13:02:57,67200.0,100,Buy,232282149
2024-08-16 13:02:59,67200.0,100,Sell,232282204
2024-08-16 13:03:07,67200.0,100,Sell,232282773
2024-08-16 13:03:12,67200.0,100,Sell,232283067
2024-08-16 13:03:27,67200.0,100,Sell,232283726
2024-08-16 13:03:48,67300.0,5000,Buy,232284599
2024-08-16 13:04:09,67300.0,500,Buy,232285530
2024-08-16 13:04:12,67300.0,500,Buy,232285587
2024-08-16 13:04:23,67300.0,1700,Sell,232286215
2024-08-16 13:04:34,67300.0,100,Sell,232286828
2024-08-16 13:04:42,67300.0,100,Sell,232287364
2024-08-16 13:04:44,67400.0,300,Buy,232287423
2024-08-16 13:04:48,67300.0,100,Sell,232287774
2024-08-16 13:04:59,67400.0,400,Buy,232288230
2024-08-16 13:05:19,67300.0,100,Sell,232289175
2024-08-16 13:05:21,67300.0,500,Buy,232289227
2024-08-16 13:05:37,67200.0,2000,Sell,232289985
2024-08-16 13:05:49,67300.0,300,Buy,232290560
2024-08-16 13:05:54,67200.0,100,Sell,232290832
2024-08-16 13:06:18,67200.0,1000,Sell,232291927
2024-08-16 13:06:35,67200.0,5500,Sell,232292707
2024-08-16 13:06:41,67300.0,600,Buy,232293165
2024-08-16 13:06:48,67300.0,500,Buy,232293568
2024-08-16 13:07:03,67300.0,1500,Buy,232294461
2024-08-16 13:07:04,67300.0,500,Buy,232294481
2024-08-16 13:07:07,67200.0,6600,Sell,232294652
2024-08-16 13:07:08,67200.0,400,Sell,232294681
2024-08-16 13:07:11,67300.0,200,Buy,232294803
2024-08-16 13:07:23,67300.0,100,Sell,232295444
2024-08-16 13:07:27,67400.0,1000,Buy,232295577
2024-08-16 13:07:36,67400.0,1500,Buy,232295958
2024-08-16 13:07:39,67400.0,100,Buy,232296069
2024-08-16 13:07:42,67300.0,500,Sell,232296204
2024-08-16 13:08:23,67400.0,300,Buy,232298818
2024-08-16 13:08:29,67300.0,300,Sell,232299282
2024-08-16 13:08:30,67300.0,500,Sell,232299327
2024-08-16 13:08:43,67300.0,100,Sell,232300200
2024-08-16 13:08:49,67200.0,2500,Buy,232300666
2024-08-16 13:09:01,67200.0,300,Buy,232301348
2024-08-16 13:09:03,67100.0,3500,Buy,232301450
2024-08-16 13:09:05,67100.0,200,Buy,232301555
2024-08-16 13:09:15,67000.0,400,Sell,232302054
2024-08-16 13:09:27,67000.0,200,Sell,232302968
2024-08-16 13:09:29,67000.0,500,Sell,232303121
2024-08-16 13:09:40,67000.0,500,Sell,232303609
2024-08-16 13:09:42,67000.0,100,Sell,232303928
2024-08-16 13:09:46,67100.0,1000,Buy,232304169
2024-08-16 13:09:51,67000.0,19400,Sell,232304410
2024-08-16 13:09:53,67100.0,100,Buy,232304558
2024-08-16 13:10:02,67100.0,100,Sell,232305162
2024-08-16 13:10:10,67100.0,600,Sell,232305575
2024-08-16 13:10:25,67100.0,500,Sell,232306705
2024-08-16 13:10:29,67100.0,200,Sell,232306978
2024-08-16 13:10:50,67100.0,100,Sell,232308192
2024-08-16 13:10:51,67200.0,5300,Buy,232308246
2024-08-16 13:11:04,67300.0,5000,Buy,232309051
2024-08-16 13:11:27,67300.0,1000,Buy,232310586
2024-08-16 13:11:30,67300.0,300,Buy,232310747
2024-08-16 13:11:33,67300.0,200,Sell,232310907
2024-08-16 13:11:56,67300.0,100,Buy,232312303
2024-08-16 13:12:02,67300.0,100,Buy,232312696
2024-08-16 13:12:09,67300.0,200,Buy,232313066
2024-08-16 13:12:16,67300.0,100,ATO/ATC,232313514
2024-08-16 13:12:55,67400.0,500,Buy,232315897
2024-08-16 13:13:03,67300.0,100,Sell,232316253
2024-08-16 13:13:06,67400.0,500,Buy,232316390
2024-08-16 13:13:25,67300.0,1000,Sell,232317580
2024-08-16 13:13:32,67300.0,1000,Sell,232317981
2024-08-16 13:13:52,67300.0,800,Sell,232318928
2024-08-16 13:13:58,67300.0,500,Sell,232319202
2024-08-16 13:13:59,67300.0,400,ATO/ATC,232319331
2024-08-16 13:13:59,67300.0,400,Buy,232319246
2024-08-16 13:14:07,67200.0,100,Sell,232319847
2024-08-16 13:14:11,67200.0,200,Sell,232320071
2024-08-16 13:14:20,67300.0,100,Buy,232320613
2024-08-16 13:14:30,67300.0,200,Buy,232321136
2024-08-16 13:14:40,67300.0,100,Sell,232321822
2024-08-16 13:14:54,67300.0,100,Sell,232322379
2024-08-16 13:14:59,67300.0,100,Sell,232322653
2024-08-16 13:15:04,67300.0,500,Sell,232322982
2024-08-16 13:15:15,67400.0,100,Buy,232323508
2024-08-16 13:15:43,67300.0,500,Sell,232324757
2024-08-16 13:16:03,67300.0,1000,Sell,232325793
2024-08-16 13:16:45,67300.0,500,Sell,232327766
2024-08-16 13:16:55,67300.0,500,Sell,232328327
2024-08-16 13:17:24,67300.0,100,Buy,232329829
2024-08-16 13:17:35,67300.0,100,Buy,232330313
2024-08-16 13:17:43,67300.0,200,Buy,232330621
2024-08-16 13:17:59,67300.0,100,Sell,232331371
2024-08-16 13:18:16,67300.0,300,Sell,232332087
2024-08-16 13:18:17,67300.0,200,Buy,232332148
2024-08-16 13:18:20,67300.0,200,Sell,232332387
2024-08-16 13:18:24,67200.0,1600,Sell,232332525
2024-08-16 13:18:31,67200.0,100,Sell,232332974
2024-08-16 13:18:46,67300.0,500,Buy,232333792
2024-08-16 13:18:48,67200.0,1000,Sell,232333869
2024-08-16 13:18:54,67300.0,1100,Buy,232334198
2024-08-16 13:18:59,67200.0,6000,Sell,232334423
2024-08-16 13:19:14,67200.0,100,Sell,232335309
2024-08-16 13:19:22,67200.0,1800,ATO/ATC,232335720
2024-08-16 13:19:40,67200.0,200,Sell,232336504
2024-08-16 13:20:11,67200.0,100,Buy,232338102
2024-08-16 13:20:20,67200.0,2000,Buy,232338542
2024-08-16 13:20:50,67200.0,100,Buy,232339826
2024-08-16 13:20:59,67200.0,100,Buy,232340455
2024-08-16 13:21:00,67100.0,3600,Sell,232340483
2024-08-16 13:21:09,67100.0,100,Sell,232340931
2024-08-16 13:21:50,67100.0,100,Sell,232342980
2024-08-16 13:22:04,67100.0,400,Sell,232343506
2024-08-16 13:22:33,67100.0,100,Sell,232344847
2024-08-16 13:22:47,67100.0,2900,Sell,232345539
2024-08-16 13:22:55,67100.0,100,Sell,232345881
2024-08-16 13:23:01,67100.0,700,Sell,232346215
2024-08-16 13:23:07,67100.0,300,Sell,232346529
2024-08-16 13:23:14,67100.0,100,Sell,232346904
2024-08-16 13:23:23,67100.0,400,Sell,232347326
2024-08-16 13:23:37,67100.0,500,Sell,232347978
2024-08-16 13:23:49,67100.0,2000,Sell,232348633
2024-08-16 13:23:51,67100.0,100,Sell,232348700
2024-08-16 13:23:58,67200.0,100,Buy,232349026
2024-08-16 13:24:27,67100.0,4600,Buy,232350556
2024-08-16 13:24:39,67100.0,100,Buy,232351037
2024-08-16 13:25:19,67000.0,400,Sell,232352494
2024-08-16 13:25:31,67100.0,100,Buy,232353012
2024-08-16 13:25:32,67000.0,2000,Sell,232353046
2024-08-16 13:26:03,67000.0,700,Sell,232354278
2024-08-16 13:26:04,67100.0,1000,Buy,232354322
2024-08-16 13:26:12,67000.0,100,Sell,232354664
2024-08-16 13:26:18,67100.0,200,Buy,232354911
2024-08-16 13:26:45,67000.0,1000,Sell,232355960
2024-08-16 13:27:09,67000.0,500,Sell,232356844
2024-08-16 13:27:13,67100.0,200,Buy,232357008
2024-08-16 13:27:14,67000.0,3000,Sell,232357055
2024-08-16 13:27:18,67000.0,500,Sell,232357211
2024-08-16 13:27:19,67000.0,100,Sell,232357279
2024-08-16 13:27:22,67000.0,5000,Sell,232357488
2024-08-16 13:27:38,67000.0,4000,Sell,232358149
2024-08-16 13:27:39,67000.0,5000,Sell,232358196
2024-08-16 13:27:41,67000.0,5600,Sell,232358269
2024-08-16 13:27:42,66900.0,3500,Sell,232358309
2024-08-16 13:27:45,67000.0,100,Buy,232358435
2024-08-16 13:27:50,67000.0,700,Buy,232358675
2024-08-16 13:27:54,67100.0,800,Buy,232358850
2024-08-16 13:28:10,67000.0,400,Buy,232359495
2024-08-16 13:28:23,67000.0,100,Buy,232360016
2024-08-16 13:28:37,67000.0,700,Buy,232360459
2024-08-16 13:29:00,67000.0,500,Sell,232361632
2024-08-16 13:29:03,67000.0,1000,Sell,232361783
2024-08-16 13:29:18,67000.0,100,Sell,232362462
2024-08-16 13:29:24,67000.0,1000,Sell,232362727
2024-08-16 13:29:30,67000.0,1000,Sell,232362980
2024-08-16 13:29:34,67000.0,100,Sell,232363195
2024-08-16 13:29:38,67000.0,100,Sell,232363300
2024-08-16 13:29:48,67000.0,500,Sell,232363637
2024-08-16 13:29:55,67000.0,300,Sell,232363902
2024-08-16 13:29:59,67000.0,500,Sell,232364065
2024-08-16 13:30:00,67000.0,500,Sell,232364120
2024-08-16 13:30:09,67000.0,1100,Sell,232364590
2024-08-16 13:30:32,67000.0,2000,Sell,232365930
2024-08-16 13:30:34,67100.0,100,Buy,232366118
2024-08-16 13:30:36,67000.0,100,Sell,232366239
2024-08-16 13:30:38,67000.0,200,Sell,232366330
2024-08-16 13:30:42,67000.0,200,Buy,232366492
2024-08-16 13:31:20,67000.0,200,Sell,232368276
2024-08-16 13:31:31,67000.0,10000,Sell,232368669
2024-08-16 13:31:37,67000.0,100,Buy,232368890
2024-08-16 13:31:40,67000.0,6200,Sell,232369004
2024-08-16 13:31:43,67000.0,100,Sell,232369144
2024-08-16 13:31:52,67000.0,400,Sell,232369621
2024-08-16 13:31:55,67000.0,1400,Sell,232369756
2024-08-16 13:31:56,67000.0,200,Sell,232369853
2024-08-16 13:31:57,67000.0,3000,Sell,232369870
2024-08-16 13:31:59,67000.0,1000,Sell,232369973
2024-08-16 13:32:01,67000.0,500,Sell,232370072
2024-08-16 13:32:03,67000.0,100,Sell,232370148
2024-08-16 13:32:23,67000.0,2000,Sell,232371094
2024-08-16 13:32:27,67000.0,200,Sell,232371342
2024-08-16 13:32:38,67000.0,1300,Sell,232371988
2024-08-16 13:32:56,67000.0,1100,Sell,232372839
2024-08-16 13:33:00,67000.0,100,Sell,232373050
2024-08-16 13:33:01,67000.0,200,Sell,232373122
2024-08-16 13:33:13,67000.0,7000,Sell,232373667
2024-08-16 13:33:15,67000.0,200,Buy,232373781
2024-08-16 13:33:18,67000.0,800,Buy,232373991
2024-08-16 13:33:19,67100.0,200,Buy,232374047
2024-08-16 13:33:24,67000.0,1000,Sell,232374292
2024-08-16 13:33:29,67000.0,400,Sell,232374540
2024-08-16 13:33:53,67100.0,8300,Buy,232375575
2024-08-16 13:34:11,67100.0,500,Sell,232376488
2024-08-16 13:34:13,67200.0,2000,Buy,232376553
2024-08-16 13:34:14,67200.0,500,Buy,232376597
2024-08-16 13:34:19,67200.0,500,Buy,232376762
2024-08-16 13:34:20,67200.0,300,Buy,232376839
2024-08-16 13:34:21,67200.0,2000,Buy,232376867
2024-08-16 13:34:23,67200.0,2000,Buy,232376961
2024-08-16 13:34:26,67200.0,100,Buy,232377072
2024-08-16 13:34:40,67200.0,200,Sell,232377603
2024-08-16 13:34:55,67200.0,200,Sell,232378128
2024-08-16 13:35:05,67200.0,500,Buy,232378500
2024-08-16 13:35:09,67200.0,1000,Buy,232378696
2024-08-16 13:35:20,67300.0,100,Buy,232379160
2024-08-16 13:35:39,67300.0,100,Buy,232380050
2024-08-16 13:35:49,67300.0,3300,Buy,232380526
2024-08-16 13:36:01,67300.0,300,Buy,232380936
2024-08-16 13:36:06,67200.0,100,Sell,232381145
2024-08-16 13:36:40,67300.0,1500,Buy,232382545
2024-08-16 13:37:32,67200.0,100,Sell,232384465
2024-08-16 13:38:01,67200.0,200,Sell,232385448
2024-08-16 13:38:19,67200.0,1200,Sell,232386150
2024-08-16 13:38:34,67300.0,2500,Buy,232386587
2024-08-16 13:39:09,67300.0,200,Buy,232387953
2024-08-16 13:39:18,67300.0,500,Buy,232388281
2024-08-16 13:40:23,67200.0,600,Sell,232391092
2024-08-16 13:40:30,67200.0,100,Sell,232391454
2024-08-16 13:40:45,67300.0,3900,Buy,232392041
2024-08-16 13:41:05,67200.0,100,Sell,232392939
2024-08-16 13:41:16,67200.0,500,Sell,232393395
2024-08-16 13:41:19,67200.0,1000,Sell,232393533
2024-08-16 13:41:26,67200.0,2000,Sell,232393806
2024-08-16 13:41:29,67200.0,300,Sell,232394008
2024-08-16 13:41:31,67200.0,300,Sell,232394044
2024-08-16 13:41:42,67200.0,500,Sell,232394488
2024-08-16 13:41:51,67200.0,1300,Sell,232394841
2024-08-16 13:41:59,67200.0,400,Sell,232395121
2024-08-16 13:42:06,67200.0,1000,Sell,232395332
2024-08-16 13:42:09,67200.0,1000,Sell,232395418
2024-08-16 13:42:12,67200.0,100,Sell,232395570
2024-08-16 13:42:13,67200.0,1000,Sell,232395590
2024-08-16 13:42:15,67200.0,500,Sell,232395661
2024-08-16 13:42:17,67200.0,1200,Sell,232395739
2024-08-16 13:42:42,67200.0,100,Sell,232396948
2024-08-16 13:42:45,67200.0,1000,Sell,232397056
2024-08-16 13:42:48,67200.0,4000,Sell,232397141
2024-08-16 13:42:49,67200.0,500,Sell,232397164
2024-08-16 13:43:00,67200.0,300,Sell,232397715
2024-08-16 13:43:12,67200.0,300,Sell,232398100
2024-08-16 13:43:27,67200.0,1800,Sell,232398588
2024-08-16 13:43:32,67200.0,200,Sell,232398874
2024-08-16 13:43:51,67300.0,600,Buy,232399608
2024-08-16 13:44:07,67300.0,100,Buy,232400124
2024-08-16 13:44:50,67200.0,100,Sell,232401434
2024-08-16 13:44:53,67200.0,300,Sell,232401517
2024-08-16 13:44:54,67200.0,2000,Sell,232401551
2024-08-16 13:44:55,67200.0,100,Sell,232401577
2024-08-16 13:44:56,67200.0,100,Sell,232401609
2024-08-16 13:45:07,67200.0,1000,Sell,232401967
2024-08-16 13:45:08,67200.0,100,Sell,232401997
2024-08-16 13:45:10,67200.0,100,Sell,232402049
2024-08-16 13:45:15,67200.0,500,Sell,232402211
2024-08-16 13:45:16,67200.0,500,Sell,232402237
2024-08-16 13:45:23,67200.0,2000,Sell,232402506
2024-08-16 13:45:24,67200.0,1200,Sell,232402539
2024-08-16 13:45:25,67200.0,1600,Sell,232402599
2024-08-16 13:45:39,67200.0,1700,Sell,232403047
2024-08-16 13:45:44,67300.0,100,Buy,232403324
2024-08-16 13:45:46,67200.0,800,Sell,232403403
2024-08-16 13:46:33,67200.0,2000,Buy,232405238
2024-08-16 13:46:36,67100.0,100,Sell,232405430
2024-08-16 13:46:38,67200.0,2400,Buy,232405524
2024-08-16 13:47:02,67200.0,500,Buy,232406399
2024-08-16 13:47:04,67200.0,100,Buy,232406487
2024-08-16 13:47:25,67200.0,500,Buy,232407264
2024-08-16 13:48:07,67200.0,200,Buy,232409054
2024-08-16 13:49:00,67100.0,4000,Sell,232411013
2024-08-16 13:49:07,67100.0,100,Sell,232411355
2024-08-16 13:49:12,67200.0,500,Buy,232411531
2024-08-16 13:49:19,67100.0,100,Sell,232411749
2024-08-16 13:49:21,67200.0,100,Buy,232411799
2024-08-16 13:49:24,67100.0,1000,Sell,232411900
2024-08-16 13:49:27,67100.0,100,Sell,232411981
2024-08-16 13:49:32,67100.0,600,Sell,232412203
2024-08-16 13:49:49,67100.0,200,Sell,232413017
2024-08-16 13:49:57,67100.0,1600,Sell,232413365
2024-08-16 13:50:04,67100.0,2400,Sell,232413554
2024-08-16 13:50:08,67100.0,100,Sell,232413695
2024-08-16 13:50:26,67100.0,1000,Sell,232414287
2024-08-16 13:50:30,67100.0,200,Sell,232414437
2024-08-16 13:50:40,67100.0,300,Sell,232414767
2024-08-16 13:50:44,67100.0,4000,Sell,232414873
2024-08-16 13:51:02,67100.0,1000,Sell,232415971
2024-08-16 13:51:38,67200.0,5000,Buy,232417300
2024-08-16 13:51:43,67100.0,4000,Sell,232417428
2024-08-16 13:52:04,67100.0,900,Sell,232418430
2024-08-16 13:52:07,67100.0,2000,Sell,232418553
2024-08-16 13:52:16,67100.0,100,Sell,232418831
2024-08-16 13:52:20,67100.0,400,Sell,232418996
2024-08-16 13:52:31,67200.0,2100,Buy,232419499
2024-08-16 13:52:59,67200.0,1000,Buy,232420640
2024-08-16 13:53:04,67200.0,1000,Buy,232420830
2024-08-16 13:53:37,67200.0,100,Buy,232422190
2024-08-16 13:53:43,67100.0,100,Sell,232422395
2024-08-16 13:54:33,67200.0,400,Buy,232424389
2024-08-16 13:54:42,67200.0,700,Buy,232424886
2024-08-16 13:54:49,67200.0,1000,Buy,232425371
2024-08-16 13:55:01,67200.0,100,Buy,232425956
2024-08-16 13:55:03,67200.0,700,Buy,232426100
2024-08-16 13:55:10,67200.0,500,Buy,232426439
2024-08-16 13:55:14,67200.0,100,Buy,232426666
2024-08-16 13:55:23,67200.0,200,Buy,232427194
2024-08-16 13:55:27,67200.0,1800,Buy,232427359
2024-08-16 13:55:37,67200.0,500,Buy,232427813
2024-08-16 13:55:44,67200.0,3500,Buy,232428114
2024-08-16 13:55:46,67200.0,100,Buy,232428290
2024-08-16 13:55:51,67100.0,6900,Sell,232428564
2024-08-16 13:56:26,67200.0,900,Sell,232430192
2024-08-16 13:56:32,67200.0,100,Buy,232430365
2024-08-16 13:56:35,67300.0,16300,Buy,232430535
2024-08-16 13:56:49,67300.0,100,Sell,232431054
2024-08-16 13:56:55,67400.0,100,Buy,232431395
2024-08-16 13:56:59,67300.0,1000,Sell,232431576
2024-08-16 13:57:18,67300.0,600,Sell,232432262
2024-08-16 13:57:30,67300.0,100,Sell,232432680
2024-08-16 13:57:31,67300.0,1000,Sell,232432731
2024-08-16 13:57:36,67300.0,500,Sell,232432960
2024-08-16 13:57:41,67300.0,1600,Sell,232433162
2024-08-16 13:57:48,67300.0,1000,Sell,232433432
2024-08-16 13:58:06,67300.0,100,Sell,232434043
2024-08-16 13:58:12,67300.0,100,Sell,232434270
2024-08-16 13:58:18,67300.0,200,Sell,232434445
2024-08-16 13:58:23,67300.0,400,Sell,232434723
2024-08-16 13:58:27,67300.0,200,Sell,232434832
2024-08-16 13:58:37,67300.0,200,Sell,232435199
2024-08-16 13:58:40,67300.0,100,Sell,232435283
2024-08-16 13:59:01,67300.0,1000,Sell,232436082
2024-08-16 13:59:04,67300.0,300,Sell,232436186
2024-08-16 13:59:06,67300.0,100,Sell,232436247
2024-08-16 13:59:11,67300.0,100,Sell,232436378
2024-08-16 13:59:19,67600.0,62700,Buy,232436630
2024-08-16 13:59:39,67600.0,300,Sell,232437405
2024-08-16 13:59:44,67600.0,700,Buy,232437628
2024-08-16 13:59:45,67700.0,100,Buy,232437649
2024-08-16 14:00:17,67700.0,1000,Buy,232438911
2024-08-16 14:00:22,67700.0,100,Buy,232439089
2024-08-16 14:00:25,67700.0,100,Buy,232439248
2024-08-16 14:00:26,67700.0,500,Buy,232439276
2024-08-16 14:00:38,67600.0,2800,Sell,232439708
2024-08-16 14:00:48,67700.0,1000,Buy,232440127
2024-08-16 14:00:52,67700.0,1500,Buy,232440263
2024-08-16 14:00:56,67700.0,500,Buy,232440419
2024-08-16 14:00:58,67700.0,300,Buy,232440463
2024-08-16 14:00:59,67700.0,400,Buy,232440513
2024-08-16 14:01:05,67700.0,100,Buy,232440829
2024-08-16 14:01:14,67700.0,100,Buy,232441134
2024-08-16 14:01:15,67700.0,5200,Buy,232441164
2024-08-16 14:01:24,67700.0,600,Sell,232441500
2024-08-16 14:01:28,67700.0,100,Sell,232441606
2024-08-16 14:01:38,67800.0,500,Buy,232441880
2024-08-16 14:01:42,67700.0,800,Sell,232441988
2024-08-16 14:01:43,67700.0,500,Buy,232442066
2024-08-16 14:01:50,67700.0,500,Buy,232442240
2024-08-16 14:01:52,67700.0,600,Buy,232442292
2024-08-16 14:01:54,67700.0,200,Buy,232442358
2024-08-16 14:01:55,67700.0,400,Buy,232442374
2024-08-16 14:01:57,67700.0,200,Buy,232442445
2024-08-16 14:02:10,67700.0,900,Sell,232442903
2024-08-16 14:02:13,67700.0,100,Buy,232443011
2024-08-16 14:02:14,67700.0,1400,Sell,232443048
2024-08-16 14:02:30,67700.0,100,Sell,232443745
2024-08-16 14:02:31,67700.0,200,Sell,232443771
2024-08-16 14:02:33,67700.0,100,Sell,232443833
2024-08-16 14:02:34,67700.0,100,Sell,232443872
2024-08-16 14:02:36,67700.0,100,Sell,232443925
2024-08-16 14:02:43,67700.0,400,Sell,232444119
2024-08-16 14:02:53,67700.0,800,Sell,232444451
2024-08-16 14:02:56,67800.0,1000,Buy,232444609
2024-08-16 14:02:58,67700.0,200,Buy,232444757
2024-08-16 14:03:05,67800.0,1000,Buy,232444973
2024-08-16 14:03:13,67700.0,100,Sell,232445263
2024-08-16 14:03:16,67700.0,1600,Sell,232445365
2024-08-16 14:03:30,67700.0,100,Sell,232445868
2024-08-16 14:03:35,67700.0,1000,Sell,232446063
2024-08-16 14:03:36,67800.0,500,Buy,232446103
2024-08-16 14:03:42,67800.0,1000,Buy,232446345
2024-08-16 14:03:47,67800.0,4400,Buy,232446505
2024-08-16 14:03:57,67900.0,100,Buy,232446877
2024-08-16 14:04:01,67700.0,5000,Sell,232446986
2024-08-16 14:04:03,67800.0,500,Buy,232447062
2024-08-16 14:04:09,67800.0,300,Sell,232447324
2024-08-16 14:04:11,67800.0,100,Sell,232447390
2024-08-16 14:04:13,67800.0,200,Sell,232447461
2024-08-16 14:04:16,67800.0,700,Sell,232447516
2024-08-16 14:04:19,67900.0,1000,Buy,232447629
2024-08-16 14:04:23,67900.0,5800,Buy,232447768
2024-08-16 14:04:26,67900.0,1500,Buy,232447895
2024-08-16 14:04:31,67900.0,2200,Buy,232448067
2024-08-16 14:04:36,68000.0,2800,Buy,232448214
2024-08-16 14:04:37,67900.0,1000,Sell,232448230
2024-08-16 14:04:42,67900.0,500,Sell,232448424
2024-08-16 14:04:53,67900.0,700,Sell,232448970
2024-08-16 14:04:59,67900.0,100,Buy,232449285
2024-08-16 14:05:02,67900.0,100,Buy,232449338
2024-08-16 14:05:09,67900.0,500,Buy,232449640
2024-08-16 14:05:13,67900.0,600,Buy,232449740
2024-08-16 14:05:23,67900.0,600,Sell,232450089
2024-08-16 14:05:23,67900.0,1000,Sell,232450060
2024-08-16 14:05:25,67900.0,200,Sell,232450142
2024-08-16 14:05:31,67900.0,500,Sell,232450410
2024-08-16 14:05:32,67900.0,500,Sell,232450448
2024-08-16 14:05:35,67900.0,500,Sell,232450499
2024-08-16 14:05:36,68000.0,1400,Buy,232450547
2024-08-16 14:05:37,68000.0,500,Buy,232450581
2024-08-16 14:05:50,68000.0,100,Buy,232451034
2024-08-16 14:05:55,68000.0,1000,Buy,232451223
2024-08-16 14:05:57,68000.0,2000,Buy,232451265
2024-08-16 14:06:01,68000.0,700,Buy,232451441
2024-08-16 14:06:05,68000.0,900,Buy,232451525
2024-08-16 14:06:08,68000.0,3000,Buy,232451603
2024-08-16 14:06:11,68000.0,2000,Buy,232451691
2024-08-16 14:06:15,68000.0,1000,Buy,232451770
2024-08-16 14:06:16,68000.0,600,Buy,232451808
2024-08-16 14:06:19,68000.0,100,Buy,232451933
2024-08-16 14:06:21,68000.0,400,Buy,232451957
2024-08-16 14:06:29,68000.0,1000,Buy,232452182
2024-08-16 14:06:30,68000.0,800,Buy,232452223
2024-08-16 14:06:38,68000.0,300,Buy,232452454
2024-08-16 14:06:39,68000.0,500,Buy,232452594
2024-08-16 14:06:41,68000.0,100,Buy,232452641
2024-08-16 14:06:44,68000.0,600,Buy,232452769
2024-08-16 14:06:47,67900.0,3100,Sell,232452826
2024-08-16 14:06:51,68000.0,2000,Buy,232452928
2024-08-16 14:06:54,67900.0,100,Sell,232453018
2024-08-16 14:06:54,68000.0,3000,Buy,232452996
2024-08-16 14:06:55,68000.0,2700,Buy,232453045
2024-08-16 14:07:06,67900.0,500,Sell,232453403
2024-08-16 14:07:07,68000.0,3000,Buy,232453498
2024-08-16 14:07:20,68000.0,400,Buy,232454063
2024-08-16 14:07:27,68000.0,200,Buy,232454371
2024-08-16 14:07:35,67900.0,400,Sell,232454675
2024-08-16 14:07:37,68000.0,300,Buy,232454798
2024-08-16 14:07:38,68000.0,100,Buy,232454841
2024-08-16 14:07:57,67900.0,100,Sell,232455404
2024-08-16 14:07:59,67900.0,200,Sell,232455456
2024-08-16 14:08:06,68000.0,100,Buy,232455624
2024-08-16 14:08:14,68000.0,500,Buy,232455908
2024-08-16 14:08:37,68000.0,200,Buy,232456589
2024-08-16 14:08:47,67900.0,300,Sell,232456899
2024-08-16 14:08:49,68000.0,1000,Buy,232456984
2024-08-16 14:08:56,68000.0,1800,Buy,232457239
2024-08-16 14:08:57,67900.0,200,Sell,232457259
2024-08-16 14:09:07,68000.0,600,Buy,232457601
2024-08-16 14:09:12,68000.0,1000,Buy,232457720
2024-08-16 14:09:17,68000.0,1000,Buy,232457875
2024-08-16 14:09:28,68000.0,2000,Buy,232458248
2024-08-16 14:09:48,67900.0,100,Sell,232458956
2024-08-16 14:09:55,68000.0,2000,Buy,232459203
2024-08-16 14:09:57,67900.0,100,Sell,232459231
2024-08-16 14:09:58,68000.0,100,Buy,232459268
2024-08-16 14:10:00,67900.0,200,Sell,232459312
2024-08-16 14:10:26,68000.0,4100,Buy,232460195
2024-08-16 14:10:30,67900.0,300,Sell,232460350
2024-08-16 14:10:41,67900.0,2000,Sell,232460630
2024-08-16 14:10:43,67900.0,2000,Sell,232460714
2024-08-16 14:10:49,67900.0,1000,Sell,232460882
2024-08-16 14:10:51,68000.0,5000,Buy,232460924
2024-08-16 14:10:52,67900.0,200,Sell,232460946
2024-08-16 14:10:57,67900.0,2000,Sell,232461103
2024-08-16 14:11:01,67900.0,100,Sell,232461221
2024-08-16 14:11:17,68000.0,1200,Buy,232461725
2024-08-16 14:11:19,67900.0,100,Sell,232461791
2024-08-16 14:11:20,67900.0,200,Sell,232461826
2024-08-16 14:11:23,67900.0,1000,Sell,232461920
2024-08-16 14:11:32,67900.0,1900,Sell,232462166
2024-08-16 14:11:36,67900.0,5000,Sell,232462314
2024-08-16 14:11:41,67900.0,200,Sell,232462516
2024-08-16 14:11:47,67900.0,1000,Sell,232462711
2024-08-16 14:12:02,67900.0,100,Sell,232463309
2024-08-16 14:12:13,67900.0,5000,Sell,232463795
2024-08-16 14:12:17,67900.0,200,Sell,232463928
2024-08-16 14:12:23,67900.0,1000,Sell,232464122
2024-08-16 14:12:25,67900.0,1000,Sell,232464196
2024-08-16 14:12:36,67900.0,100,Sell,232464598
2024-08-16 14:12:46,67900.0,700,Sell,232464899
2024-08-16 14:12:53,67900.0,100,Sell,232465106
2024-08-16 14:12:56,67900.0,1700,Sell,232465177
2024-08-16 14:13:00,67900.0,100,Sell,232465285
2024-08-16 14:13:01,67900.0,400,Sell,232465314
2024-08-16 14:13:03,67900.0,100,Sell,232465378
2024-08-16 14:13:04,67900.0,2000,Sell,232465402
2024-08-16 14:13:07,67900.0,3000,Sell,232465514
2024-08-16 14:13:08,67900.0,500,Buy,232465532
2024-08-16 14:13:15,67800.0,1300,Sell,232465767
2024-08-16 14:13:22,67800.0,600,Sell,232466033
2024-08-16 14:13:53,67800.0,100,Sell,232466929
2024-08-16 14:13:56,67800.0,300,Sell,232467053
2024-08-16 14:14:00,67800.0,500,Sell,232467143
2024-08-16 14:14:03,67900.0,300,Buy,232467267
2024-08-16 14:14:10,67800.0,1600,Sell,232467623
2024-08-16 14:14:15,67800.0,1000,Sell,232467746
2024-08-16 14:14:24,67900.0,100,Buy,232468063
2024-08-16 14:14:41,67900.0,400,Buy,232468657
2024-08-16 14:14:54,67800.0,1500,Sell,232468980
2024-08-16 14:14:59,67800.0,200,Sell,232469162
2024-08-16 14:15:03,67800.0,200,Sell,232469392
2024-08-16 14:15:04,67800.0,100,Sell,232469419
2024-08-16 14:15:06,67800.0,500,Sell,232469507
2024-08-16 14:15:11,67800.0,10500,Sell,232469647
2024-08-16 14:15:14,67800.0,1400,Sell,232469707
2024-08-16 14:15:15,67800.0,800,Sell,232469728
2024-08-16 14:15:18,67800.0,200,Sell,232469818
2024-08-16 14:15:19,67800.0,600,Sell,232469842
2024-08-16 14:15:20,67800.0,1000,Sell,232469872
2024-08-16 14:15:22,67800.0,100,Sell,232469907
2024-08-16 14:15:23,67800.0,1800,Sell,232469946
2024-08-16 14:15:29,67800.0,100,Buy,232470119
2024-08-16 14:15:31,67800.0,300,Buy,232470200
2024-08-16 14:15:38,67800.0,300,Buy,232470377
2024-08-16 14:15:43,67800.0,200,Buy,232470556
2024-08-16 14:15:45,67700.0,1000,Sell,232470632
2024-08-16 14:15:52,67700.0,200,Sell,232470851
2024-08-16 14:15:55,67700.0,300,Sell,232470956
2024-08-16 14:16:16,67700.0,100,Sell,232471917
2024-08-16 14:16:18,67700.0,500,Sell,232471995
2024-08-16 14:16:19,67700.0,1000,Sell,232472010
2024-08-16 14:16:21,67700.0,300,Sell,232472055
2024-08-16 14:16:25,67700.0,200,Sell,232472143
2024-08-16 14:16:29,67700.0,300,Sell,232472275
2024-08-16 14:16:30,67700.0,1400,Sell,232472299
2024-08-16 14:16:42,67800.0,1000,Buy,232472611
2024-08-16 14:16:55,67700.0,200,Sell,232473025
2024-08-16 14:17:05,67800.0,500,Buy,232473500
2024-08-16 14:17:09,67700.0,200,Sell,232473704
2024-08-16 14:17:22,67700.0,2000,Sell,232474082
2024-08-16 14:17:24,67700.0,200,Sell,232474181
2024-08-16 14:17:26,67800.0,200,Buy,232474248
2024-08-16 14:17:28,67700.0,2000,Sell,232474323
2024-08-16 14:17:35,67700.0,3600,Sell,232474584
2024-08-16 14:17:38,67700.0,1000,Sell,232474730
2024-08-16 14:17:45,67700.0,1000,Sell,232474900
2024-08-16 14:17:52,67700.0,900,Sell,232475104
2024-08-16 14:17:55,67700.0,600,Sell,232475167
2024-08-16 14:18:02,67700.0,500,Sell,232475407
2024-08-16 14:18:05,67700.0,100,Sell,232475476
2024-08-16 14:18:08,67700.0,1000,Sell,232475562
2024-08-16 14:18:14,67700.0,100,Sell,232475734
2024-08-16 14:18:20,67700.0,5400,Sell,232475928
2024-08-16 14:18:41,67700.0,900,Buy,232476772
2024-08-16 14:19:06,67700.0,500,Buy,232477623
2024-08-16 14:19:17,67700.0,1000,Buy,232478177
2024-08-16 14:19:27,67700.0,500,Buy,232478510
2024-08-16 14:19:58,67700.0,1000,Buy,232480415
2024-08-16 14:20:02,67700.0,200,Buy,232480549
2024-08-16 14:20:07,67600.0,100,Sell,232480651
2024-08-16 14:20:24,67600.0,200,Sell,232481222
2024-08-16 14:20:25,67700.0,5000,Buy,232481263
2024-08-16 14:20:41,67700.0,2000,Buy,232481740
2024-08-16 14:20:46,67700.0,3000,Buy,232481904
2024-08-16 14:20:52,67700.0,100,Buy,232482090
2024-08-16 14:20:56,67700.0,200,Buy,232482265
2024-08-16 14:21:02,67700.0,500,Buy,232482565
2024-08-16 14:21:03,67600.0,1400,Sell,232482595
2024-08-16 14:21:40,67600.0,1000,Sell,232484121
2024-08-16 14:21:41,67600.0,100,Sell,232484190
2024-08-16 14:21:58,67700.0,3600,Buy,232484837
2024-08-16 14:22:14,67700.0,700,Sell,232485360
2024-08-16 14:22:16,67800.0,3000,Buy,232485436
2024-08-16 14:22:27,67800.0,4100,Buy,232485769
2024-08-16 14:22:34,67800.0,500,Buy,232486086
2024-08-16 14:22:42,67800.0,300,Buy,232486440
2024-08-16 14:22:53,67800.0,500,Buy,232486802
2024-08-16 14:22:58,67800.0,500,Buy,232486977
2024-08-16 14:23:05,67800.0,100,Buy,232487198
2024-08-16 14:23:12,67800.0,400,Buy,232487445
2024-08-16 14:23:22,67800.0,100,Buy,232487792
2024-08-16 14:23:26,67800.0,600,Buy,232487897
2024-08-16 14:23:27,67700.0,500,Sell,232487928
2024-08-16 14:23:35,67700.0,600,Sell,232488229
2024-08-16 14:23:56,67800.0,1000,Buy,232488925
2024-08-16 14:24:01,67700.0,300,Sell,232489157
2024-08-16 14:24:16,67700.0,100,Sell,232489683
2024-08-16 14:24:21,67700.0,500,Sell,232489911
2024-08-16 14:24:30,67700.0,100,Sell,232490277
2024-08-16 14:24:37,67800.0,1000,Buy,232490503
2024-08-16 14:24:47,67800.0,5000,Buy,232490846
2024-08-16 14:24:57,67800.0,100,Buy,232491149
2024-08-16 14:25:05,67800.0,200,Buy,232491435
2024-08-16 14:25:06,67800.0,3000,Buy,232491477
2024-08-16 14:25:13,67800.0,300,Buy,232491735
2024-08-16 14:25:15,67700.0,400,Sell,232491840
2024-08-16 14:25:18,67800.0,400,Buy,232491926
2024-08-16 14:25:32,67800.0,5000,Buy,232492399
2024-08-16 14:25:40,67800.0,3100,Buy,232492773
2024-08-16 14:26:03,67800.0,500,Sell,232493736
2024-08-16 14:26:13,67800.0,200,Sell,232494127
2024-08-16 14:26:16,67800.0,100,Sell,232494216
2024-08-16 14:26:24,67800.0,300,Sell,232494572
2024-08-16 14:26:39,67900.0,500,Buy,232495102
2024-08-16 14:27:17,67900.0,200,Buy,232496626
2024-08-16 14:27:33,67900.0,2000,Buy,232497289
2024-08-16 14:27:35,67800.0,100,Sell,232497367
2024-08-16 14:27:36,67900.0,100,Buy,232497424
2024-08-16 14:27:54,67900.0,1700,Buy,232498279
2024-08-16 14:27:58,67900.0,100,Buy,232498462
2024-08-16 14:28:03,67900.0,400,Buy,232498652
2024-08-16 14:28:17,67800.0,2500,Sell,232499164
2024-08-16 14:28:18,67900.0,200,Buy,232499238
2024-08-16 14:28:27,67800.0,900,Sell,232499813
2024-08-16 14:28:32,67900.0,1000,Buy,232500039
2024-08-16 14:28:42,67800.0,200,Sell,232500455
2024-08-16 14:28:49,67800.0,3700,Sell,232500813
2024-08-16 14:28:53,67800.0,1100,Buy,232501016
2024-08-16 14:28:54,67800.0,2000,Buy,232501050
2024-08-16 14:28:55,67800.0,500,Buy,232501110
2024-08-16 14:28:58,67800.0,600,Buy,232501221
2024-08-16 14:29:01,67800.0,500,Buy,232501369
2024-08-16 14:29:08,67800.0,2000,Buy,232501639
2024-08-16 14:29:11,67800.0,200,Buy,232501795
2024-08-16 14:29:14,67800.0,2000,Buy,232501986
2024-08-16 14:29:30,67800.0,300,Buy,232502888
2024-08-16 14:29:34,67800.0,1500,Buy,232503138
2024-08-16 14:29:49,67800.0,300,Buy,232504167
2024-08-16 14:29:54,67800.0,800,Buy,232504295
2024-08-16 14:29:56,67800.0,1000,Buy,232504355
2024-08-16 14:29:58,67800.0,300,Buy,232504363
2024-08-16 14:30:11,67800.0,800,Buy,232504387
2024-08-16 14:30:21,67800.0,800,Buy,232504404
2024-08-16 14:30:36,67800.0,200,Sell,232504432
2024-08-16 14:30:48,67800.0,500,Sell,232504450
2024-08-16 14:31:32,67800.0,1000,Sell,232504517
2024-08-16 14:32:17,67800.0,700,Sell,232504586
2024-08-16 14:33:22,67800.0,800,Sell,232504658
2024-08-16 14:33:49,67800.0,300,Sell,232504694
2024-08-16 14:33:54,67800.0,500,Sell,232504701
2024-08-16 14:34:02,67800.0,1000,Sell,232504707
2024-08-16 14:34:03,67800.0,1000,Sell,232504710
2024-08-16 14:34:07,67800.0,2000,Sell,232504712
2024-08-16 14:34:08,67800.0,1000,Sell,232504714
2024-08-16 14:34:19,67800.0,400,Sell,232504734
2024-08-16 14:34:38,67800.0,100,Sell,232504749
2024-08-16 14:34:40,67800.0,1300,Sell,232504751
2024-08-16 14:34:46,67800.0,100,Buy,232504759
2024-08-16 14:35:01,67800.0,2500,Buy,232504774
2024-08-16 14:35:10,67800.0,100,Sell,232504780
2024-08-16 14:35:18,67800.0,200,Sell,232504787
2024-08-16 14:35:29,67800.0,100,Sell,232504802
2024-08-16 14:35:32,67800.0,1000,Sell,232504806
2024-08-16 14:36:06,67800.0,1100,Sell,232504848
2024-08-16 14:36:10,67800.0,1000,Sell,232504858
2024-08-16 14:36:25,67800.0,100,Buy,232504875
2024-08-16 14:37:08,67800.0,1000,Buy,232504931
2024-08-16 14:37:10,67800.0,1000,Buy,232504934
2024-08-16 14:37:25,67800.0,1000,Buy,232504947
2024-08-16 14:37:29,67800.0,200,Buy,232504954
2024-08-16 14:38:00,67800.0,100,Buy,232504983
2024-08-16 14:38:03,67800.0,100,Buy,232504987
2024-08-16 14:38:20,67800.0,100,Buy,232505009
2024-08-16 14:38:29,67800.0,100,Buy,232505017
2024-08-16 14:39:00,67800.0,400,Buy,232505050
2024-08-16 14:39:02,67800.0,500,Buy,232505052
2024-08-16 14:39:46,67800.0,900,Buy,232505093
2024-08-16 14:40:08,67800.0,8900,Buy,232505122
2024-08-16 14:40:19,67800.0,200,Sell,232505138
2024-08-16 14:40:30,67800.0,1000,Sell,232505145
2024-08-16 14:40:46,67800.0,300,Sell,232505166
2024-08-16 14:40:50,67800.0,600,Sell,232505169
2024-08-16 14:40:51,67800.0,100,Sell,232505170
2024-08-16 14:41:27,67800.0,2000,Sell,232505206
2024-08-16 14:41:56,67800.0,200,Sell,232505228
2024-08-16 14:41:59,67900.0,1000,Buy,232505233
2024-08-16 14:42:02,67800.0,100,Sell,232505235
2024-08-16 14:42:37,67800.0,200,Sell,232505267
2024-08-16 14:42:42,67800.0,300,Sell,232505272
2024-08-16 14:43:03,67800.0,100,Sell,232505290
2024-08-16 14:43:08,67800.0,1000,Sell,232505293
2024-08-16 14:43:17,67800.0,200,Sell,232505302
2024-08-16 14:43:22,67800.0,100,Sell,232505307
2024-08-16 14:43:25,67800.0,500,Sell,232505310
2024-08-16 14:43:28,67800.0,200,Sell,232505313
2024-08-16 14:43:50,67800.0,600,Sell,232505341
2024-08-16 14:44:21,67800.0,1000,Sell,232505366
2024-08-16 14:44:25,67800.0,100,Sell,232505369
2024-08-16 14:44:37,67800.0,100,Sell,232505387
2024-08-16 14:44:54,67800.0,300,Sell,232505407
2024-08-16 14:45:31,67800.0,100,Sell,232505976
2024-08-16 14:45:32,67900.0,6000,Buy,232505978
2024-08-16 14:45:35,67800.0,1000,Sell,232505981
2024-08-16 14:45:59,67800.0,100,Sell,232506006
2024-08-16 14:46:25,67800.0,26100,Sell,232506031
2024-08-16 14:46:33,67800.0,1000,Buy,232506039
2024-08-16 14:46:34,67700.0,10000,Sell,232506040
2024-08-16 14:46:44,67700.0,5000,Sell,232506049
2024-08-16 14:46:51,67800.0,500,Buy,232506057
2024-08-16 14:46:56,67700.0,1200,Sell,232506063
2024-08-16 14:47:04,67700.0,100,Buy,232506078
2024-08-16 14:47:12,67700.0,1000,Buy,232506086
2024-08-16 14:47:19,67700.0,500,Buy,232506090
2024-08-16 14:47:23,67700.0,200,Buy,232506099
2024-08-16 14:47:28,67700.0,100,Buy,232506102
2024-08-16 14:47:41,67700.0,1100,Buy,232506113
2024-08-16 14:47:44,67700.0,100,Sell,232506118
2024-08-16 14:47:52,67700.0,200,Sell,232506124
2024-08-16 14:48:24,67700.0,200,Sell,232506172
2024-08-16 14:48:26,67700.0,1500,Sell,232506173
2024-08-16 14:48:28,67700.0,200,Sell,232506174
2024-08-16 14:48:56,67700.0,100,Sell,232506210
2024-08-16 14:49:00,67700.0,100,Sell,232506216
2024-08-16 14:50:42,67700.0,2100,Sell,232506341
2024-08-16 14:51:05,67700.0,400,Sell,232506375
2024-08-16 14:51:31,67700.0,1300,Sell,232506396
2024-08-16 14:51:34,67700.0,1200,Sell,232506400
2024-08-16 14:52:29,67700.0,200,Sell,232506452
2024-08-16 14:52:48,67700.0,100,Sell,232506482
2024-08-16 14:53:25,67800.0,100,Buy,232506519
2024-08-16 14:54:05,67800.0,3000,Buy,232506570
2024-08-16 14:54:06,67800.0,100,Buy,232506572
2024-08-16 14:54:09,67800.0,4000,Buy,232506578
2024-08-16 14:54:10,67800.0,1000,Buy,232506579
2024-08-16 14:54:12,67800.0,2000,Buy,232506583
2024-08-16 14:54:19,67800.0,400,Buy,232506591
2024-08-16 14:54:21,67800.0,3000,Buy,232506594
2024-08-16 14:54:30,67800.0,300,Buy,232506604
2024-08-16 14:54:32,67800.0,300,Buy,232506607
2024-08-16 14:54:36,67800.0,500,Buy,232506611
2024-08-16 14:54:40,67800.0,500,Buy,232506613
2024-08-16 14:54:42,67700.0,500,Sell,232506615
2024-08-16 14:54:53,67800.0,400,Buy,232506628
2024-08-16 14:54:57,67700.0,500,Sell,232506632
2024-08-16 14:54:58,67800.0,500,Buy,232506634
2024-08-16 14:55:04,67800.0,500,Buy,232506640
2024-08-16 14:55:23,67800.0,400,Buy,232506651
2024-08-16 14:55:26,67800.0,2000,Buy,232506657
2024-08-16 14:55:28,67800.0,1100,Buy,232506661
2024-08-16 14:55:42,67800.0,100,Buy,232506678
2024-08-16 14:55:47,67800.0,300,Buy,232506682
2024-08-16 14:55:48,67800.0,800,Buy,232506683
2024-08-16 14:55:49,67800.0,700,Sell,232506686
2024-08-16 14:56:03,67800.0,300,Buy,232506706
2024-08-16 14:56:11,67800.0,2000,Buy,232506721
2024-08-16 14:56:21,67800.0,2000,Buy,232506737
2024-08-16 14:56:37,67800.0,100,Sell,232506763
2024-08-16 14:56:41,67800.0,100,Sell,232506764
2024-08-16 14:56:45,67800.0,2000,Sell,232506768
2024-08-16 14:56:52,67800.0,100,Sell,232506779
2024-08-16 14:57:23,67800.0,400,Sell,232506816
2024-08-16 14:57:27,67800.0,300,Sell,232506824
2024-08-16 14:57:34,67800.0,3100,Sell,232506831
2024-08-16 14:57:36,67900.0,500,Buy,232506833
2024-08-16 14:57:39,67800.0,100,Sell,232506839
2024-08-16 14:57:44,67800.0,500,Sell,232506846
2024-08-16 14:58:01,67900.0,200,Buy,232506870
2024-08-16 14:58:12,67800.0,1200,Sell,232506882
2024-08-16 14:58:15,67900.0,300,Buy,232506887
2024-08-16 14:58:31,67800.0,100,Sell,232506919
2024-08-16 14:58:38,67900.0,1500,Buy,232506928
2024-08-16 14:58:39,67900.0,200,Buy,232506931
2024-08-16 14:58:44,67800.0,4200,Sell,232506944
2024-08-16 14:58:45,67900.0,2100,Buy,232506949
2024-08-16 14:58:55,67800.0,2000,Sell,232506964
2024-08-16 14:59:03,67900.0,3000,Buy,232506979
2024-08-16 14:59:05,67800.0,1400,Sell,232506983
2024-08-16 14:59:06,67900.0,10000,Buy,232506985
2024-08-16 14:59:08,67800.0,2000,Sell,232506995
2024-08-16 14:59:21,67800.0,200,Sell,232507038
2024-08-16 14:59:25,67900.0,500,Buy,232507054
2024-08-16 14:59:33,67800.0,1000,Sell,232507078
2024-08-16 14:59:36,67800.0,1000,Sell,232507088
2024-08-16 14:59:50,68000.0,4600,Buy,232507141
2024-08-16 14:59:52,67800.0,100,Sell,232507153
