time,price,volume,match_type,id
2024-08-13 09:00:27,91000.0,100,ATO/ATC,231068678
2024-08-13 09:03:59,92000.0,100,ATO/ATC,231069307
2024-08-13 09:05:31,93000.0,200,Buy,231069551
2024-08-13 09:06:32,93000.0,800,ATO/ATC,231069725
2024-08-13 09:07:57,93000.0,200,Buy,231069998
2024-08-13 09:08:07,93000.0,500,Buy,231070024
2024-08-13 09:08:16,93000.0,100,Buy,231070055
2024-08-13 09:08:54,93000.0,500,Buy,231070153
2024-08-13 09:09:25,93000.0,100,Buy,231070240
2024-08-13 09:09:41,93000.0,1000,Buy,231070288
2024-08-13 09:11:59,93000.0,100,Buy,231070637
2024-08-13 09:12:49,93000.0,300,Sell,231070759
2024-08-13 09:13:47,93000.0,100,Buy,231070884
2024-08-13 09:14:09,93000.0,500,Buy,231070932
2024-08-13 09:14:47,93000.0,500,Buy,231071020
2024-08-13 09:16:54,93000.0,100,ATO/ATC,231073616
2024-08-13 09:17:39,92600.0,100,Sell,231074833
2024-08-13 09:18:15,92600.0,200,ATO/ATC,231075636
2024-08-13 09:18:36,93000.0,900,Buy,231076084
2024-08-13 09:19:15,93000.0,3400,ATO/ATC,231076980
2024-08-13 09:20:11,93000.0,1000,Buy,231078219
2024-08-13 09:20:19,93000.0,100,Buy,231078437
2024-08-13 09:20:24,93000.0,100,ATO/ATC,231078547
2024-08-13 09:20:35,91600.0,100,ATO/ATC,231078842
2024-08-13 09:21:03,91600.0,100,Sell,231079492
2024-08-13 09:21:10,93000.0,100,ATO/ATC,231079620
2024-08-13 09:22:41,93000.0,700,ATO/ATC,231081643
2024-08-13 09:23:27,93000.0,100,ATO/ATC,231082806
2024-08-13 09:25:28,93000.0,200,Buy,231086362
2024-08-13 09:26:09,93000.0,100,Sell,231087433
2024-08-13 09:26:28,93100.0,100,ATO/ATC,231087851
2024-08-13 09:26:46,93000.0,100,Sell,231088274
2024-08-13 09:27:28,93000.0,300,Buy,231089403
2024-08-13 09:28:13,93000.0,900,ATO/ATC,231090558
2024-08-13 09:31:25,93000.0,700,Sell,231095873
2024-08-13 09:31:52,93000.0,300,Buy,231096583
2024-08-13 09:31:53,93000.0,200,Buy,231096618
2024-08-13 09:32:02,93000.0,100,Buy,231096859
2024-08-13 09:33:17,93000.0,100,ATO/ATC,231098757
2024-08-13 09:33:53,93000.0,1000,Sell,231099595
2024-08-13 09:34:12,93000.0,800,Buy,231100070
2024-08-13 09:34:29,93000.0,200,Buy,231100472
2024-08-13 09:34:44,92000.0,2000,Sell,231100750
2024-08-13 09:35:00,92000.0,100,Buy,231101162
2024-08-13 09:36:06,92000.0,500,Buy,231102781
2024-08-13 09:36:07,92000.0,2400,Sell,231102816
2024-08-13 09:58:03,92300.0,100,ATO/ATC,231134726
2024-08-13 09:59:55,92200.0,100,ATO/ATC,231136804
2024-08-13 10:01:58,92200.0,1000,Sell,231139176
2024-08-13 10:02:38,92200.0,100,Sell,231140035
2024-08-13 10:07:47,92200.0,400,Sell,231147013
2024-08-13 10:09:12,92200.0,800,ATO/ATC,231148852
2024-08-13 10:10:26,92100.0,3000,Sell,231150725
2024-08-13 10:13:32,92100.0,100,Sell,231154911
2024-08-13 10:14:19,92100.0,300,Sell,231155826
2024-08-13 10:14:36,92100.0,1200,Sell,231156090
2024-08-13 10:15:47,92000.0,500,Sell,231157525
2024-08-13 10:17:04,92000.0,2000,Sell,231158975
2024-08-13 10:17:06,92000.0,100,ATO/ATC,231159012
2024-08-13 10:27:04,92000.0,200,Buy,231169081
2024-08-13 10:28:24,92000.0,100,Buy,231170544
2024-08-13 10:28:45,92000.0,1800,Buy,231170928
2024-08-13 10:30:55,92000.0,200,Sell,231172839
2024-08-13 10:31:03,92000.0,100,Buy,231172956
2024-08-13 10:33:20,92000.0,100,Sell,231175026
2024-08-13 10:34:22,92000.0,200,Sell,231176293
2024-08-13 10:34:33,92000.0,400,Sell,231176443
2024-08-13 10:36:23,92000.0,100,Sell,231178232
2024-08-13 10:45:22,91900.0,2100,Sell,231188340
2024-08-13 10:46:31,91900.0,200,Sell,231190275
2024-08-13 10:56:41,91900.0,100,Buy,231202105
2024-08-13 10:59:19,91600.0,1000,Sell,231204527
2024-08-13 11:00:29,91600.0,100,Sell,231205553
2024-08-13 11:00:37,91600.0,600,Sell,231205671
2024-08-13 11:00:44,91600.0,800,Buy,231205844
2024-08-13 11:01:18,91500.0,200,Sell,231206396
2024-08-13 11:04:14,91500.0,300,Sell,231209506
2024-08-13 11:06:05,91500.0,1500,Sell,231211225
2024-08-13 11:06:49,91500.0,1900,Buy,231211948
2024-08-13 11:10:31,91300.0,100,Sell,231215611
2024-08-13 11:14:36,91300.0,100,Buy,231219642
2024-08-13 11:23:20,91300.0,100,Sell,231228558
2024-08-13 11:24:18,91300.0,100,Buy,231229593
2024-08-13 11:25:20,91300.0,200,ATO/ATC,231230577
2024-08-13 13:00:08,91200.0,200,ATO/ATC,231237632
2024-08-13 13:00:11,91100.0,1700,Sell,231238344
2024-08-13 13:00:32,91000.0,500,Sell,231240385
2024-08-13 13:00:47,91000.0,200,Sell,231240992
2024-08-13 13:01:06,91000.0,3000,Sell,231241590
2024-08-13 13:01:10,91000.0,100,Sell,231241723
2024-08-13 13:01:17,91000.0,300,Sell,231242030
2024-08-13 13:02:05,91000.0,200,ATO/ATC,231243849
2024-08-13 13:04:22,91000.0,200,ATO/ATC,231247831
2024-08-13 13:06:17,91000.0,200,Buy,231250496
2024-08-13 13:07:26,91100.0,400,Buy,231252204
2024-08-13 13:07:36,91100.0,200,Buy,231252486
2024-08-13 13:11:39,91400.0,100,Buy,231257559
2024-08-13 13:18:40,91400.0,100,Buy,231266088
2024-08-13 13:25:47,91300.0,100,Buy,231275827
2024-08-13 13:28:16,91300.0,100,Buy,231280067
2024-08-13 13:33:33,91400.0,100,Buy,231288127
2024-08-13 13:38:43,91400.0,100,Sell,231295593
2024-08-13 13:41:41,91500.0,400,Buy,231299004
2024-08-13 13:46:22,91500.0,100,Buy,231305248
2024-08-13 13:46:29,91500.0,100,Buy,231305454
2024-08-13 13:47:01,91500.0,200,Buy,231306309
2024-08-13 13:47:03,91500.0,1200,Buy,231306338
2024-08-13 13:47:45,91500.0,100,Buy,231307148
2024-08-13 13:47:53,91500.0,200,Buy,231307388
2024-08-13 13:48:03,91500.0,600,Buy,231307557
2024-08-13 13:48:45,91600.0,1200,Buy,231308585
2024-08-13 13:49:16,91800.0,100,Buy,231309591
2024-08-13 13:49:45,91800.0,100,Buy,231310214
2024-08-13 13:52:53,91600.0,800,Buy,231315807
2024-08-13 13:55:58,91600.0,300,Buy,231321980
2024-08-13 13:58:24,91500.0,400,Sell,231327788
2024-08-13 13:59:03,91400.0,100,Sell,231329673
2024-08-13 13:59:14,91400.0,200,Sell,231330135
2024-08-13 14:09:01,91400.0,500,ATO/ATC,231350864
2024-08-13 14:12:58,91200.0,100,ATO/ATC,231360503
2024-08-13 14:18:36,91300.0,100,Buy,231371865
2024-08-13 14:23:28,91500.0,100,ATO/ATC,231380207
2024-08-13 14:27:00,91600.0,800,Buy,231388862
2024-08-13 14:28:09,91700.0,700,Buy,231391982
2024-08-13 14:31:47,91700.0,100,Buy,231396989
2024-08-13 14:33:04,91700.0,100,Buy,231397041
2024-08-13 14:34:28,91700.0,200,Buy,231397092
2024-08-13 14:35:42,91700.0,100,Sell,231397135
2024-08-13 14:41:08,91800.0,100,Buy,231397346
2024-08-13 14:42:45,91800.0,100,Buy,231397396
2024-08-13 14:43:22,91800.0,100,Buy,231397418
2024-08-13 14:46:31,91800.0,100,Buy,231398000
2024-08-13 14:54:53,91800.0,500,Buy,231398321
2024-08-13 14:55:15,91800.0,100,Buy,231398332
