time,price,volume,match_type,id
2024-07-18 09:00:09,91500.0,100,Buy,224072632
2024-07-18 09:00:27,91500.0,100,Buy,224072783
2024-07-18 09:03:32,91500.0,100,Buy,224073296
2024-07-18 09:05:04,91000.0,200,ATO/ATC,224073584
2024-07-18 09:05:33,91000.0,100,Buy,224073652
2024-07-18 09:08:55,91000.0,200,Sell,224074228
2024-07-18 09:17:21,91000.0,400,ATO/ATC,224080271
2024-07-18 09:19:54,90600.0,300,Sell,224086754
2024-07-18 09:20:53,90600.0,200,Sell,224089699
2024-07-18 09:22:06,90600.0,200,Sell,224093002
2024-07-18 09:22:32,90600.0,500,Sell,224094120
2024-07-18 09:23:02,90600.0,600,Sell,224095266
2024-07-18 09:23:08,91000.0,100,Sell,224095525
2024-07-18 09:23:23,91000.0,100,Sell,224096112
2024-07-18 09:24:23,90500.0,500,Sell,224098631
2024-07-18 09:24:26,90000.0,2000,Sell,224098785
2024-07-18 09:25:58,90000.0,100,Buy,224102070
2024-07-18 09:26:29,90000.0,100,Buy,224103261
2024-07-18 09:27:31,90000.0,100,Buy,224105389
2024-07-18 09:28:13,90000.0,100,Buy,224106727
2024-07-18 09:28:30,90000.0,600,Buy,224107331
2024-07-18 09:29:56,90000.0,100,Buy,224110237
2024-07-18 09:34:46,90000.0,100,Buy,224118956
2024-07-18 09:36:13,89800.0,100,Sell,224121101
2024-07-18 09:36:32,89800.0,100,Sell,224121670
2024-07-18 09:37:30,89800.0,600,Sell,224123204
2024-07-18 09:37:31,89800.0,100,Buy,224123246
2024-07-18 09:38:50,89500.0,300,Sell,224125489
2024-07-18 09:38:52,89800.0,400,Buy,224125540
2024-07-18 09:40:52,89500.0,1400,Buy,224128680
2024-07-18 09:41:21,89500.0,200,Buy,224129539
2024-07-18 09:41:24,89500.0,100,Buy,224129602
2024-07-18 09:41:38,89500.0,100,Buy,224129916
2024-07-18 09:42:07,89500.0,900,Sell,224130772
2024-07-18 09:42:08,89500.0,100,ATO/ATC,224130790
2024-07-18 09:42:30,89100.0,200,Sell,224131288
2024-07-18 09:44:31,89100.0,100,Sell,224134098
2024-07-18 09:44:57,89100.0,100,Sell,224134530
2024-07-18 09:45:26,89100.0,300,Sell,224135297
2024-07-18 09:45:54,89100.0,500,Sell,224136009
2024-07-18 09:46:31,89100.0,1400,Sell,224136972
2024-07-18 09:46:35,89100.0,100,Sell,224137095
2024-07-18 09:47:06,89500.0,500,Buy,224137854
2024-07-18 09:47:35,89500.0,100,Buy,224138455
2024-07-18 09:47:41,89500.0,500,Buy,224138604
2024-07-18 09:48:09,89200.0,500,ATO/ATC,224139187
2024-07-18 09:50:20,89000.0,5000,Sell,224142014
2024-07-18 09:51:12,89000.0,500,ATO/ATC,224143317
2024-07-18 09:51:42,89000.0,500,Buy,224144048
2024-07-18 09:51:46,89000.0,100,ATO/ATC,224144127
2024-07-18 09:51:53,88800.0,200,Sell,224144235
2024-07-18 09:52:51,88800.0,400,Sell,224145605
2024-07-18 09:53:46,88500.0,900,Buy,224146963
2024-07-18 09:54:05,88000.0,5000,Sell,224147336
2024-07-18 09:54:23,88500.0,100,Buy,224147733
2024-07-18 09:55:22,88000.0,500,Sell,224149012
2024-07-18 09:57:20,88500.0,2000,Buy,224151772
2024-07-18 09:57:41,88000.0,1600,Sell,224152135
2024-07-18 09:57:58,88000.0,1300,Buy,224152528
2024-07-18 09:59:21,87900.0,2100,Sell,224154428
2024-07-18 09:59:50,87900.0,600,Buy,224155352
2024-07-18 10:00:27,87900.0,100,Buy,224156409
2024-07-18 10:00:47,87500.0,5000,Sell,224156862
2024-07-18 10:01:04,87500.0,1200,Buy,224157194
2024-07-18 10:01:11,87300.0,200,Buy,224157410
2024-07-18 10:01:39,87100.0,100,Sell,224158093
2024-07-18 10:01:49,87100.0,500,ATO/ATC,224158501
2024-07-18 10:01:55,87000.0,1500,Sell,224158615
2024-07-18 10:02:03,87100.0,100,Buy,224158824
2024-07-18 10:02:17,87000.0,200,Sell,224159220
2024-07-18 10:02:24,87900.0,2000,Buy,224159352
2024-07-18 10:02:26,87000.0,500,Sell,224159388
2024-07-18 10:02:30,87000.0,400,Sell,224159466
2024-07-18 10:02:31,87000.0,200,Buy,224159477
2024-07-18 10:02:35,87000.0,400,Sell,224159594
2024-07-18 10:02:51,86800.0,8700,Sell,224159928
2024-07-18 10:03:22,86800.0,100,Sell,224160567
2024-07-18 10:03:39,87000.0,100,Buy,224160971
2024-07-18 10:03:45,87000.0,1000,Buy,224161102
2024-07-18 10:04:07,87000.0,300,Buy,224161566
2024-07-18 10:04:13,87000.0,1000,Buy,224161726
2024-07-18 10:04:25,87000.0,100,Buy,224161999
2024-07-18 10:04:33,87000.0,100,Buy,224162122
2024-07-18 10:04:35,87000.0,200,Sell,224162170
2024-07-18 10:04:59,87000.0,400,Sell,224162621
2024-07-18 10:05:10,87000.0,100,Sell,224162833
2024-07-18 10:05:32,87000.0,800,ATO/ATC,224163317
2024-07-18 10:05:40,87100.0,200,Buy,224163641
2024-07-18 10:05:52,87000.0,100,Buy,224163843
2024-07-18 10:06:02,87000.0,100,Buy,224164067
2024-07-18 10:06:03,87000.0,100,Buy,224164079
2024-07-18 10:06:19,87000.0,100,Buy,224164421
2024-07-18 10:06:24,87000.0,100,Buy,224164546
2024-07-18 10:06:25,87000.0,500,Buy,224164561
2024-07-18 10:06:32,87000.0,100,Buy,224164731
2024-07-18 10:07:19,87000.0,200,Sell,224165759
2024-07-18 10:08:13,87000.0,1000,Sell,224167174
2024-07-18 10:08:14,87000.0,200,Sell,224167189
2024-07-18 10:08:41,87000.0,200,Buy,224168022
2024-07-18 10:09:22,87000.0,100,Buy,224169214
2024-07-18 10:09:58,87000.0,2000,Buy,224170293
2024-07-18 10:10:03,86800.0,4000,Buy,224170532
2024-07-18 10:11:00,86800.0,100,Buy,224172319
2024-07-18 10:12:10,86500.0,2500,Buy,224174473
2024-07-18 10:12:40,86500.0,1000,Buy,224175233
2024-07-18 10:12:54,86500.0,200,Buy,224175672
2024-07-18 10:13:16,86500.0,300,Buy,224176335
2024-07-18 10:13:38,86000.0,400,Sell,224177001
2024-07-18 10:13:50,86500.0,300,Buy,224177192
2024-07-18 10:13:55,86000.0,1800,Sell,224177337
2024-07-18 10:14:57,86000.0,700,Sell,224178906
2024-07-18 10:15:35,86100.0,500,Sell,224180030
2024-07-18 10:15:36,86100.0,100,Sell,224180046
2024-07-18 10:15:47,86300.0,500,Sell,224180327
2024-07-18 10:15:58,86500.0,1000,Buy,224180670
2024-07-18 10:16:02,86500.0,900,Buy,224180749
2024-07-18 10:16:09,86500.0,900,Buy,224180903
2024-07-18 10:16:30,86800.0,100,Buy,224181447
2024-07-18 10:16:36,86800.0,200,Buy,224181672
2024-07-18 10:17:05,86800.0,1000,Buy,224182386
2024-07-18 10:17:09,86800.0,600,Buy,224182507
2024-07-18 10:17:37,87000.0,100,Buy,224183124
2024-07-18 10:17:43,87000.0,100,Buy,224183261
2024-07-18 10:17:48,87000.0,200,Buy,224183365
2024-07-18 10:18:02,87000.0,300,Buy,224183653
2024-07-18 10:18:08,87000.0,100,Buy,224183816
2024-07-18 10:18:10,87000.0,200,Sell,224183858
2024-07-18 10:21:12,87100.0,100,Sell,224187940
2024-07-18 10:21:33,87500.0,100,Buy,224188447
2024-07-18 10:22:15,87800.0,100,ATO/ATC,224189364
2024-07-18 10:24:59,88000.0,2000,Buy,224192571
2024-07-18 10:26:00,88000.0,200,Buy,224193825
2024-07-18 10:26:11,88000.0,200,Buy,224194014
2024-07-18 10:31:36,88300.0,100,ATO/ATC,224200134
2024-07-18 10:32:54,88400.0,1000,Buy,224201540
2024-07-18 10:33:12,88400.0,200,ATO/ATC,224201812
2024-07-18 10:34:56,88400.0,400,Buy,224203830
2024-07-18 10:35:39,88400.0,1000,Buy,224204707
2024-07-18 10:37:29,88400.0,100,ATO/ATC,224206663
2024-07-18 10:38:31,88400.0,100,Sell,224207794
2024-07-18 10:38:54,88400.0,500,Sell,224208090
2024-07-18 10:39:36,88400.0,300,Sell,224208919
2024-07-18 10:40:20,88400.0,800,ATO/ATC,224209575
2024-07-18 10:41:39,88400.0,200,Buy,224210757
2024-07-18 10:45:24,88300.0,100,Buy,224213709
2024-07-18 10:48:35,88500.0,100,Buy,224216163
2024-07-18 10:52:21,88400.0,1000,Buy,224219537
2024-07-18 10:53:09,88400.0,100,Buy,224220258
2024-07-18 10:55:37,88400.0,100,Buy,224222005
2024-07-18 10:55:45,88400.0,200,Buy,224222129
2024-07-18 10:55:53,88400.0,200,Buy,224222249
2024-07-18 10:55:58,88500.0,2000,Buy,224222323
2024-07-18 10:56:06,88500.0,300,Buy,224222409
2024-07-18 10:56:08,88500.0,1000,Buy,224222437
2024-07-18 10:56:20,88500.0,400,Buy,224222591
2024-07-18 10:56:28,88500.0,700,Buy,224222661
2024-07-18 10:56:35,89000.0,1900,Buy,224222784
2024-07-18 10:56:55,89000.0,100,Buy,224223026
2024-07-18 11:03:32,88400.0,100,Sell,224229716
2024-07-18 11:04:18,88400.0,1000,Sell,224230748
2024-07-18 11:04:34,88800.0,100,Buy,224231133
2024-07-18 11:06:28,88400.0,900,Sell,224234007
2024-07-18 11:06:36,88400.0,1900,Buy,224234224
2024-07-18 11:07:06,88300.0,1000,Sell,224234782
2024-07-18 11:07:13,88400.0,100,Buy,224234910
2024-07-18 11:09:49,88400.0,200,Buy,224238210
2024-07-18 11:10:42,88400.0,500,Buy,224239584
2024-07-18 11:10:48,88400.0,300,ATO/ATC,224239737
2024-07-18 11:10:54,89000.0,1000,Buy,224239821
2024-07-18 11:18:12,89100.0,1000,Buy,224249514
2024-07-18 11:18:36,89100.0,100,ATO/ATC,224250055
2024-07-18 11:18:42,89500.0,400,Buy,224250163
2024-07-18 11:18:49,90000.0,2000,Buy,224250280
2024-07-18 11:18:59,90000.0,700,Buy,224250552
2024-07-18 11:19:06,90000.0,4000,Buy,224250683
2024-07-18 11:19:07,90000.0,1300,Buy,224250704
2024-07-18 11:21:31,90000.0,1000,Sell,224253575
2024-07-18 11:22:19,90000.0,100,Sell,224254542
2024-07-18 11:24:14,90000.0,600,Sell,224256575
2024-07-18 11:26:14,90000.0,100,Sell,224258892
2024-07-18 11:27:07,90000.0,300,Sell,224259888
2024-07-18 11:27:51,90000.0,200,Sell,224260604
2024-07-18 11:28:26,90000.0,1000,Sell,224261208
2024-07-18 11:28:47,90000.0,100,Sell,224261569
2024-07-18 11:29:10,90000.0,4800,Sell,224262069
2024-07-18 13:00:08,90000.0,200,Buy,224267154
2024-07-18 13:00:10,90000.0,100,Buy,224267597
2024-07-18 13:04:21,89100.0,500,Buy,224278567
2024-07-18 13:04:50,89000.0,1000,Sell,224279958
2024-07-18 13:04:52,89000.0,500,Sell,224280041
2024-07-18 13:05:34,89000.0,500,Sell,224281900
2024-07-18 13:06:33,89000.0,1500,Sell,224284446
2024-07-18 13:07:01,89000.0,200,Sell,224285742
2024-07-18 13:08:20,89000.0,100,Buy,224289541
2024-07-18 13:10:50,89000.0,1300,ATO/ATC,224295292
2024-07-18 13:11:15,88900.0,100,Buy,224296082
2024-07-18 13:13:01,88800.0,200,Buy,224299796
2024-07-18 13:13:12,88800.0,100,Buy,224300172
2024-07-18 13:14:22,88800.0,100,Buy,224302174
2024-07-18 13:14:59,88900.0,200,Buy,224303371
2024-07-18 13:15:04,88500.0,100,Sell,224303538
2024-07-18 13:15:06,88900.0,1500,Buy,224303646
2024-07-18 13:15:14,89000.0,2700,Buy,224303952
2024-07-18 13:16:14,89800.0,100,Buy,224305792
2024-07-18 13:24:39,89600.0,300,Sell,224322821
2024-07-18 13:24:46,89600.0,700,Buy,224323153
2024-07-18 13:34:50,89600.0,2000,Buy,224343078
2024-07-18 13:34:57,89600.0,300,ATO/ATC,224343342
2024-07-18 13:35:01,89800.0,1300,Buy,224343500
2024-07-18 13:42:09,89800.0,200,ATO/ATC,224356596
2024-07-18 13:44:29,89800.0,100,ATO/ATC,224360753
2024-07-18 13:46:05,89000.0,100,Sell,224363569
2024-07-18 13:46:32,89000.0,200,Sell,224364269
2024-07-18 13:46:42,89000.0,300,Sell,224364448
2024-07-18 13:47:33,89000.0,100,Sell,224365790
2024-07-18 13:47:43,89800.0,500,Buy,224365970
2024-07-18 13:47:51,89900.0,2200,Buy,224366163
2024-07-18 13:47:58,89900.0,1100,ATO/ATC,224366273
2024-07-18 13:52:03,89900.0,600,Buy,224372853
2024-07-18 13:53:50,89900.0,1000,Buy,224376475
2024-07-18 13:54:51,89900.0,100,Buy,224378512
2024-07-18 13:55:36,89500.0,1000,Buy,224379714
2024-07-18 13:56:37,89500.0,100,Buy,224381947
2024-07-18 13:59:59,89400.0,1000,Buy,224393075
2024-07-18 14:00:09,89500.0,1000,Buy,224393946
2024-07-18 14:00:13,89500.0,500,Buy,224394309
2024-07-18 14:00:20,89500.0,1000,Buy,224394905
2024-07-18 14:00:48,89400.0,200,Sell,224397020
2024-07-18 14:01:11,89400.0,100,Sell,224398731
2024-07-18 14:02:10,89200.0,100,Sell,224403806
2024-07-18 14:02:48,89000.0,200,Sell,224407892
2024-07-18 14:02:58,89000.0,100,Sell,224408827
2024-07-18 14:03:19,89000.0,200,Sell,224410364
2024-07-18 14:03:26,89000.0,500,Sell,224411099
2024-07-18 14:04:55,88900.0,100,Buy,224417303
2024-07-18 14:06:40,88900.0,200,Buy,224423077
2024-07-18 14:08:20,88900.0,100,Buy,224427270
2024-07-18 14:09:23,88700.0,700,Sell,224430215
2024-07-18 14:09:38,88900.0,100,Buy,224430784
2024-07-18 14:10:56,88700.0,2500,Sell,224434222
2024-07-18 14:12:24,88700.0,900,Sell,224437794
2024-07-18 14:13:43,88800.0,100,Buy,224440824
2024-07-18 14:14:39,88800.0,500,Buy,224442798
2024-07-18 14:15:08,88700.0,200,Sell,224443862
2024-07-18 14:15:38,88700.0,100,Sell,224444970
2024-07-18 14:16:00,88800.0,500,Buy,224445862
2024-07-18 14:18:05,89000.0,3200,Sell,224450849
2024-07-18 14:18:49,89500.0,300,ATO/ATC,224452642
2024-07-18 14:18:55,90000.0,2500,Buy,224452814
2024-07-18 14:19:00,90000.0,2500,Buy,224452983
2024-07-18 14:19:06,90000.0,2000,Buy,224453276
2024-07-18 14:19:12,90000.0,500,Buy,224453668
2024-07-18 14:21:54,89500.0,100,ATO/ATC,224461201
2024-07-18 14:22:13,90000.0,1000,Buy,224462163
2024-07-18 14:22:17,90000.0,200,Buy,224462306
2024-07-18 14:22:21,90000.0,300,Buy,224462460
2024-07-18 14:25:02,90000.0,200,Buy,224473165
2024-07-18 14:27:17,90000.0,400,Sell,224482995
2024-07-18 14:27:39,90500.0,1000,Buy,224484503
2024-07-18 14:27:45,91000.0,1600,Buy,224485047
2024-07-18 14:28:19,91000.0,100,Sell,224487780
2024-07-18 14:29:02,91000.0,200,Sell,224491236
2024-07-18 14:31:28,91400.0,400,ATO/ATC,224495629
2024-07-18 14:31:51,91400.0,100,ATO/ATC,224495658
2024-07-18 14:31:57,91400.0,100,Sell,224495664
2024-07-18 14:32:34,91400.0,400,Buy,224495716
2024-07-18 14:32:35,91400.0,100,Buy,224495719
2024-07-18 14:32:57,91400.0,200,Sell,224495750
2024-07-18 14:33:22,91500.0,1000,Buy,224495783
2024-07-18 14:33:45,91500.0,600,Buy,224495819
2024-07-18 14:36:34,91500.0,2000,Buy,224496037
2024-07-18 14:36:38,91500.0,500,Buy,224496045
2024-07-18 14:36:42,91500.0,400,Buy,224496051
2024-07-18 14:36:44,91400.0,200,Sell,224496053
2024-07-18 14:37:02,91400.0,3200,Sell,224496080
2024-07-18 14:41:25,91500.0,100,ATO/ATC,224496464
2024-07-18 14:43:01,91800.0,800,Buy,224496594
2024-07-18 14:43:13,91800.0,100,Sell,224496606
2024-07-18 14:43:33,91800.0,100,ATO/ATC,224496635
2024-07-18 14:45:15,91800.0,100,Buy,224497279
2024-07-18 14:45:49,91400.0,2500,Sell,224497332
2024-07-18 14:46:08,91400.0,2000,Sell,224497355
2024-07-18 14:46:37,91400.0,700,ATO/ATC,224497394
2024-07-18 14:53:03,91400.0,400,Sell,224497893
2024-07-18 14:54:02,91400.0,500,Sell,224497961
2024-07-18 14:54:08,91400.0,100,Sell,224497968
2024-07-18 14:59:09,91500.0,100,Buy,224498393
