time,price,volume,match_type
2024-08-12 09:34:21,89100.0,100,Sell
2024-08-12 09:37:11,89100.0,300,Sell
2024-08-12 09:37:53,89100.0,700,Sell
2024-08-12 09:59:31,89200.0,100,Sell
2024-08-12 10:01:25,89200.0,700,Buy
2024-08-12 10:03:33,89200.0,100,Buy
2024-08-12 10:06:30,89200.0,700,Sell
2024-08-12 10:07:08,90000.0,2000,Buy
2024-08-12 10:07:09,90000.0,100,Buy
2024-08-12 10:07:29,90000.0,300,Buy
2024-08-12 10:11:08,90000.0,200,Buy
2024-08-12 10:11:30,90000.0,200,Buy
2024-08-12 10:13:25,90400.0,2300,Buy
2024-08-12 10:15:22,90300.0,100,Buy
2024-08-12 10:16:18,90400.0,400,Buy
2024-08-12 10:18:17,90400.0,100,Sell
2024-08-12 10:18:52,90500.0,100,Buy
2024-08-12 10:19:23,90600.0,200,Buy
2024-08-12 10:19:53,90600.0,100,Buy
2024-08-12 10:20:25,90600.0,100,Buy
2024-08-12 10:20:35,90400.0,100,Sell
2024-08-12 10:21:17,90600.0,1500,Buy
2024-08-12 10:22:42,90800.0,2000,Buy
2024-08-12 10:23:22,91000.0,3700,Buy
2024-08-12 10:23:37,91000.0,300,Sell
2024-08-12 10:24:51,91000.0,100,Buy
2024-08-12 10:28:22,90700.0,100,Buy
2024-08-12 10:28:31,90900.0,200,Buy
2024-08-12 10:31:31,90900.0,500,Buy
2024-08-12 10:33:20,90500.0,1200,Buy
2024-08-12 10:37:59,90300.0,200,Sell
2024-08-12 10:39:42,90300.0,200,Sell
2024-08-12 10:41:35,90300.0,800,Buy
2024-08-12 10:45:31,90300.0,600,Buy
2024-08-12 10:52:01,90100.0,200,Sell
2024-08-12 10:52:07,90100.0,1000,Sell
2024-08-12 10:52:17,90100.0,500,Sell
2024-08-12 10:52:46,90100.0,100,Sell
2024-08-12 10:57:32,90100.0,1400,Sell
2024-08-12 11:01:42,90100.0,100,Buy
2024-08-12 11:02:58,90100.0,100,Buy
2024-08-12 11:12:32,90000.0,400,Sell
2024-08-12 11:13:16,90000.0,100,Buy
2024-08-12 11:16:41,90000.0,200,Sell
2024-08-12 11:16:50,90000.0,100,Sell
2024-08-12 11:17:28,90000.0,100,Sell
2024-08-12 11:20:24,90000.0,100,Sell
2024-08-12 13:00:03,90000.0,100,Sell
2024-08-12 13:11:26,90100.0,100,Buy
2024-08-12 13:12:55,90100.0,100,Buy
2024-08-12 13:13:00,90000.0,1300,Sell
2024-08-12 13:13:12,90000.0,100,Buy
2024-08-12 13:16:19,89900.0,200,Sell
2024-08-12 13:16:49,89900.0,100,Sell
2024-08-12 13:17:39,90000.0,200,Buy
2024-08-12 13:18:22,90000.0,1000,Buy
2024-08-12 13:19:36,89900.0,3000,Sell
2024-08-12 13:19:38,90000.0,100,Buy
2024-08-12 13:24:36,90000.0,1700,Buy
2024-08-12 13:25:21,90200.0,500,Buy
2024-08-12 13:29:56,90400.0,200,Buy
2024-08-12 13:29:58,90200.0,100,Sell
2024-08-12 13:36:02,90000.0,500,Sell
2024-08-12 13:36:55,90200.0,400,Buy
2024-08-12 13:38:24,90200.0,400,Buy
2024-08-12 13:39:12,90400.0,200,Buy
2024-08-12 13:39:31,90500.0,400,Buy
2024-08-12 13:39:54,90500.0,400,Buy
2024-08-12 13:41:24,90600.0,100,Sell
2024-08-12 13:41:49,90600.0,200,Sell
2024-08-12 13:42:54,90700.0,200,Sell
2024-08-12 13:43:36,90700.0,100,Sell
2024-08-12 13:43:47,90700.0,100,Buy
2024-08-12 13:44:23,90800.0,500,Buy
2024-08-12 13:45:53,90800.0,300,Sell
2024-08-12 13:46:05,90800.0,100,Buy
2024-08-12 13:47:22,90800.0,100,Sell
2024-08-12 13:47:54,90800.0,300,Buy
2024-08-12 13:48:42,90500.0,500,Buy
2024-08-12 13:48:52,90800.0,400,Buy
2024-08-12 13:50:21,90800.0,400,Buy
2024-08-12 13:51:51,90700.0,100,Sell
2024-08-12 13:53:20,90800.0,400,Buy
2024-08-12 13:53:31,90800.0,500,Buy
2024-08-12 13:53:42,90800.0,400,Buy
2024-08-12 13:54:07,90900.0,8800,Sell
2024-08-12 13:54:35,90900.0,100,Sell
2024-08-12 13:54:49,90900.0,900,Buy
2024-08-12 13:54:50,91000.0,400,Buy
2024-08-12 13:55:54,90900.0,100,Buy
2024-08-12 13:56:19,90900.0,100,Sell
2024-08-12 13:57:15,90900.0,100,Sell
2024-08-12 13:57:26,91000.0,5500,Buy
2024-08-12 13:57:29,91000.0,1800,Sell
2024-08-12 13:58:14,91100.0,800,Buy
2024-08-12 13:58:22,91000.0,500,Sell
2024-08-12 13:58:28,91100.0,100,Buy
2024-08-12 13:58:38,91200.0,500,Sell
2024-08-12 13:58:39,91200.0,200,Sell
2024-08-12 13:58:57,91200.0,200,Sell
2024-08-12 13:59:25,91200.0,100,Sell
2024-08-12 13:59:31,91300.0,500,Buy
2024-08-12 14:00:01,91300.0,300,Sell
2024-08-12 14:00:20,91300.0,100,Sell
2024-08-12 14:01:16,91300.0,200,Sell
2024-08-12 14:01:20,91300.0,500,Sell
2024-08-12 14:01:25,91300.0,400,Sell
2024-08-12 14:01:40,91300.0,100,Sell
2024-08-12 14:01:53,91300.0,100,Buy
2024-08-12 14:02:37,91300.0,100,Buy
2024-08-12 14:05:49,91300.0,500,Sell
2024-08-12 14:05:59,91400.0,1000,Buy
2024-08-12 14:06:00,91300.0,400,Buy
2024-08-12 14:06:39,91300.0,500,Buy
2024-08-12 14:07:16,91300.0,1100,Buy
2024-08-12 14:07:41,91300.0,500,Sell
2024-08-12 14:08:11,91300.0,100,Sell
2024-08-12 14:08:23,91400.0,100,Buy
2024-08-12 14:11:17,91500.0,1000,Buy
2024-08-12 14:11:32,91500.0,300,Buy
2024-08-12 14:11:33,91500.0,100,Buy
2024-08-12 14:11:43,91500.0,100,Buy
2024-08-12 14:12:05,91500.0,100,Buy
2024-08-12 14:12:43,91500.0,1100,Buy
2024-08-12 14:13:29,91500.0,200,Buy
2024-08-12 14:13:39,91500.0,200,Buy
2024-08-12 14:15:19,91500.0,1000,Sell
2024-08-12 14:15:34,91600.0,300,Buy
2024-08-12 14:15:47,91600.0,100,Buy
2024-08-12 14:16:01,91600.0,400,Buy
2024-08-12 14:16:59,91600.0,600,Buy
2024-08-12 14:17:27,91500.0,2000,Sell
2024-08-12 14:19:14,91500.0,800,Buy
2024-08-12 14:19:28,91400.0,300,Buy
2024-08-12 14:19:36,91700.0,2500,Buy
2024-08-12 14:21:50,91700.0,900,Buy
2024-08-12 14:26:55,91700.0,900,Buy
2024-08-12 14:27:56,91700.0,100,Buy
2024-08-12 14:29:22,91600.0,1000,Buy
2024-08-12 14:32:19,91600.0,200,Sell
2024-08-12 14:33:34,91600.0,300,Sell
2024-08-12 14:34:42,91600.0,100,Sell
2024-08-12 14:37:57,91700.0,400,Buy
2024-08-12 14:46:21,91700.0,200,Buy
2024-08-12 14:49:47,91600.0,200,Buy
2024-08-12 14:53:56,91500.0,100,Sell
2024-08-12 14:54:21,91500.0,300,Sell
2024-08-12 14:54:31,91500.0,200,Sell
2024-08-12 14:55:43,91500.0,500,Sell
2024-08-12 14:56:07,91500.0,700,Sell
2024-08-12 14:58:39,91500.0,300,Sell
2024-08-12 14:59:00,91600.0,300,Buy
