time,price,volume,match_type,id
2024-07-17 09:03:59,97100.0,100,Sell,223361733
2024-07-17 09:04:28,97000.0,100,Sell,223361829
2024-07-17 09:08:19,97000.0,500,Buy,223362465
2024-07-17 09:09:07,96900.0,100,Sell,223362592
2024-07-17 09:11:01,96800.0,100,Buy,223362929
2024-07-17 09:11:30,96200.0,500,Sell,223363019
2024-07-17 09:12:37,96000.0,100,Sell,223363220
2024-07-17 09:13:58,95700.0,100,Buy,223363498
2024-07-17 09:14:58,95700.0,500,Buy,223363682
2024-07-17 09:15:38,95700.0,100,Buy,223364669
2024-07-17 09:16:06,95700.0,100,ATO/ATC,223365252
2024-07-17 09:17:00,95700.0,100,Sell,223366714
2024-07-17 09:18:01,95700.0,200,Buy,223368315
2024-07-17 09:18:12,95700.0,1800,Buy,223368673
2024-07-17 09:18:19,95700.0,100,Buy,223368959
2024-07-17 09:18:27,95700.0,200,Buy,223369171
2024-07-17 09:19:01,95700.0,100,Buy,223370047
2024-07-17 09:19:35,95600.0,300,Buy,223370956
2024-07-17 09:19:40,95700.0,200,Buy,223371091
2024-07-17 09:20:30,95700.0,100,Buy,223372510
2024-07-17 09:23:39,95500.0,100,ATO/ATC,223378486
2024-07-17 09:23:57,95700.0,1000,Buy,223378937
2024-07-17 09:24:02,95700.0,100,Sell,223379096
2024-07-17 09:24:08,95800.0,100,Sell,223379236
2024-07-17 09:24:18,95900.0,300,Sell,223379442
2024-07-17 09:24:37,95400.0,300,ATO/ATC,223380039
2024-07-17 09:26:10,95400.0,100,Buy,223382943
2024-07-17 09:26:23,95400.0,100,ATO/ATC,223383313
2024-07-17 09:27:05,95400.0,100,Buy,223384345
2024-07-17 09:27:12,95400.0,100,Buy,223384586
2024-07-17 09:27:31,95400.0,100,Buy,223385085
2024-07-17 09:27:34,95400.0,100,Buy,223385149
2024-07-17 09:27:50,95000.0,1500,Sell,223385594
2024-07-17 09:28:19,95000.0,200,Sell,223386517
2024-07-17 09:29:03,95000.0,100,Buy,223387821
2024-07-17 09:29:36,94600.0,100,Sell,223388822
2024-07-17 09:30:07,94600.0,200,Buy,223389709
2024-07-17 09:30:22,94500.0,700,Sell,223390064
2024-07-17 09:30:30,94500.0,300,Sell,223390268
2024-07-17 09:30:42,94300.0,700,Sell,223390494
2024-07-17 09:30:49,94300.0,100,Sell,223390652
2024-07-17 09:30:58,94300.0,1300,Sell,223390869
2024-07-17 09:31:23,94300.0,100,Buy,223391429
2024-07-17 09:31:36,94100.0,2000,ATO/ATC,223391750
2024-07-17 09:32:00,94000.0,2300,Sell,223392290
2024-07-17 09:32:03,94000.0,300,Sell,223392374
2024-07-17 09:32:07,94000.0,500,Buy,223392477
2024-07-17 09:32:12,94000.0,100,Buy,223392575
2024-07-17 09:32:13,93900.0,800,Sell,223392602
2024-07-17 09:32:18,93900.0,300,Sell,223392718
2024-07-17 09:32:27,94000.0,100,Buy,223392956
2024-07-17 09:32:38,93900.0,100,Sell,223393173
2024-07-17 09:32:44,93900.0,2100,Sell,223393328
2024-07-17 09:33:16,93500.0,2000,Sell,223394148
2024-07-17 09:33:57,93500.0,200,Sell,223395256
2024-07-17 09:34:12,93500.0,100,ATO/ATC,223395726
2024-07-17 09:34:13,93800.0,200,Buy,223395753
2024-07-17 09:34:15,93500.0,1000,ATO/ATC,223395808
2024-07-17 09:34:41,93500.0,200,Buy,223396399
2024-07-17 09:34:43,93500.0,200,Buy,223396456
2024-07-17 09:35:07,93500.0,100,Buy,223397085
2024-07-17 09:35:09,93500.0,100,Buy,223397135
2024-07-17 09:35:25,93500.0,200,Buy,223397448
2024-07-17 09:35:55,93400.0,100,Sell,223398142
2024-07-17 09:36:20,93200.0,300,Sell,223398791
2024-07-17 09:36:29,93200.0,500,ATO/ATC,223399060
2024-07-17 09:36:39,93200.0,100,Buy,223399297
2024-07-17 09:36:46,93200.0,100,ATO/ATC,223399514
2024-07-17 09:36:48,93100.0,1200,Sell,223399546
2024-07-17 09:36:59,93100.0,200,Sell,223399825
2024-07-17 09:37:01,93200.0,100,Buy,223399847
2024-07-17 09:37:05,93200.0,500,Buy,223399943
2024-07-17 09:37:27,93200.0,100,Sell,223400437
2024-07-17 09:37:28,93200.0,100,Sell,223400464
2024-07-17 09:37:31,93200.0,100,Buy,223400554
2024-07-17 09:37:50,93200.0,100,Buy,223401099
2024-07-17 09:37:59,93200.0,200,Buy,223401322
2024-07-17 09:38:01,93100.0,300,Sell,223401354
2024-07-17 09:38:28,93100.0,2000,Sell,223402084
2024-07-17 09:38:33,93000.0,200,Sell,223402203
2024-07-17 09:38:37,93000.0,100,Sell,223402295
2024-07-17 09:39:04,93000.0,500,Sell,223403172
2024-07-17 09:39:07,93000.0,200,Sell,223403230
2024-07-17 09:39:09,93000.0,300,Sell,223403274
2024-07-17 09:39:10,93000.0,100,Sell,223403315
2024-07-17 09:39:22,93000.0,800,Sell,223403626
2024-07-17 09:39:23,93000.0,200,Sell,223403645
2024-07-17 09:39:25,93000.0,400,Sell,223403725
2024-07-17 09:39:28,93000.0,200,Buy,223403767
2024-07-17 09:39:35,93000.0,1000,Buy,223403978
2024-07-17 09:39:41,93000.0,100,Buy,223404169
2024-07-17 09:39:44,93000.0,100,Buy,223404224
2024-07-17 09:39:59,93000.0,300,Buy,223404562
2024-07-17 09:40:07,92800.0,200,Sell,223404700
2024-07-17 09:40:34,92800.0,100,Buy,223405302
2024-07-17 09:40:43,92700.0,1000,ATO/ATC,223405632
2024-07-17 09:41:00,92500.0,1300,Buy,223406076
2024-07-17 09:41:06,92800.0,500,Buy,223406216
2024-07-17 09:42:06,92500.0,300,Sell,223407558
2024-07-17 09:42:10,92500.0,200,Sell,223407637
2024-07-17 09:42:22,92500.0,300,Sell,223407981
2024-07-17 09:42:32,92400.0,100,Buy,223408154
2024-07-17 09:42:38,92000.0,4500,Buy,223408329
2024-07-17 09:42:58,92000.0,100,Buy,223408927
2024-07-17 09:43:15,91000.0,500,Sell,223409461
2024-07-17 09:43:35,91000.0,2000,Sell,223409868
2024-07-17 09:43:40,91000.0,300,Sell,223409976
2024-07-17 09:43:45,91000.0,500,Buy,223410110
2024-07-17 09:43:55,90500.0,100,Sell,223410352
2024-07-17 09:44:06,90200.0,100,Sell,223410640
2024-07-17 09:44:11,90200.0,1000,Sell,223410734
2024-07-17 09:44:16,90200.0,300,Sell,223410824
2024-07-17 09:44:17,90100.0,1100,Sell,223410845
2024-07-17 09:44:20,90000.0,1000,Sell,223410929
2024-07-17 09:44:27,90000.0,4600,Sell,223411126
2024-07-17 09:44:31,90000.0,100,Sell,223411231
2024-07-17 09:44:37,90000.0,1700,Sell,223411344
2024-07-17 09:44:40,90000.0,100,Buy,223411393
2024-07-17 09:44:41,90000.0,200,Buy,223411405
2024-07-17 09:44:44,90000.0,100,Buy,223411468
2024-07-17 09:44:48,90000.0,100,Buy,223411591
2024-07-17 09:44:49,90000.0,5000,Buy,223411603
2024-07-17 09:45:01,89000.0,500,Sell,223411944
2024-07-17 09:45:03,90000.0,200,Buy,223412000
2024-07-17 09:45:05,89000.0,200,Sell,223412141
2024-07-17 09:45:06,90000.0,100,Buy,223412174
2024-07-17 09:45:13,89900.0,100,Buy,223412324
2024-07-17 09:45:16,89900.0,100,Buy,223412438
2024-07-17 09:45:19,90000.0,2300,Buy,223412530
2024-07-17 09:45:21,90000.0,2100,Sell,223412560
2024-07-17 09:45:28,90000.0,300,Sell,223412749
2024-07-17 09:45:51,90000.0,1000,Sell,223413311
2024-07-17 09:45:55,90100.0,100,Buy,223413410
2024-07-17 09:46:03,90200.0,1000,Buy,223413557
2024-07-17 09:46:11,90200.0,300,Sell,223413789
2024-07-17 09:46:43,90500.0,100,Buy,223414697
2024-07-17 09:46:48,90500.0,100,Buy,223414929
2024-07-17 09:46:51,90500.0,500,Buy,223415037
2024-07-17 09:47:11,91000.0,100,Buy,223415621
2024-07-17 09:47:13,90600.0,200,Sell,223415673
2024-07-17 09:47:18,91000.0,300,Buy,223415847
2024-07-17 09:47:19,91000.0,1200,Buy,223415895
2024-07-17 09:47:20,91000.0,2000,Buy,223415971
2024-07-17 09:47:33,91000.0,500,Buy,223416413
2024-07-17 09:47:41,90900.0,100,ATO/ATC,223416662
2024-07-17 09:47:43,90900.0,300,Buy,223416757
2024-07-17 09:47:50,90900.0,300,Buy,223417013
2024-07-17 09:48:03,91000.0,200,Buy,223417394
2024-07-17 09:48:08,91000.0,1500,Buy,223417533
2024-07-17 09:48:12,91000.0,300,Buy,223417775
2024-07-17 09:48:20,91000.0,100,Buy,223418067
2024-07-17 09:48:21,91000.0,100,Buy,223418105
2024-07-17 09:48:23,91000.0,100,Buy,223418150
2024-07-17 09:48:25,91000.0,100,Buy,223418202
2024-07-17 09:48:27,91000.0,200,Buy,223418280
2024-07-17 09:48:48,91900.0,100,Buy,223418983
2024-07-17 09:48:49,91000.0,200,Sell,223419015
2024-07-17 09:49:39,91000.0,1200,Sell,223421319
2024-07-17 09:50:01,91000.0,2600,Sell,223422000
2024-07-17 09:50:06,91000.0,300,Buy,223422186
2024-07-17 09:50:12,90900.0,200,Sell,223422389
2024-07-17 09:50:16,90900.0,200,Buy,223422491
2024-07-17 09:50:22,91000.0,100,Sell,223422677
2024-07-17 09:50:28,91000.0,300,Sell,223422849
2024-07-17 09:53:44,91200.0,100,Sell,223430752
2024-07-17 09:54:18,91200.0,1000,Sell,223432102
2024-07-17 09:54:28,91100.0,1000,Sell,223432504
2024-07-17 09:55:09,91100.0,100,Sell,223434002
2024-07-17 09:55:22,91900.0,500,Buy,223434447
2024-07-17 09:55:45,91900.0,500,Buy,223435344
2024-07-17 09:55:46,91900.0,100,Buy,223435375
2024-07-17 09:56:16,91900.0,100,Buy,223436276
2024-07-17 09:56:53,91900.0,200,Buy,223437851
2024-07-17 09:57:10,91900.0,400,Buy,223438477
2024-07-17 09:57:14,91900.0,200,Buy,223438679
2024-07-17 09:57:46,91900.0,500,Buy,223440288
2024-07-17 09:59:10,91900.0,1200,Buy,223444969
2024-07-17 09:59:19,91600.0,200,Sell,223445579
2024-07-17 10:00:12,91600.0,100,Sell,223448444
2024-07-17 10:00:35,91600.0,100,Sell,223449653
2024-07-17 10:00:40,91600.0,200,Sell,223449859
2024-07-17 10:00:52,91600.0,100,Sell,223450403
2024-07-17 10:01:34,91600.0,100,Buy,223452389
2024-07-17 10:01:46,91500.0,1300,Sell,223452872
2024-07-17 10:02:32,91100.0,100,Sell,223454972
2024-07-17 10:03:24,91000.0,2300,Sell,223456711
2024-07-17 10:03:31,91000.0,100,Sell,223457019
2024-07-17 10:03:40,91000.0,2800,Sell,223457368
2024-07-17 10:03:50,91000.0,2300,Sell,223457890
2024-07-17 10:04:07,91000.0,300,Sell,223458592
2024-07-17 10:04:16,91000.0,5100,Buy,223459242
2024-07-17 10:05:09,91000.0,1100,Buy,223461516
2024-07-17 10:05:27,90900.0,500,Sell,223462251
2024-07-17 10:05:46,90900.0,500,Sell,223463081
2024-07-17 10:06:46,90800.0,400,ATO/ATC,223465122
2024-07-17 10:07:08,90900.0,100,ATO/ATC,223466271
2024-07-17 10:07:48,90800.0,100,Sell,223467599
2024-07-17 10:09:27,91000.0,600,Buy,223470496
2024-07-17 10:09:34,90800.0,2100,Sell,223470697
2024-07-17 10:10:26,91000.0,300,Buy,223472048
2024-07-17 10:10:38,90900.0,400,Buy,223472329
2024-07-17 10:10:49,90800.0,100,Sell,223472612
2024-07-17 10:11:18,90900.0,100,Buy,223473372
2024-07-17 10:11:22,90800.0,200,Sell,223473473
2024-07-17 10:11:41,90900.0,100,ATO/ATC,223473926
2024-07-17 10:12:30,90900.0,100,Buy,223475192
2024-07-17 10:12:45,90900.0,100,Buy,223475641
2024-07-17 10:12:59,90800.0,200,Sell,223476112
2024-07-17 10:13:07,90800.0,300,Sell,223476282
2024-07-17 10:13:15,90800.0,200,Sell,223476544
2024-07-17 10:13:34,90800.0,300,Sell,223477253
2024-07-17 10:14:15,90800.0,400,Sell,223479068
2024-07-17 10:14:59,90800.0,200,Sell,223480968
2024-07-17 10:16:01,90800.0,900,Sell,223485011
2024-07-17 10:17:06,90800.0,500,Sell,223490647
2024-07-17 10:17:11,90800.0,1600,Sell,223491104
2024-07-17 10:17:12,90800.0,800,Sell,223491216
2024-07-17 10:17:16,90800.0,100,Buy,223491516
2024-07-17 10:17:55,90700.0,200,Sell,223494925
2024-07-17 10:18:17,90700.0,100,Buy,223497036
2024-07-17 10:18:21,90700.0,400,ATO/ATC,223497355
2024-07-17 10:18:23,90600.0,100,Sell,223497506
2024-07-17 10:18:43,90600.0,1000,Sell,223499274
2024-07-17 10:18:56,90600.0,200,ATO/ATC,223501090
2024-07-17 10:19:09,90500.0,400,Sell,223502202
2024-07-17 10:19:21,90500.0,400,Sell,223503260
2024-07-17 10:19:30,90500.0,100,Sell,223504078
2024-07-17 10:19:35,90500.0,300,Sell,223504489
2024-07-17 10:19:38,90500.0,500,Sell,223504750
2024-07-17 10:19:40,90500.0,1700,Sell,223504896
2024-07-17 10:19:51,90300.0,1000,Sell,223505710
2024-07-17 10:20:15,90200.0,1800,Sell,223507462
2024-07-17 10:20:25,90000.0,2000,Sell,223508297
2024-07-17 10:20:58,90000.0,3000,Sell,223510916
2024-07-17 10:21:30,90000.0,200,Sell,223513453
2024-07-17 10:21:36,90000.0,700,Sell,223513794
2024-07-17 10:21:54,90000.0,200,Sell,223514852
2024-07-17 10:23:32,90100.0,300,Sell,223522273
2024-07-17 10:24:09,90000.0,300,Sell,223524988
2024-07-17 10:24:14,90100.0,1000,Buy,223525294
2024-07-17 10:24:21,90100.0,200,Buy,223525765
2024-07-17 10:24:30,90100.0,100,Buy,223526294
2024-07-17 10:25:04,90100.0,100,Buy,223527941
2024-07-17 10:25:30,90100.0,1600,Buy,223529031
2024-07-17 10:25:31,90100.0,800,Buy,223529077
2024-07-17 10:25:36,90100.0,1000,Buy,223529298
2024-07-17 10:25:48,90100.0,100,Buy,223529826
2024-07-17 10:26:03,90100.0,200,Buy,223530455
2024-07-17 10:26:16,90100.0,400,Buy,223530940
2024-07-17 10:26:25,90100.0,200,Buy,223531393
2024-07-17 10:26:28,90100.0,200,Buy,223531518
2024-07-17 10:26:29,90100.0,400,Buy,223531540
2024-07-17 10:26:38,90000.0,100,Sell,223531866
2024-07-17 10:26:39,90100.0,1000,Buy,223531893
2024-07-17 10:26:47,90100.0,100,Buy,223532219
2024-07-17 10:26:48,90000.0,1000,Sell,223532260
2024-07-17 10:26:50,90100.0,1600,Buy,223532355
2024-07-17 10:26:57,90100.0,100,Buy,223532553
2024-07-17 10:26:59,90100.0,300,Buy,223532616
2024-07-17 10:27:05,90100.0,100,Buy,223532819
2024-07-17 10:27:06,90100.0,200,Buy,223532862
2024-07-17 10:27:20,90100.0,500,Buy,223533332
2024-07-17 10:27:38,90100.0,200,Buy,223533981
2024-07-17 10:27:51,90100.0,1900,Buy,223534416
2024-07-17 10:27:54,90100.0,300,Buy,223534549
2024-07-17 10:28:15,90100.0,100,Buy,223535194
2024-07-17 10:28:40,90100.0,100,Buy,223535994
2024-07-17 10:28:42,90000.0,2000,Sell,223536070
2024-07-17 10:28:44,90100.0,100,Buy,223536133
2024-07-17 10:28:58,90100.0,200,Buy,223536568
2024-07-17 10:29:08,90100.0,100,Buy,223536866
2024-07-17 10:29:51,90100.0,100,Buy,223538074
2024-07-17 10:30:23,90100.0,200,Buy,223538956
2024-07-17 10:30:27,90100.0,100,Buy,223539112
2024-07-17 10:30:34,90100.0,200,Buy,223539321
2024-07-17 10:30:36,90100.0,500,Buy,223539377
2024-07-17 10:30:40,90000.0,100,Sell,223539578
2024-07-17 10:31:29,90000.0,2000,Sell,223540910
2024-07-17 10:31:32,90000.0,100,Sell,223541019
2024-07-17 10:32:20,90100.0,2000,Buy,223542466
2024-07-17 10:32:22,90100.0,500,Buy,223542495
2024-07-17 10:32:36,90100.0,800,Buy,223542860
2024-07-17 10:33:27,90200.0,300,Buy,223544318
2024-07-17 10:33:33,90200.0,300,Buy,223544467
2024-07-17 10:33:38,90200.0,200,Buy,223544602
2024-07-17 10:33:42,90100.0,1300,Sell,223544821
2024-07-17 10:33:56,90100.0,1000,Sell,223545207
2024-07-17 10:34:04,90200.0,100,Buy,223545511
2024-07-17 10:34:07,90200.0,500,Buy,223545580
2024-07-17 10:34:12,90200.0,700,Sell,223545756
2024-07-17 10:34:46,90300.0,500,Buy,223546870
2024-07-17 10:36:05,90300.0,100,Sell,223549335
2024-07-17 10:37:01,90500.0,100,Buy,223550864
2024-07-17 10:37:26,90500.0,100,Buy,223551656
2024-07-17 10:37:31,90500.0,1000,Buy,223551848
2024-07-17 10:37:39,90500.0,500,Buy,223552065
2024-07-17 10:37:59,90500.0,300,Buy,223552605
2024-07-17 10:38:45,90500.0,100,Buy,223554052
2024-07-17 10:38:51,90500.0,100,Buy,223554232
2024-07-17 10:38:56,90500.0,500,Buy,223554449
2024-07-17 10:39:03,90500.0,500,Buy,223554744
2024-07-17 10:39:06,90500.0,100,ATO/ATC,223554830
2024-07-17 10:39:43,90500.0,100,Sell,223556062
2024-07-17 10:40:38,90600.0,1300,Buy,223558208
2024-07-17 10:40:44,90500.0,100,Sell,223558483
2024-07-17 10:41:47,90600.0,100,Buy,223560987
2024-07-17 10:41:51,90600.0,100,Buy,223561171
2024-07-17 10:42:00,90600.0,100,Buy,223561476
2024-07-17 10:42:51,90500.0,2200,Sell,223563778
2024-07-17 10:43:31,90400.0,800,Sell,223565389
2024-07-17 10:47:08,90400.0,2000,Sell,223573512
2024-07-17 10:49:29,90400.0,300,Sell,223577865
2024-07-17 10:49:51,90500.0,100,ATO/ATC,223578560
2024-07-17 10:50:16,90500.0,1000,Buy,223579355
2024-07-17 10:50:33,90400.0,500,Sell,223579835
2024-07-17 10:51:33,90400.0,800,Sell,223581316
2024-07-17 10:51:34,90400.0,100,Buy,223581425
2024-07-17 10:51:44,90400.0,300,Sell,223581732
2024-07-17 10:52:41,90400.0,700,Buy,223583296
2024-07-17 10:53:30,90400.0,300,Sell,223584541
2024-07-17 10:54:39,90400.0,100,Sell,223586100
2024-07-17 10:55:19,90400.0,1000,Buy,223587153
2024-07-17 10:55:51,90400.0,100,Buy,223588144
2024-07-17 10:56:10,90400.0,100,Buy,223588712
2024-07-17 10:56:21,90400.0,200,Buy,223589101
2024-07-17 10:56:28,90400.0,100,Buy,223589343
2024-07-17 10:57:01,90400.0,500,Buy,223590332
2024-07-17 10:57:08,90300.0,1500,Sell,223590605
2024-07-17 10:57:10,90400.0,100,Buy,223590667
2024-07-17 10:57:31,90400.0,500,Buy,223591373
2024-07-17 10:58:01,90400.0,300,Buy,223592586
2024-07-17 10:58:06,90400.0,300,Buy,223592692
2024-07-17 10:58:31,90400.0,300,Buy,223593621
2024-07-17 10:58:32,90300.0,800,Buy,223593698
2024-07-17 10:58:47,90300.0,500,Buy,223594349
2024-07-17 10:59:19,90300.0,1000,Buy,223595616
2024-07-17 10:59:55,90300.0,200,Buy,223596846
2024-07-17 11:00:40,90300.0,100,Sell,223598505
2024-07-17 11:01:40,90300.0,1300,Sell,223600498
2024-07-17 11:01:41,90400.0,200,Buy,223600518
2024-07-17 11:02:11,90400.0,200,Buy,223601646
2024-07-17 11:02:18,90400.0,400,Sell,223601839
2024-07-17 11:02:48,90400.0,100,Sell,223602789
2024-07-17 11:04:04,90400.0,100,Buy,223606112
2024-07-17 11:07:51,90600.0,1000,Buy,223614393
2024-07-17 11:08:22,90600.0,1000,Buy,223615638
2024-07-17 11:08:40,90600.0,600,Sell,223616627
2024-07-17 11:09:29,90700.0,300,Buy,223618000
2024-07-17 11:11:26,90800.0,100,Sell,223621300
2024-07-17 11:13:01,90900.0,100,Buy,223624686
2024-07-17 11:13:46,90900.0,300,Buy,223625651
2024-07-17 11:13:58,90900.0,200,ATO/ATC,223626017
2024-07-17 11:15:45,91000.0,200,Buy,223628560
2024-07-17 11:15:56,91000.0,500,Buy,223628818
2024-07-17 11:16:24,91000.0,500,Buy,223629418
2024-07-17 11:16:28,91000.0,100,Buy,223629479
2024-07-17 11:16:40,91000.0,100,Buy,223629783
2024-07-17 11:16:51,91000.0,700,ATO/ATC,223630104
2024-07-17 11:17:45,91000.0,500,Sell,223631189
2024-07-17 11:18:10,91000.0,700,Sell,223631720
2024-07-17 11:21:53,91000.0,200,Sell,223636242
2024-07-17 11:24:55,91100.0,100,Sell,223639589
2024-07-17 11:25:46,91900.0,900,Buy,223640589
2024-07-17 11:25:47,91900.0,500,Buy,223640606
2024-07-17 11:26:54,92000.0,1000,Buy,223641877
2024-07-17 11:26:58,92000.0,200,Buy,223641954
2024-07-17 11:27:43,92400.0,100,Buy,223642792
2024-07-17 11:27:50,92500.0,500,Buy,223642892
2024-07-17 11:29:52,92800.0,500,Buy,223645495
2024-07-17 13:00:02,92800.0,500,Buy,223647506
2024-07-17 13:00:05,92800.0,1900,Buy,223648386
2024-07-17 13:00:08,92800.0,100,Sell,223649308
2024-07-17 13:00:30,92800.0,100,Sell,223651305
2024-07-17 13:00:47,92800.0,200,Sell,223651804
2024-07-17 13:00:59,92500.0,800,Sell,223652172
2024-07-17 13:01:05,92500.0,100,Sell,223652333
2024-07-17 13:01:22,92500.0,300,Sell,223652719
2024-07-17 13:01:28,92500.0,100,Sell,223652906
2024-07-17 13:02:29,92500.0,1900,Sell,223655173
2024-07-17 13:05:11,92500.0,100,Sell,223660564
2024-07-17 13:05:33,92500.0,1000,Sell,223661514
2024-07-17 13:06:08,92500.0,300,Sell,223662686
2024-07-17 13:06:36,92500.0,200,Sell,223663682
2024-07-17 13:07:09,92500.0,1000,Sell,223664822
2024-07-17 13:07:16,92500.0,200,Buy,223665060
2024-07-17 13:07:32,92500.0,500,Buy,223665632
2024-07-17 13:08:44,92500.0,800,Buy,223668081
2024-07-17 13:09:15,92400.0,100,ATO/ATC,223669094
2024-07-17 13:09:39,92400.0,300,Sell,223670081
2024-07-17 13:09:45,92400.0,200,Sell,223670274
2024-07-17 13:11:03,92400.0,500,Buy,223673001
2024-07-17 13:12:49,92400.0,300,Sell,223676486
2024-07-17 13:13:09,92500.0,2400,Buy,223677404
2024-07-17 13:13:50,92500.0,100,Buy,223679181
2024-07-17 13:14:34,92500.0,500,Buy,223680885
2024-07-17 13:15:34,92500.0,500,Buy,223683095
2024-07-17 13:16:20,92500.0,500,Buy,223685204
2024-07-17 13:16:34,92400.0,300,Sell,223685990
2024-07-17 13:16:47,92100.0,300,Sell,223686639
2024-07-17 13:17:09,92000.0,100,Sell,223687582
2024-07-17 13:17:18,92000.0,200,Sell,223687970
2024-07-17 13:18:26,92400.0,300,Buy,223691296
2024-07-17 13:19:35,92400.0,100,Sell,223694839
2024-07-17 13:19:43,92400.0,100,Sell,223695317
2024-07-17 13:19:50,92400.0,100,Buy,223695665
2024-07-17 13:21:48,92500.0,1400,Buy,223701740
2024-07-17 13:22:49,92500.0,200,Buy,223705240
2024-07-17 13:25:10,92500.0,200,Sell,223711646
2024-07-17 13:28:57,92500.0,1000,Sell,223722094
2024-07-17 13:30:21,92800.0,1200,Buy,223726761
2024-07-17 13:31:29,92900.0,100,Buy,223730527
2024-07-17 13:31:34,92900.0,100,Buy,223730794
2024-07-17 13:31:48,92900.0,100,Buy,223731423
2024-07-17 13:31:52,92900.0,200,Buy,223731695
2024-07-17 13:32:02,92900.0,100,Buy,223732774
2024-07-17 13:32:11,92900.0,500,Buy,223733295
2024-07-17 13:32:18,92900.0,100,Buy,223733630
2024-07-17 13:32:28,92900.0,100,Buy,223734097
2024-07-17 13:33:32,92900.0,100,Sell,223737406
2024-07-17 13:33:57,92900.0,500,Buy,223738694
2024-07-17 13:34:47,92900.0,100,Buy,223741177
2024-07-17 13:34:58,92900.0,100,Buy,223742042
2024-07-17 13:35:19,92900.0,400,Sell,223743160
2024-07-17 13:35:43,92900.0,100,Buy,223744766
2024-07-17 13:36:37,92900.0,1000,Sell,223747809
2024-07-17 13:38:42,92800.0,3000,Sell,223754472
2024-07-17 13:39:16,92800.0,800,Sell,223756465
2024-07-17 13:40:39,92900.0,200,ATO/ATC,223761883
2024-07-17 13:41:53,92900.0,500,Sell,223767444
2024-07-17 13:43:42,93000.0,1000,Buy,223775262
2024-07-17 13:43:43,92900.0,100,Sell,223775319
2024-07-17 13:44:14,93000.0,800,Buy,223777312
2024-07-17 13:44:33,93000.0,500,Buy,223778292
2024-07-17 13:44:51,92900.0,500,Sell,223779105
2024-07-17 13:44:53,93000.0,200,Buy,223779582
2024-07-17 13:45:01,93000.0,300,Buy,223779975
2024-07-17 13:45:20,92900.0,100,Buy,223781092
2024-07-17 13:45:50,92900.0,100,Buy,223782459
2024-07-17 13:45:51,92800.0,200,Sell,223782540
2024-07-17 13:46:22,92800.0,100,Sell,223783963
2024-07-17 13:46:58,92900.0,1000,ATO/ATC,223785550
2024-07-17 13:47:31,92800.0,200,Sell,223787042
2024-07-17 13:48:38,92800.0,300,Sell,223790121
2024-07-17 13:49:58,92900.0,200,Sell,223794005
2024-07-17 13:50:06,92900.0,300,Sell,223794333
2024-07-17 13:50:28,92900.0,100,Sell,223795570
2024-07-17 13:51:08,93000.0,1000,Buy,223797517
2024-07-17 13:51:09,93400.0,2000,Buy,223797594
2024-07-17 13:51:26,92900.0,200,Sell,223798325
2024-07-17 13:51:40,92900.0,100,Sell,223798972
2024-07-17 13:54:19,93200.0,1100,ATO/ATC,223807082
2024-07-17 13:54:56,93200.0,100,Sell,223809267
2024-07-17 13:55:06,93200.0,500,Sell,223809785
2024-07-17 13:56:26,92900.0,4100,Sell,223814187
2024-07-17 13:56:55,92900.0,300,Sell,223815359
2024-07-17 13:57:26,92900.0,200,Sell,223816832
2024-07-17 13:57:31,92900.0,700,Buy,223817129
2024-07-17 13:58:22,92700.0,3500,Buy,223820018
2024-07-17 13:58:36,92700.0,500,Buy,223820877
2024-07-17 13:58:54,92700.0,600,Buy,223821890
2024-07-17 13:59:23,92700.0,400,Buy,223823597
2024-07-17 14:02:07,92700.0,1800,Sell,223833991
2024-07-17 14:02:48,92600.0,200,Sell,223836859
2024-07-17 14:03:03,92600.0,500,Sell,223838067
2024-07-17 14:03:16,92600.0,100,Sell,223839186
2024-07-17 14:03:20,92600.0,100,Sell,223839677
2024-07-17 14:04:07,92600.0,100,Sell,223843916
2024-07-17 14:04:08,92600.0,500,Sell,223843959
2024-07-17 14:05:44,92600.0,200,Sell,223853991
2024-07-17 14:06:04,92600.0,500,ATO/ATC,223856056
2024-07-17 14:06:28,92500.0,500,Sell,223858535
2024-07-17 14:09:11,92500.0,1800,Sell,223873364
2024-07-17 14:09:14,92500.0,500,Sell,223873627
2024-07-17 14:09:44,92500.0,100,Sell,223875833
2024-07-17 14:12:31,92600.0,100,Sell,223887926
2024-07-17 14:12:50,92600.0,200,Sell,223889252
2024-07-17 14:13:58,92600.0,100,Sell,223895102
2024-07-17 14:14:22,92600.0,200,Sell,223896978
2024-07-17 14:14:28,92600.0,100,Sell,223897421
2024-07-17 14:15:39,92600.0,200,Sell,223903027
2024-07-17 14:15:57,92600.0,100,Sell,223904347
2024-07-17 14:16:38,92500.0,2000,Sell,223908107
2024-07-17 14:17:29,92500.0,200,Sell,223912923
2024-07-17 14:17:38,92500.0,1000,Sell,223913981
2024-07-17 14:17:46,92500.0,200,Sell,223914854
2024-07-17 14:17:49,92500.0,1300,Sell,223915263
2024-07-17 14:17:59,92500.0,500,Buy,223916490
2024-07-17 14:18:09,92400.0,500,Sell,223917954
2024-07-17 14:18:23,92400.0,200,Sell,223920162
2024-07-17 14:18:28,92400.0,100,Sell,223920726
2024-07-17 14:18:50,92000.0,3600,Sell,223923859
2024-07-17 14:19:13,91000.0,3300,Sell,223927979
2024-07-17 14:19:14,91000.0,200,Buy,223928189
2024-07-17 14:19:16,91000.0,100,Buy,223928371
2024-07-17 14:19:31,91000.0,100,Buy,223931501
2024-07-17 14:19:33,91000.0,100,Buy,223931981
2024-07-17 14:19:44,91000.0,500,Buy,223934411
2024-07-17 14:19:52,91000.0,100,Buy,223936304
2024-07-17 14:20:49,91000.0,100,Buy,223951338
2024-07-17 14:20:50,90900.0,500,Sell,223951873
2024-07-17 14:20:51,90900.0,800,Sell,223952207
2024-07-17 14:21:00,90900.0,100,Buy,223954532
2024-07-17 14:21:09,90800.0,400,Sell,223956905
2024-07-17 14:21:30,90700.0,300,Sell,223963286
2024-07-17 14:21:32,90800.0,500,Buy,223963790
2024-07-17 14:21:44,90700.0,200,Buy,223967364
2024-07-17 14:22:11,90500.0,500,Sell,223976255
2024-07-17 14:22:12,90700.0,100,Buy,223976476
2024-07-17 14:22:23,90700.0,100,Buy,223979518
2024-07-17 14:22:42,90500.0,200,Sell,223984389
2024-07-17 14:22:47,90500.0,500,Sell,223985735
2024-07-17 14:22:53,90600.0,100,Buy,223987279
2024-07-17 14:23:01,90500.0,600,Sell,223989371
2024-07-17 14:23:02,90600.0,100,Buy,223989620
2024-07-17 14:23:08,90600.0,100,Buy,223991074
2024-07-17 14:23:10,90500.0,700,Sell,223991444
2024-07-17 14:23:13,90500.0,100,Sell,223992276
2024-07-17 14:23:16,90600.0,500,Buy,223992794
2024-07-17 14:23:29,90500.0,100,Sell,223996360
2024-07-17 14:23:32,90500.0,3900,Buy,223997199
2024-07-17 14:23:46,90400.0,300,Buy,224001405
2024-07-17 14:24:05,90300.0,1000,Sell,224005558
2024-07-17 14:24:09,90100.0,1100,Sell,224006670
2024-07-17 14:24:20,90100.0,1100,Sell,224009210
2024-07-17 14:24:31,90100.0,100,Buy,224011574
2024-07-17 14:24:34,90000.0,100,Sell,224012405
2024-07-17 14:24:35,90000.0,300,Sell,224012545
2024-07-17 14:24:36,90100.0,100,Buy,224013265
2024-07-17 14:24:37,90000.0,500,Sell,224013584
2024-07-17 14:25:05,90100.0,500,Buy,224020420
2024-07-17 14:25:28,90100.0,1000,Buy,224025650
2024-07-17 14:25:31,90100.0,100,Buy,224026192
2024-07-17 14:25:38,90000.0,200,Sell,224027592
2024-07-17 14:25:50,90000.0,900,Sell,224029698
2024-07-17 14:25:52,90100.0,100,Buy,224030092
2024-07-17 14:25:56,90000.0,500,Sell,224030898
2024-07-17 14:26:04,90000.0,2000,Sell,224032449
2024-07-17 14:26:12,90000.0,900,Sell,224033718
2024-07-17 14:26:18,90000.0,400,Sell,224034795
2024-07-17 14:26:26,90100.0,5000,Buy,224036092
2024-07-17 14:26:37,90100.0,800,Buy,224038042
2024-07-17 14:26:47,90100.0,500,Buy,224039726
2024-07-17 14:26:52,90100.0,100,Buy,224040536
2024-07-17 14:27:09,90100.0,300,Buy,224043301
2024-07-17 14:27:20,90100.0,300,Buy,224045032
2024-07-17 14:27:22,90000.0,1700,Sell,224045412
2024-07-17 14:27:38,90100.0,100,Buy,224048043
2024-07-17 14:27:55,90000.0,100,Sell,224050390
2024-07-17 14:28:23,90000.0,900,Sell,224054677
2024-07-17 14:28:28,90000.0,200,Sell,224055395
2024-07-17 14:28:33,90100.0,500,Buy,224056133
2024-07-17 14:28:44,90100.0,100,Buy,224057708
2024-07-17 14:29:04,90000.0,100,Sell,224060652
2024-07-17 14:29:05,90100.0,400,Buy,224060752
2024-07-17 14:29:11,90100.0,1000,Buy,224061623
2024-07-17 14:29:12,90100.0,400,Buy,224061774
2024-07-17 14:29:13,90100.0,300,ATO/ATC,224061935
2024-07-17 14:29:24,90200.0,200,Buy,224063476
2024-07-17 14:29:27,90100.0,300,Sell,224063905
2024-07-17 14:29:29,90200.0,200,Buy,224064048
2024-07-17 14:29:48,90200.0,300,ATO/ATC,224066789
2024-07-17 14:30:06,90400.0,100,Buy,224068127
2024-07-17 14:30:28,90500.0,1600,Buy,224068230
2024-07-17 14:30:36,91000.0,300,Buy,224068273
2024-07-17 14:30:42,90500.0,100,Sell,224068304
2024-07-17 14:34:07,90500.0,1400,Sell,224068990
2024-07-17 14:34:25,90500.0,700,Buy,224069055
2024-07-17 14:35:55,90500.0,100,Buy,224069289
2024-07-17 14:37:21,90500.0,500,Buy,224069492
2024-07-17 14:38:39,90400.0,200,Sell,224069664
2024-07-17 14:38:55,90500.0,700,Buy,224069688
2024-07-17 14:39:07,90500.0,800,Buy,224069714
2024-07-17 14:39:18,90400.0,500,Sell,224069742
2024-07-17 14:39:31,90500.0,1500,Buy,224069766
2024-07-17 14:42:21,90500.0,200,Sell,224070066
2024-07-17 14:43:09,90600.0,100,Sell,224070155
2024-07-17 14:44:10,90600.0,500,Buy,224070279
2024-07-17 14:45:21,92500.0,3300,Buy,224070940
2024-07-17 14:45:25,92500.0,3000,Buy,224070969
2024-07-17 14:50:52,92400.0,300,Buy,224071579
2024-07-17 14:51:48,92400.0,1300,Sell,224071665
2024-07-17 14:51:50,92400.0,200,Buy,224071668
