time,price,volume,match_type,id
2024-07-26 09:09:37,90500.0,100,Buy,226561603
2024-07-26 09:17:51,90500.0,900,Sell,226565285
2024-07-26 09:23:41,90400.0,100,ATO/ATC,226571567
2024-07-26 09:26:07,90000.0,500,ATO/ATC,226574277
2024-07-26 09:31:37,90000.0,300,Buy,226580599
2024-07-26 09:45:13,89300.0,100,Buy,226594502
2024-07-26 09:45:25,89200.0,100,ATO/ATC,226594688
2024-07-26 09:46:47,89100.0,1700,ATO/ATC,226595857
2024-07-26 09:50:07,89000.0,700,Sell,226599365
2024-07-26 10:02:12,88800.0,300,ATO/ATC,226612471
2024-07-26 10:03:30,88800.0,100,ATO/ATC,226613926
2024-07-26 10:05:03,88700.0,100,Sell,226615343
2024-07-26 10:14:56,88700.0,100,Sell,226624831
2024-07-26 10:15:14,88600.0,900,Sell,226625066
2024-07-26 10:34:23,88600.0,200,Sell,226641783
2024-07-26 10:48:49,88600.0,2300,Sell,226654409
2024-07-26 11:01:11,88300.0,3000,Sell,226664811
2024-07-26 13:00:06,89000.0,2000,Buy,226690701
2024-07-26 13:02:37,89000.0,500,Buy,226694922
2024-07-26 13:04:38,89000.0,500,Sell,226697652
2024-07-26 13:06:17,89000.0,1600,Buy,226699693
2024-07-26 13:07:33,88800.0,300,Buy,226701218
2024-07-26 13:13:43,89000.0,1000,Buy,226709978
2024-07-26 13:14:14,89000.0,300,Buy,226710713
2024-07-26 13:17:40,89100.0,200,Sell,226715946
2024-07-26 13:19:53,89300.0,300,Sell,226719388
2024-07-26 13:20:31,89900.0,500,Buy,226720494
2024-07-26 13:20:41,89900.0,300,Buy,226720755
2024-07-26 13:20:53,90000.0,3000,Buy,226721070
2024-07-26 13:21:46,90100.0,100,Buy,226722711
2024-07-26 13:24:23,90100.0,100,ATO/ATC,226727313
2024-07-26 13:24:44,90000.0,800,Sell,226727908
2024-07-26 13:25:47,90300.0,100,Buy,226729515
2024-07-26 13:26:15,90300.0,100,Buy,226730395
2024-07-26 13:26:34,90400.0,100,Sell,226730834
2024-07-26 13:27:03,90500.0,500,Buy,226731521
2024-07-26 13:27:31,90500.0,400,Sell,226732157
2024-07-26 13:27:46,90600.0,100,Buy,226732440
2024-07-26 13:28:36,90700.0,100,Buy,226733498
2024-07-26 13:28:46,90700.0,100,Buy,226733731
2024-07-26 13:28:51,90700.0,100,Sell,226733823
2024-07-26 13:29:41,90700.0,300,Sell,226734841
2024-07-26 13:29:59,90700.0,400,Buy,226735183
2024-07-26 13:30:11,90700.0,100,Sell,226735417
2024-07-26 13:30:56,90900.0,200,Buy,226736357
2024-07-26 13:31:37,91000.0,500,Buy,226737175
2024-07-26 13:31:38,91000.0,1800,Sell,226737193
2024-07-26 13:31:40,91000.0,200,Sell,226737245
2024-07-26 13:32:31,91100.0,100,Sell,226738231
2024-07-26 13:33:31,91100.0,600,Sell,226739335
2024-07-26 13:33:35,91100.0,700,Sell,226739386
2024-07-26 13:33:46,91100.0,500,Buy,226739621
2024-07-26 13:33:49,91100.0,100,Buy,226739685
2024-07-26 13:34:00,91100.0,500,Buy,226739952
2024-07-26 13:34:04,91100.0,200,Buy,226740028
2024-07-26 13:34:10,91100.0,300,Sell,226740141
2024-07-26 13:36:08,91100.0,1700,Sell,226742561
2024-07-26 13:36:09,91200.0,100,Buy,226742579
2024-07-26 13:36:17,91100.0,100,Sell,226742707
2024-07-26 13:36:56,91100.0,100,Sell,226743771
2024-07-26 13:37:03,91200.0,1900,Buy,226743940
2024-07-26 13:37:04,91200.0,100,Sell,226743967
2024-07-26 13:37:43,91300.0,1200,Buy,226744844
2024-07-26 13:38:13,91400.0,200,Buy,226745428
2024-07-26 13:38:35,91500.0,500,Buy,226745845
2024-07-26 13:38:46,91500.0,100,Buy,226746028
2024-07-26 13:38:50,91500.0,100,Buy,226746113
2024-07-26 13:38:52,91500.0,300,Buy,226746163
2024-07-26 13:38:58,91500.0,100,Sell,226746293
2024-07-26 13:39:33,91500.0,500,Sell,226747339
2024-07-26 13:40:03,91500.0,100,Sell,226748009
2024-07-26 13:40:16,91500.0,500,Sell,226748261
2024-07-26 13:40:29,91500.0,400,Buy,226748684
2024-07-26 13:40:32,91500.0,500,Sell,226748740
2024-07-26 13:40:37,91500.0,100,Sell,226748878
2024-07-26 13:41:05,91500.0,100,Sell,226749504
2024-07-26 13:41:14,91500.0,400,Sell,226749730
2024-07-26 13:41:46,91500.0,500,Buy,226750684
2024-07-26 13:42:33,91400.0,100,Sell,226751875
2024-07-26 13:44:10,91400.0,100,Sell,226754260
2024-07-26 13:44:31,91400.0,200,Sell,226754749
2024-07-26 13:44:32,91400.0,100,Sell,226754766
2024-07-26 13:44:54,91400.0,200,Sell,226755215
2024-07-26 13:45:06,91400.0,100,Sell,226755422
2024-07-26 13:45:14,91400.0,100,Sell,226755581
2024-07-26 13:45:16,91400.0,200,Sell,226755620
2024-07-26 13:45:26,91400.0,100,Buy,226755842
2024-07-26 13:47:08,91400.0,500,Buy,226758032
2024-07-26 13:47:23,91400.0,700,Buy,226758307
2024-07-26 13:47:36,91500.0,100,Buy,226758616
2024-07-26 13:47:37,91400.0,100,Sell,226758630
2024-07-26 13:47:56,91400.0,100,Sell,226758996
2024-07-26 13:48:19,91300.0,1000,Sell,226759520
2024-07-26 13:48:39,91300.0,100,Sell,226759986
2024-07-26 13:49:23,91400.0,100,Buy,226761209
2024-07-26 13:49:45,91300.0,500,Sell,226761715
2024-07-26 13:51:19,91300.0,300,Sell,226763921
2024-07-26 13:51:51,91300.0,200,Sell,226764812
2024-07-26 13:52:46,91300.0,100,Sell,226766183
2024-07-26 13:52:52,91300.0,100,Sell,226766313
2024-07-26 13:52:55,91300.0,100,Sell,226766392
2024-07-26 13:53:03,91300.0,400,Sell,226766806
2024-07-26 13:53:31,91300.0,200,Sell,226767592
2024-07-26 13:54:11,91200.0,200,Sell,226768607
2024-07-26 13:54:31,91200.0,300,ATO/ATC,226769210
2024-07-26 13:55:15,91200.0,500,Buy,226770440
2024-07-26 13:55:43,91200.0,200,Sell,226771492
2024-07-26 13:56:18,91200.0,400,Buy,226772341
2024-07-26 13:56:57,91200.0,500,Buy,226773404
2024-07-26 13:57:09,91200.0,500,Buy,226773876
2024-07-26 13:57:35,91000.0,4400,Buy,226774823
2024-07-26 13:58:17,90900.0,100,Sell,226776262
2024-07-26 13:58:47,90900.0,200,Sell,226777204
2024-07-26 13:58:50,90900.0,400,Buy,226777273
2024-07-26 14:00:54,90900.0,100,Buy,226780577
2024-07-26 14:02:11,90900.0,400,Buy,226782247
2024-07-26 14:05:36,90800.0,300,Sell,226786834
2024-07-26 14:05:38,90900.0,100,Buy,226786930
2024-07-26 14:06:17,90900.0,100,Buy,226787729
2024-07-26 14:07:09,90800.0,300,Sell,226788862
2024-07-26 14:08:28,90900.0,200,Buy,226790747
2024-07-26 14:09:19,90900.0,200,Buy,226792183
2024-07-26 14:09:32,90900.0,2000,Sell,226792519
2024-07-26 14:09:43,91000.0,2000,Buy,226792830
2024-07-26 14:10:10,91200.0,200,Buy,226793663
2024-07-26 14:10:36,91200.0,600,Buy,226794457
2024-07-26 14:10:38,91300.0,2000,Buy,226794524
2024-07-26 14:10:52,91300.0,2000,Buy,226794971
2024-07-26 14:10:57,91300.0,100,Buy,226795138
2024-07-26 14:11:00,91300.0,200,Buy,226795225
2024-07-26 14:11:02,91300.0,1400,Buy,226795324
2024-07-26 14:11:21,91400.0,700,Buy,226795761
2024-07-26 14:11:51,91500.0,200,Buy,226796819
2024-07-26 14:12:04,91500.0,100,Buy,226797179
2024-07-26 14:12:14,91500.0,500,Buy,226797462
2024-07-26 14:12:31,91600.0,500,Buy,226797891
2024-07-26 14:12:42,91600.0,100,Sell,226798197
2024-07-26 14:12:46,91600.0,100,Buy,226798343
2024-07-26 14:13:23,91500.0,200,Sell,226799624
2024-07-26 14:13:32,91500.0,100,Sell,226799985
2024-07-26 14:13:33,91600.0,100,Sell,226800013
2024-07-26 14:13:56,91600.0,100,ATO/ATC,226800807
2024-07-26 14:14:23,91600.0,200,Buy,226801570
2024-07-26 14:15:13,91600.0,1300,Buy,226803125
2024-07-26 14:15:14,91600.0,200,Buy,226803142
2024-07-26 14:15:33,91500.0,700,Sell,226803776
2024-07-26 14:15:54,91500.0,100,Sell,226804377
2024-07-26 14:15:56,91600.0,500,Buy,226804398
2024-07-26 14:16:05,91600.0,200,Buy,226804635
2024-07-26 14:16:10,91500.0,100,Sell,226804739
2024-07-26 14:16:21,91500.0,1000,Sell,226804962
2024-07-26 14:16:56,91600.0,200,Buy,226805968
2024-07-26 14:17:03,91600.0,3000,Buy,226806163
2024-07-26 14:17:46,91600.0,200,Buy,226807590
2024-07-26 14:17:59,91600.0,700,Sell,226807941
2024-07-26 14:19:41,91600.0,300,Sell,226810740
2024-07-26 14:20:06,91600.0,200,Sell,226811681
2024-07-26 14:20:27,91600.0,100,Sell,226812269
2024-07-26 14:20:53,91600.0,200,Sell,226812925
2024-07-26 14:21:02,91600.0,2000,Sell,226813207
2024-07-26 14:21:29,91700.0,800,Buy,226814063
2024-07-26 14:22:32,91700.0,100,Sell,226816066
2024-07-26 14:22:34,91800.0,100,Buy,226816163
2024-07-26 14:24:08,91700.0,100,Sell,226819032
2024-07-26 14:24:13,91800.0,100,Buy,226819236
2024-07-26 14:24:50,91800.0,500,Buy,226820246
2024-07-26 14:24:54,91800.0,1000,Buy,226820363
2024-07-26 14:24:59,91700.0,100,Sell,226820456
2024-07-26 14:25:15,91800.0,1000,Buy,226820946
2024-07-26 14:25:43,91700.0,1000,Sell,226822093
2024-07-26 14:26:07,91700.0,100,Sell,226822878
2024-07-26 14:26:22,91700.0,100,Sell,226823421
2024-07-26 14:26:42,91800.0,300,Buy,226824146
2024-07-26 14:26:55,91700.0,200,Sell,226824606
2024-07-26 14:27:09,91800.0,400,Buy,226825127
2024-07-26 14:27:25,91800.0,300,Buy,226825786
2024-07-26 14:27:49,91800.0,300,Buy,226826820
2024-07-26 14:28:12,91800.0,1000,Buy,226828132
2024-07-26 14:28:23,91800.0,1000,Buy,226828676
2024-07-26 14:28:36,91800.0,1500,Sell,226829295
2024-07-26 14:29:08,91900.0,500,Buy,226830912
2024-07-26 14:29:15,91900.0,500,Buy,226831357
2024-07-26 14:29:27,91900.0,100,Buy,226832261
2024-07-26 14:29:38,91900.0,100,Buy,226832851
2024-07-26 14:29:45,91900.0,500,Buy,226833282
2024-07-26 14:29:54,91900.0,100,Buy,226833790
2024-07-26 14:30:00,91900.0,500,Buy,226833843
2024-07-26 14:30:34,91900.0,500,Buy,226833889
2024-07-26 14:30:44,91900.0,300,Buy,226833904
2024-07-26 14:30:57,91900.0,500,Buy,226833920
2024-07-26 14:31:10,91900.0,500,Buy,226833937
2024-07-26 14:31:16,91900.0,800,Buy,226833942
2024-07-26 14:31:21,91900.0,500,Buy,226833951
2024-07-26 14:31:27,92000.0,1700,Buy,226833959
2024-07-26 14:31:29,92000.0,3500,Buy,226833962
2024-07-26 14:31:35,91900.0,100,Sell,226833971
2024-07-26 14:31:42,92000.0,1200,Buy,226833979
2024-07-26 14:31:46,92000.0,500,Buy,226833984
2024-07-26 14:32:01,92000.0,1000,Buy,226834001
2024-07-26 14:32:23,92000.0,500,ATO/ATC,226834028
2024-07-26 14:33:19,92000.0,400,Buy,226834093
2024-07-26 14:34:05,92100.0,200,Buy,226834142
2024-07-26 14:34:26,92100.0,200,Sell,226834169
2024-07-26 14:34:58,92200.0,100,Buy,226834214
2024-07-26 14:35:01,92000.0,100,Sell,226834217
2024-07-26 14:35:18,92000.0,100,Sell,226834240
2024-07-26 14:36:43,92000.0,500,Sell,226834324
2024-07-26 14:38:58,92100.0,500,ATO/ATC,226834452
2024-07-26 14:41:44,92000.0,100,Sell,226834597
2024-07-26 14:42:16,92100.0,200,Sell,226834631
2024-07-26 14:42:19,92500.0,3900,Buy,226834635
2024-07-26 14:42:52,92500.0,100,Buy,226834663
2024-07-26 14:44:13,92500.0,100,Buy,226834763
2024-07-26 14:45:15,92500.0,500,Buy,226835336
2024-07-26 14:45:46,92500.0,100,Buy,226835405
2024-07-26 14:45:51,92500.0,100,Buy,226835414
2024-07-26 14:45:53,92500.0,100,Buy,226835416
2024-07-26 14:50:49,92500.0,900,Buy,226835805
2024-07-26 14:51:15,92500.0,1400,Buy,226835836
2024-07-26 14:51:29,92500.0,500,ATO/ATC,226835858
2024-07-26 14:56:32,92500.0,100,Buy,226836207
2024-07-26 14:56:43,92600.0,100,Buy,226836225
2024-07-26 14:56:59,92700.0,300,Buy,226836245
2024-07-26 14:58:19,92500.0,600,Buy,226836389
2024-07-26 14:58:37,92500.0,1200,Buy,226836419
2024-07-26 14:58:45,92500.0,3000,Buy,226836436
